Product Name,Price,Unit Price,Image url
Soup Noodle Kit Laksa 405g,$4.99,$1.23 per 100 g,https://dm.apac.cms.aldi.cx/is/image/aldiprodapac/product/jpg/scaleWidth/232/fd938377-9b9c-4996-9550-0e399e0d1da0/Soup%20Noodle%20Kit%20Laksa%20405g
Green Asparagus Spears 330g,$3.29,$9.97 per 1 kg,https://dm.apac.cms.aldi.cx/is/image/aldiprodapac/product/jpg/scaleWidth/232/bf50d746-2999-4e9d-aef4-fc84bceaa9b7/Green%20Asparagus%20Spears%20330g
Nut Butter Bars Peanut Butter & Salted Caramel 5 Pack 175g,$3.39,$1.94 per 100 g,https://dm.apac.cms.aldi.cx/is/image/aldiprodapac/product/jpg/scaleWidth/232/76166807-a005-460c-85a5-4f93d9b99c9d/Nut%20Butter%20Bars%20Peanut%20Butter%20%20Salted%20Caramel%205%20Pack%20175g
Mild Hungarian Sliced Salami 100g,$2.49,$24.90 per 1 kg,https://dm.apac.cms.aldi.cx/is/image/aldiprodapac/product/jpg/scaleWidth/232/9129ba51-61b9-47d7-bf8d-2464bb933eff/Mild%20Hungarian%20Sliced%20Salami%20100g
Mango Pieces 1kg,$8.29,$8.29 per 1 kg,https://dm.apac.cms.aldi.cx/is/image/aldiprodapac/product/jpg/scaleWidth/232/ef8feeaa-8817-4d72-aafd-fa8259d604e8/Mango%20Pieces%201kg
Cling Wrap 60m,$1.39,$0.02 per 1 m,https://dm.apac.cms.aldi.cx/is/image/aldiprodapac/product/jpg/scaleWidth/232/9e777c28-d972-4936-b671-10558dc7b603/Cling%20Wrap%2060m
Tuna Chunks in Oil 95g,$1.09,$11.47 per 1 kg,https://dm.apac.cms.aldi.cx/is/image/aldiprodapac/product/jpg/scaleWidth/232/4172bfec-1c9b-4da4-8a7d-56bd0659677b/Tuna%20Chunks%20in%20Oil%2095g
Multipack Hommus Dip 3 Pack 65g,$2.19,$1.12 per 100 g,https://dm.apac.cms.aldi.cx/is/image/aldiprodapac/product/jpg/scaleWidth/232/d986a8c1-3246-49de-bcab-8a25177ae1fa/Multipack%20Hommus%20Dip%203%20Pack%2065g
Halloween Biscuits 165g,$3.99,$2.42 per 100 g,https://dm.apac.cms.aldi.cx/is/image/aldiprodapac/product/jpg/scaleWidth/232/a2fd98da-7537-4e06-8547-73466f8ea966/Halloween%20Biscuits%20165g
Salt Reduced Chicken Flavour Stock Cubes 21 Pack 105g,$2.49,$0.24 per 10 g,https://dm.apac.cms.aldi.cx/is/image/aldiprodapac/product/jpg/scaleWidth/232/f29e0e23-d71c-4f69-8d1d-f1ab3c4d483a/Salt%20Reduced%20Chicken%20Flavour%20Stock%20Cubes%2021%20Pack%20105g
Garlic 3 Pack,$2.99,$1.00 per 1 each,https://dm.apac.cms.aldi.cx/is/image/aldiprodapac/product/jpg/scaleWidth/232/9ebfaab5-0f3d-492e-a81b-418a6c81b731/Garlic%203%20Pack
Animal Shapes 8 Pack 160g,$3.99,$2.49 per 100 g,https://dm.apac.cms.aldi.cx/is/image/aldiprodapac/product/jpg/scaleWidth/232/d4b7882d-e3f9-4a77-b3bb-d88b45fdb0b9/Animal%20Shapes%208%20Pack%20160g
Original Beef Jerky 25g,$1.99,$79.60 per 1 kg,https://dm.apac.cms.aldi.cx/is/image/aldiprodapac/product/jpg/scaleWidth/232/a41233b0-b6c6-479a-9ea6-a18944301fd3/Original%20Beef%20Jerky%2025g
Instant Miso Soup Wakame & Chilli 4 Pack 60g,$1.99,$3.32 per 100 g,https://dm.apac.cms.aldi.cx/is/image/aldiprodapac/product/jpg/scaleWidth/232/f5000bd4-ca73-488f-86bd-2366485e384d/Instant%20Miso%20Soup%20Wakame%20%20Chilli%204%20Pack%2060g
Belgian Waffles 4 Pack 360g,$5.69,$1.58 per 100 g,https://dm.apac.cms.aldi.cx/is/image/aldiprodapac/product/jpg/scaleWidth/232/b095c2c9-8ee3-486e-adca-b36d3cef5bc6/Belgian%20Waffles%204%20Pack%20360g
Soft Moisturising Cream 300ml,$8.99,$3.00 per 100 ml,https://dm.apac.cms.aldi.cx/is/image/aldiprodapac/product/jpg/scaleWidth/232/f50eda44-af4e-446e-84b2-c8f6b9843a88/Soft%20Moisturising%20Cream%20300ml
Wheat Beer Bottle 500mL,$3.99,,https://dm.apac.cms.aldi.cx/is/image/aldiprodapac/product/jpg/scaleWidth/232/31113168-fd35-44ff-a8e3-4f3900a237a8/Wheat%20Beer%20Bottle%20500mL
Viva Wholemeal High Fibre Vitamins & Minerals Sandwich 700g,$2.99,$0.43 per 100 g,https://dm.apac.cms.aldi.cx/is/image/aldiprodapac/product/jpg/scaleWidth/232/077f906f-c4be-4094-808b-ce7419043ee4/Viva%20Wholemeal%20High%20Fibre%20Vitamins%20%20Minerals%20Sandwich%20700g
Light Milk 1L,$1.65,$1.65 per 1 L,https://dm.apac.cms.aldi.cx/is/image/aldiprodapac/product/jpg/scaleWidth/232/32f42bb6-aade-4192-a833-8c7e1895829b/Light%20Milk%201L
Summer Touch BB Cushion Compact with SPF 15,$12.99,$8.66 per 10 g,https://dm.apac.cms.aldi.cx/is/image/aldiprodapac/product/jpg/scaleWidth/232/7146c92c-1cbc-458a-b538-9c2b31dfb222/Summer%20Touch%20BB%20Cushion%20Compact%20with%20SPF%2015
Beef Stir Fry 500g,$9.69,$19.38 per 1 kg,https://dm.apac.cms.aldi.cx/is/content/aldiprodapac/1001860-2_COMING-SOON-GREYSCALE_RGB_OUTLINED_1200x1200
Apple And Blackcurrant Juice 2L,$2.59,$1.30 per 1 L,https://dm.apac.cms.aldi.cx/is/image/aldiprodapac/product/jpg/scaleWidth/232/e08435f0-2e60-4cf2-bc1c-cd401ad4fc32/Apple%20And%20Blackcurrant%20Juice%202L
Chunky Pet Mince 3kg,$14.49,$0.48 per 100 g,https://dm.apac.cms.aldi.cx/is/image/aldiprodapac/product/jpg/scaleWidth/232/c4f440dc-591b-489b-8cc4-4793f8bce1b6/Chunky%20Pet%20Mince%203kg
Decaffeinated Instant Coffee 100g,$4.99,$4.99 per 100 g,https://dm.apac.cms.aldi.cx/is/image/aldiprodapac/product/jpg/scaleWidth/232/cacd7437-968e-4fb9-bd0b-acda837aedb2/Decaffeinated%20Instant%20Coffee%20100g
Sparkling Cuv√©e NV 750ml,$17.99,,https://dm.apac.cms.aldi.cx/is/image/aldiprodapac/product/jpg/scaleWidth/232/d733bccf-ba25-4a93-8e1c-794416b93232/Sparkling%20Cuve%20NV%20750ml
Assorted Dog Loaf Food 380g,$1.99,$0.52 per 100 g,https://dm.apac.cms.aldi.cx/is/image/aldiprodapac/product/jpg/scaleWidth/232/036b4f39-5fc9-4a03-8144-a28ae81f594d/Assorted%20Dog%20Loaf%20Food%20380g
A3 Light Pad,$39.99,,https://dm.apac.cms.aldi.cx/is/image/aldiprodapac/product/jpg/scaleWidth/232/6c2a8e29-e9af-4289-b474-266a3e5e0bd5/A3%20Light%20Pad
Carbonara Pasta & Sauce 125g,$1.29,$1.03 per 100 g,https://dm.apac.cms.aldi.cx/is/image/aldiprodapac/product/jpg/scaleWidth/232/121ec6d9-2189-47c1-814f-9ef0c74aba15/Carbonara%20Pasta%20%20Sauce%20125g
Apple Sauce 250g,$2.49,$1.00 per 100 g,https://dm.apac.cms.aldi.cx/is/image/aldiprodapac/product/jpg/scaleWidth/232/b480a5c2-985c-4d7d-b1d2-e93945380798/Apple%20Sauce%20250g
Outdoor Bench Pad,$34.99,,https://dm.apac.cms.aldi.cx/is/image/aldiprodapac/product/jpg/scaleWidth/232/67de0556-6ca5-440f-86fd-56c4af39c8f6/Outdoor%20Bench%20Pad
Sweet Soy Sauce 500ml,$2.69,$0.54 per 100 ml,https://dm.apac.cms.aldi.cx/is/image/aldiprodapac/product/jpg/scaleWidth/232/490b2cad-5090-4f39-bf7a-cd1747dcf0b7/Sweet%20Soy%20Sauce%20500ml
Finest Dark Roasted Hazelnut 5 Pack 125g,$4.99,$3.99 per 100 g,https://dm.apac.cms.aldi.cx/is/image/aldiprodapac/product/jpg/scaleWidth/232/6694f712-44ca-4b41-b57e-160b841f1cc8/Finest%20Dark%20Roasted%20Hazelnut%205%20Pack%20125g
Sparkling Chardonnay Pinot Noir NV 750ml,$5.99,,https://dm.apac.cms.aldi.cx/is/image/aldiprodapac/product/jpg/scaleWidth/232/dfd25c2a-92f4-4950-accb-55e2625d674f/Sparkling%20Chardonnay%20Pinot%20Noir%20NV%20750ml
A2 Full Cream Milk 2L,$6.89,$3.45 per 1 L,https://dm.apac.cms.aldi.cx/is/image/aldiprodapac/product/jpg/scaleWidth/232/a652e235-3b47-4cad-b7d4-d153e48a87a4/A2%20Full%20Cream%20Milk%202L
Lactose Free Milk 1L,$2.99,$2.99 per 1 L,https://dm.apac.cms.aldi.cx/is/image/aldiprodapac/product/jpg/scaleWidth/232/4859c49d-689f-4c84-8ca4-3b7f217f368f/Lactose%20Free%20Milk%201L
Authentic Italian Passata 700g,$1.99,$0.28 per 100 g,https://dm.apac.cms.aldi.cx/is/image/aldiprodapac/product/jpg/scaleWidth/232/0a72d835-d24a-4a96-b11f-1a409b9f6fde/Authentic%20Italian%20Passata%20700g
Chocolate Fudge Honeycomb Flavoured Yogurt Mix Ins 140g,$2.69,$1.92 per 100 g,https://dm.apac.cms.aldi.cx/is/image/aldiprodapac/product/jpg/scaleWidth/232/a0bc053c-282a-4fc6-91fe-75d4ab1dc50e/Chocolate%20Fudge%20Honeycomb%20Flavoured%20Yogurt%20Mix%20Ins%20140g
Mango Simmer Sauce 450g,$3.99,$0.89 per 100 g,https://dm.apac.cms.aldi.cx/is/image/aldiprodapac/product/jpg/scaleWidth/232/c8876c21-971c-481a-aab2-248332e75408/Mango%20Simmer%20Sauce%20450g
Apple Raspberry No Added Sugar Cordial 1L,$2.99,$2.99 per 1 L,https://dm.apac.cms.aldi.cx/is/image/aldiprodapac/product/jpg/scaleWidth/232/d8d1a554-e1d5-45af-8e9a-90c4f75013b2/Apple%20Raspberry%20No%20Added%20Sugar%20Cordial%201L
Multipurpose Cleaner 5L,$18.99,$3.80 per 1 L,https://dm.apac.cms.aldi.cx/is/image/aldiprodapac/product/jpg/scaleWidth/232/f2b68193-f387-476f-81ce-4ee5f3156b66/Multipurpose%20Cleaner%205L
Parmesan Cheese Block 200g,$6.29,$31.45 per 1 kg,https://dm.apac.cms.aldi.cx/is/image/aldiprodapac/product/jpg/scaleWidth/232/d4537070-9bcc-44b3-8c0b-cdc0af8d7537/Parmesan%20Cheese%20Block%20200g
Tasty Shredded Cheese 250g,$4.49,$17.96 per 1 kg,https://dm.apac.cms.aldi.cx/is/image/aldiprodapac/product/jpg/scaleWidth/232/171b7f30-896f-4217-bd2b-83deca5ad654/Tasty%20Shredded%20Cheese%20250g
Barista Oat Milk 1L,$2.99,$2.99 per 1 L,https://dm.apac.cms.aldi.cx/is/image/aldiprodapac/product/jpg/scaleWidth/232/e93612f0-3a05-4538-b188-2ec9ace0b9e8/Barista%20Oat%20Milk%201L
Pink Grapefruit Gin 700mL,$49.99,,https://dm.apac.cms.aldi.cx/is/image/aldiprodapac/product/jpg/scaleWidth/232/83bdffa8-450b-4268-ad5e-43250437c926/Pink%20Grapefruit%20Gin%20700mL
Assorted Women's Anti-Perspirant Deodorant 121g/130g,$4.99,$4.12 per 100 g,https://dm.apac.cms.aldi.cx/is/image/aldiprodapac/product/jpg/scaleWidth/232/59e24ab8-c870-4a48-91d0-76390bb241dc/Assorted%20Womens%20AntiPerspirant%20Deodorant%20121g130g
Diced Walnuts 250g,$4.99,$19.96 per 1 kg,https://dm.apac.cms.aldi.cx/is/image/aldiprodapac/product/jpg/scaleWidth/232/db5a4c51-07c2-43fa-81cb-b7fa6061ce36/Diced%20Walnuts%20250g
Potato Salad 800g,$5.99,$7.49 per 1 kg,https://dm.apac.cms.aldi.cx/is/image/aldiprodapac/product/jpg/scaleWidth/232/82a6f22f-09b1-415d-875d-bd7958f8f9db/Potato%20Salad%20800g
Assorted Tampons 16 Pack,$1.79,$0.11 per 1 each,https://dm.apac.cms.aldi.cx/is/image/aldiprodapac/product/jpg/scaleWidth/232/087c6ff0-7982-40ca-9dee-dcb5c5cf465b/Assorted%20Tampons%2016%20Pack
Laundry Liquid 1L,$5.99,$5.99 per 1 L,https://dm.apac.cms.aldi.cx/is/image/aldiprodapac/product/jpg/scaleWidth/232/3615e579-0c86-4eb1-94b0-3bb0d76abc80/Laundry%20Liquid%201L
Royal Gala Apples 1kg,$5.99,$5.99 per 1 kg,https://dm.apac.cms.aldi.cx/is/image/aldiprodapac/product/jpg/scaleWidth/232/77ad23a7-45bc-4268-81a4-0176569fe4f3/Royal%20Gala%20Apples%201kg
Frogs Alive 280g,$4.49,$1.60 per 100 g,https://dm.apac.cms.aldi.cx/is/image/aldiprodapac/product/jpg/scaleWidth/232/b4e80c63-b1d3-41d7-83e8-f7df54d95553/Frogs%20Alive%20280g
Shortbread Cream Biscuits 250g,$3.49,$1.40 per 100 g,https://dm.apac.cms.aldi.cx/is/image/aldiprodapac/product/jpg/scaleWidth/232/dcb61f99-7749-4cf6-8205-e91123a38532/Shortbread%20Cream%20Biscuits%20250g
Energy Drink Pine Lime 99% Sugar Free 500ml,$1.99,$3.98 per 1 L,https://dm.apac.cms.aldi.cx/is/image/aldiprodapac/product/jpg/scaleWidth/232/47967489-74e5-42d3-b8dc-cb680c23d702/Energy%20Drink%20Pine%20Lime%2099%25%20Sugar%20Free%20500ml
Nutella 400g,$6.69,$1.67 per 100 g,https://dm.apac.cms.aldi.cx/is/image/aldiprodapac/product/jpg/scaleWidth/232/fb6cf6e2-54f8-4b05-a8c0-f06af2a6ef2b/Nutella%20400g
RSPCA Approved Chicken Thigh Bulk,$15.03,$12.99 per 1 kg,https://dm.apac.cms.aldi.cx/is/image/aldiprodapac/product/jpg/scaleWidth/232/38e00b63-eae8-4da7-9371-d286091455bb/RSPCA%20Approved%20Chicken%20Thigh%20Bulk
White Choc & Raspberry Oat Bars 6 Pack 240g,$2.99,$1.25 per 100 g,https://dm.apac.cms.aldi.cx/is/image/aldiprodapac/product/jpg/scaleWidth/232/a89b3524-4b8d-4aa5-ae5a-9719ac579fb1/White%20Choc%20%20Raspberry%20Oat%20Bars%206%20Pack%20240g
Chest of 6 Drawers,$149.00,,https://dm.apac.cms.aldi.cx/is/image/aldiprodapac/product/jpg/scaleWidth/232/d837551b-93f3-42ef-bf7a-7ec95840809b/Chest%20of%206%20Drawers
Reserve Marlborough Sauvignon Blanc 750ml,$12.99,,https://dm.apac.cms.aldi.cx/is/image/aldiprodapac/product/jpg/scaleWidth/232/25726970-444f-413e-9f7b-d088ae9a9c76/Reserve%20Marlborough%20Sauvignon%20Blanc%20750ml
Crunchy Corn Taco Shells 12 Pack 156g,$2.99,$1.92 per 100 g,https://dm.apac.cms.aldi.cx/is/image/aldiprodapac/product/jpg/scaleWidth/232/6e5785c8-cf2d-4526-99b6-7c950cadb3da/Crunchy%20Corn%20Taco%20Shells%2012%20Pack%20156g
Thai Green Curry Paste 195g,$1.99,$1.02 per 100 g,https://dm.apac.cms.aldi.cx/is/image/aldiprodapac/product/jpg/scaleWidth/232/00e76003-a7a1-4ca6-92e1-388166c4f177/Thai%20Green%20Curry%20Paste%20195g
Beef Stroganoff 350g,$8.99,$2.57 per 100 g,https://dm.apac.cms.aldi.cx/is/image/aldiprodapac/product/jpg/scaleWidth/232/b6333da2-9d56-46c6-8d59-5dc24e962802/Beef%20Stroganoff%20350g
Fruit Free Nut Bars 6 Pack 210g,$2.89,$1.38 per 100 g,https://dm.apac.cms.aldi.cx/is/image/aldiprodapac/product/jpg/scaleWidth/232/20a57b2a-0445-4841-9453-1dad75ea7850/Fruit%20Free%20Nut%20Bars%206%20Pack%20210g
Chilli & Garlic Stuffed Green Olives 130g,$3.29,$2.53 per 100 g,https://dm.apac.cms.aldi.cx/is/image/aldiprodapac/product/jpg/scaleWidth/232/6de70604-5c87-47e9-9568-eea561b62c6d/Chilli%20%20Garlic%20Stuffed%20Green%20Olives%20130g
Soy Milk 1L,$4.49,$4.49 per 1 L,https://dm.apac.cms.aldi.cx/is/image/aldiprodapac/product/jpg/scaleWidth/232/42ff8a37-78b4-41b4-b723-40631f08d84a/Soy%20Milk%201L
20V Line Trimmer Skin,$49.99,,https://dm.apac.cms.aldi.cx/is/content/aldiprodapac/1001860-2_COMING-SOON-GREYSCALE_RGB_OUTLINED_1200x1200
Corn Kernels 420g,$1.09,$2.60 per 1 kg,https://dm.apac.cms.aldi.cx/is/image/aldiprodapac/product/jpg/scaleWidth/232/68ad9b17-7141-4b15-becc-ead9386145e9/Corn%20Kernels%20420g
Chicken Breast Chips 1kg,$8.99,$8.99 per 1 kg,https://dm.apac.cms.aldi.cx/is/image/aldiprodapac/product/jpg/scaleWidth/232/7aa5d9d7-5f05-4b65-bbb4-a658ba1182af/Chicken%20Breast%20Chips%201kg
Orange Mango Drink 3L,$3.99,$1.33 per 1 L,https://dm.apac.cms.aldi.cx/is/image/aldiprodapac/product/jpg/scaleWidth/232/3ca24f07-63bf-4427-85d9-e7740a91d8c9/Orange%20Mango%20Drink%203L
White Sandwich Sliced Bread 650g,$2.29,$0.35 per 100 g,https://dm.apac.cms.aldi.cx/is/image/aldiprodapac/product/jpg/scaleWidth/232/a2373bab-eb58-4075-9464-68c4d3d0d12d/White%20Sandwich%20Sliced%20Bread%20650g
White Toast Sliced Bread 650g,$2.59,$0.40 per 100 g,https://dm.apac.cms.aldi.cx/is/image/aldiprodapac/product/jpg/scaleWidth/232/c0facebd-dccd-419f-a5e4-75523e7d3bc9/White%20Toast%20Sliced%20Bread%20650g
Mozzarella Thin Crust Vegetarian Pizza 335g,$5.99,$1.79 per 100 g,https://dm.apac.cms.aldi.cx/is/image/aldiprodapac/product/jpg/scaleWidth/232/48240884-9d07-4330-a3da-5b126d090dce/Mozzarella%20Thin%20Crust%20Vegetarian%20Pizza%20335g
Organic Full Cream Long Life Milk 1L,$2.25,$2.25 per 1 L,https://dm.apac.cms.aldi.cx/is/image/aldiprodapac/product/jpg/scaleWidth/232/437c174a-ddd9-4b6a-bf36-e7ff27b8bb21/Organic%20Full%20Cream%20Long%20Life%20Milk%201L
Protein Oat Bars Choc Chip Coconut 5 Pack 200g,$4.49,$2.25 per 100 g,https://dm.apac.cms.aldi.cx/is/image/aldiprodapac/product/jpg/scaleWidth/232/4b6fe2f1-2481-49de-b2e0-7a742f5db9be/Protein%20Oat%20Bars%20Choc%20Chip%20Coconut%205%20Pack%20200g
Assorted Children's Beach Poncho,$14.99,,https://dm.apac.cms.aldi.cx/is/image/aldiprodapac/product/jpg/scaleWidth/232/f483edcf-98ac-4945-b570-31b6f6b001d9/Assorted%20Childrens%20Beach%20Poncho
Coca-Cola Classic Soft Drink Multipack 6x375mL.,$8.49,$3.77 per 1 L,https://dm.apac.cms.aldi.cx/is/image/aldiprodapac/product/jpg/scaleWidth/232/ae3eedf5-27e0-42c7-9498-9a3258166dee/CocaCola%20Classic%20Soft%20Drink%20Multipack%206x375mL.
Sweet Chilli & Sour Cream Flavoured Deli Style Potato Chips 175g,$2.99,$1.71 per 100 g,https://dm.apac.cms.aldi.cx/is/image/aldiprodapac/product/jpg/scaleWidth/232/95331eb9-0724-4b95-a906-7290c543543a/Sweet%20Chilli%20%20Sour%20Cream%20Flavoured%20Deli%20Style%20Potato%20Chips%20175g
Tempura Prawns 10 Pack 180g,$3.99,$22.17 per 1 kg,https://dm.apac.cms.aldi.cx/is/image/aldiprodapac/product/jpg/scaleWidth/232/b9206f26-d951-4050-9a76-a11b9994a2bc/Tempura%20Prawns%2010%20Pack%20180g
Wafer Sticks 128g,$2.99,$2.34 per 100 g,https://dm.apac.cms.aldi.cx/is/image/aldiprodapac/product/jpg/scaleWidth/232/6c1480c8-1b0b-44af-91a7-93b0ff032a56/Wafer%20Sticks%20128g
Recycled Paper Cat Litter 15L,$13.99,$0.93 per 1 L,https://dm.apac.cms.aldi.cx/is/image/aldiprodapac/product/jpg/scaleWidth/232/16b5dc11-c12d-44db-8fe0-2545e59078d8/Recycled%20Paper%20Cat%20Litter%2015L
Iodised Table Salt 750g,$2.99,$0.04 per 10 g,https://dm.apac.cms.aldi.cx/is/image/aldiprodapac/product/jpg/scaleWidth/232/50c83ead-c663-4737-83c4-59fcc8984497/Iodised%20Table%20Salt%20750g
Tuscan Meatballs Recipe Base 175g,$2.49,$1.42 per 100 g,https://dm.apac.cms.aldi.cx/is/image/aldiprodapac/product/jpg/scaleWidth/232/fe3e58fd-1bc0-4755-aeed-3ee8e1616b67/Tuscan%20Meatballs%20Recipe%20Base%20175g
Mix 300g,$5.99,$2.00 per 100 g,https://dm.apac.cms.aldi.cx/is/image/aldiprodapac/product/jpg/scaleWidth/232/4b449b26-4b9f-4f5d-bc53-601815745827/Mix%20300g
Sweet & Creamy Greek Style Yogurt 1kg,$6.49,$0.65 per 100 g,https://dm.apac.cms.aldi.cx/is/image/aldiprodapac/product/jpg/scaleWidth/232/f3bd720c-5e5b-4307-bfe9-e566bc15850e/Sweet%20%20Creamy%20Greek%20Style%20Yogurt%201kg
Fresh Tasmanian Salmon Lemon & Herb Crumb 4 Pack 500g,$17.99,$35.98 per 1 kg,https://dm.apac.cms.aldi.cx/is/image/aldiprodapac/product/jpg/scaleWidth/232/d443fbf8-fb29-4da8-888e-72d859b40219/Fresh%20Tasmanian%20Salmon%20Lemon%20%20Herb%20Crumb%204%20Pack%20500g
Assorted Dishwashing Liquid 500ml,$2.89,$0.58 per 100 ml,https://dm.apac.cms.aldi.cx/is/image/aldiprodapac/product/jpg/scaleWidth/232/570cd0d5-b678-486f-a5d7-89f1593fed4e/Assorted%20Dishwashing%20Liquid%20500ml
Premium Strawberries 350g,$5.49,$15.69 per 1 kg,https://dm.apac.cms.aldi.cx/is/image/aldiprodapac/product/jpg/scaleWidth/232/b7ab3996-2f2e-40b4-aead-f041685057bb/Premium%20Strawberries%20350g
Mozzarella Shredded Cheese 500g,$6.29,$12.58 per 1 kg,https://dm.apac.cms.aldi.cx/is/image/aldiprodapac/product/jpg/scaleWidth/232/1624b7be-c9ad-4197-a2eb-6440d3c78135/Mozzarella%20Shredded%20Cheese%20500g
Tortilla Strips White Corn 230g,$2.99,$1.30 per 100 g,https://dm.apac.cms.aldi.cx/is/image/aldiprodapac/product/jpg/scaleWidth/232/79a57017-d838-48db-9b90-15401cfb5241/Tortilla%20Strips%20White%20Corn%20230g
Vanilla Yogurt 1kg,$3.79,$0.38 per 100 g,https://dm.apac.cms.aldi.cx/is/image/aldiprodapac/product/jpg/scaleWidth/232/358d14b5-02d3-4d13-98ff-2064724aa396/Vanilla%20Yogurt%201kg
Korean Seaweed Snack 6 Pack 5g,$3.99,$13.30 per 100 g,https://dm.apac.cms.aldi.cx/is/image/aldiprodapac/product/jpg/scaleWidth/232/16ea0333-8985-45e0-8652-bfa8535dc45d/Korean%20Seaweed%20Snack%206%20Pack%205g
Margaret River Cabernet Sauvignon 750ml,$19.99,,https://dm.apac.cms.aldi.cx/is/image/aldiprodapac/product/jpg/scaleWidth/232/25505614-34e4-40de-aedc-6068de393d31/Margaret%20River%20Cabernet%20Sauvignon%20750ml
Light Thickened Cream 300ml,$3.19,$1.06 per 100 ml,https://dm.apac.cms.aldi.cx/is/image/aldiprodapac/product/jpg/scaleWidth/232/309d0354-7d62-4ad4-b8e4-fa0a8d547208/Light%20Thickened%20Cream%20300ml
Hyaluron Lip Moisture Balm 5.2g,$3.49,$6.71 per 10 g,https://dm.apac.cms.aldi.cx/is/image/aldiprodapac/product/jpg/scaleWidth/232/d47ab4a1-e31b-4823-9f2c-879f9e5eef3a/Hyaluron%20Lip%20Moisture%20Balm%205.2g
Aussie BBQ Style Nut & Snack Mix 200g,$3.49,$17.45 per 1 kg,https://dm.apac.cms.aldi.cx/is/image/aldiprodapac/product/jpg/scaleWidth/232/5ac64ce8-a247-4cfc-aa95-3b1ac3a985ad/Aussie%20BBQ%20Style%20Nut%20%20Snack%20Mix%20200g
Butternut Snap Cookies 200g,$1.99,$1.00 per 100 g,https://dm.apac.cms.aldi.cx/is/image/aldiprodapac/product/jpg/scaleWidth/232/ec221a4a-80ef-4b40-baeb-b816a5b2b5e8/Butternut%20Snap%20Cookies%20200g
Chilli Ground 41g,$2.09,$0.51 per 10 g,https://dm.apac.cms.aldi.cx/is/image/aldiprodapac/product/jpg/scaleWidth/232/e34709be-1701-4120-a0aa-00f685b266bd/Chilli%20Ground%2041g
Raw Prawn Cutlets 500g,$15.99,$31.98 per 1 kg,https://dm.apac.cms.aldi.cx/is/image/aldiprodapac/product/jpg/scaleWidth/232/1e4d44be-906b-4b9e-b0b0-7744a66b3e8c/Raw%20Prawn%20Cutlets%20500g
Sunny Pikelets 8 Pack 200g,$2.29,$0.29 per 1 each,https://dm.apac.cms.aldi.cx/is/image/aldiprodapac/product/jpg/scaleWidth/232/863563ca-0430-49cc-a2ff-3de5cac11396/Sunny%20Pikelets%208%20Pack%20200g
Disposable Razor 4 Pack,$2.99,,https://dm.apac.cms.aldi.cx/is/image/aldiprodapac/product/jpg/scaleWidth/232/51ccf332-fe20-455d-ab55-5fb87b723d90/Disposable%20Razor%204%20Pack
Protein Smoothie Mix Strawberry 450g,$5.99,$13.31 per 1 kg,https://dm.apac.cms.aldi.cx/is/image/aldiprodapac/product/jpg/scaleWidth/232/825b0851-63f3-493c-bf1a-4c2ad1dce380/Protein%20Smoothie%20Mix%20Strawberry%20450g
LED Ceiling Fan with Remote,$149.00,,https://dm.apac.cms.aldi.cx/is/image/aldiprodapac/product/jpg/scaleWidth/232/cbf80dd4-ecd6-474c-b1db-e44e606a0992/LED%20Ceiling%20Fan%20with%20Remote
Creamy Carbonara Pasta Sauce 425g,$3.99,$0.94 per 100 g,https://dm.apac.cms.aldi.cx/is/image/aldiprodapac/product/jpg/scaleWidth/232/16928255-4356-403e-9e0f-b725d7af1de9/Creamy%20Carbonara%20Pasta%20Sauce%20425g
Total Original Active Prevention Toothpaste 220g,$6.29,$2.86 per 100 g,https://dm.apac.cms.aldi.cx/is/image/aldiprodapac/product/jpg/scaleWidth/232/de2237ff-b470-4c18-80b8-a02166a4ade2/Total%20Original%20Active%20Prevention%20Toothpaste%20220g
Premium Plum Jam 360g,$2.99,$0.83 per 100 g,https://dm.apac.cms.aldi.cx/is/image/aldiprodapac/product/jpg/scaleWidth/232/e3ec5464-c051-415f-90ee-5c92c01f1bbc/Premium%20Plum%20%20Jam%20360g
Deluxe Gazebo 3m x 3m,$149.00,,https://dm.apac.cms.aldi.cx/is/image/aldiprodapac/product/jpg/scaleWidth/232/e87d767c-d678-4686-a78a-d0a024281ec4/Deluxe%20Gazebo%203m%20x%203m
Shin Ramyun Noodles 4 Pack 480g,$4.99,$1.04 per 100 g,https://dm.apac.cms.aldi.cx/is/image/aldiprodapac/product/jpg/scaleWidth/232/67dc0461-2f43-489c-b92d-fc30d819be14/Shin%20Ramyun%20Noodles%204%20Pack%20480g
Assorted Utensils,$5.99,,https://dm.apac.cms.aldi.cx/is/image/aldiprodapac/product/jpg/scaleWidth/232/0912a934-f880-46f0-8c05-8084916c69c0/Assorted%20Utensils
Maoam Joystixx 400g,$4.99,$1.25 per 100 g,https://dm.apac.cms.aldi.cx/is/image/aldiprodapac/product/jpg/scaleWidth/232/a6cb25e8-6a32-47d7-bee4-76305fb4f95e/Maoam%20Joystixx%20400g
Pancakes 10 Pack 350g,$5.49,$1.57 per 100 g,https://dm.apac.cms.aldi.cx/is/image/aldiprodapac/product/jpg/scaleWidth/232/dbae8743-9d83-4301-a39c-77c0defd12fa/Pancakes%2010%20Pack%20350g
BBQ Smokey Beef 360g,$6.99,$1.94 per 100 g,https://dm.apac.cms.aldi.cx/is/image/aldiprodapac/product/jpg/scaleWidth/232/5a04017a-262c-44c7-94d3-4d01a97fa93a/BBQ%20Smokey%20Beef%20360g
Dijon Mustard 190g,$2.29,$1.21 per 100 g,https://dm.apac.cms.aldi.cx/is/image/aldiprodapac/product/jpg/scaleWidth/232/8bdef74f-c8c0-4050-bfcb-25337282bc9b/Dijon%20Mustard%20190g
Premium Burger Buns 4 Pack 360g,$3.29,$0.82 per 1 each,https://dm.apac.cms.aldi.cx/is/image/aldiprodapac/product/jpg/scaleWidth/232/458459de-d3a9-4e1b-b489-575de24e74aa/Premium%20Burger%20Buns%204%20Pack%20360g
Thyme Leaves 25g,$2.69,$1.08 per 10 g,https://dm.apac.cms.aldi.cx/is/image/aldiprodapac/product/jpg/scaleWidth/232/5aefe4e7-9a22-45bc-835e-6e5ec8b64c20/Thyme%20Leaves%2025g
Smoked Oysters in Chilli Oil 85g,$1.39,$16.35 per 1 kg,https://dm.apac.cms.aldi.cx/is/image/aldiprodapac/product/jpg/scaleWidth/232/8e5dcd4b-cf04-445e-b78c-cb9687580a8f/Smoked%20Oysters%20in%20Chilli%20Oil%2085g
Apple & Blackcurrant Juice 2L,$4.69,$2.35 per 1 L,https://dm.apac.cms.aldi.cx/is/image/aldiprodapac/product/jpg/scaleWidth/232/dd171623-6f22-4699-ab57-b75505da3d2c/Apple%20%20Blackcurrant%20Juice%202L
Sunscreen Lotion SPF50+ Everyday 100ml,$3.99,$3.99 per 100 ml,https://dm.apac.cms.aldi.cx/is/image/aldiprodapac/product/jpg/scaleWidth/232/50bf8acd-c4cc-43fb-be7c-af739f89e6d9/Sunscreen%20Lotion%20SPF50%20Everyday%20100ml
BBQ Box 1.95kg,$35.99,$18.46 per 1 kg,https://dm.apac.cms.aldi.cx/is/image/aldiprodapac/product/jpg/scaleWidth/232/1f94b7cb-330a-4ccf-a3e5-ecc6a000208c/BBQ%20Box%201.95kg
Tomato Juice 2L,$2.59,$1.30 per 1 L,https://dm.apac.cms.aldi.cx/is/image/aldiprodapac/product/jpg/scaleWidth/232/25a22ff3-1330-4864-b580-37161a739a5c/Tomato%20Juice%202L
"CHOCEUR, Chocr Filled&White AU4, dark choc marz",$4.99,$2.43 per 100 g,https://dm.apac.cms.aldi.cx/is/content/aldiprodapac/1001860-2_COMING-SOON-GREYSCALE_RGB_OUTLINED_1200x1200
German Bread 500g,$3.69,$0.74 per 100 g,https://dm.apac.cms.aldi.cx/is/image/aldiprodapac/product/jpg/scaleWidth/232/cf4886ba-2ef4-4324-9dd0-e827278d3f0b/German%20Bread%20500g
Pale Ale 4 Pack,$16.99,,https://dm.apac.cms.aldi.cx/is/image/aldiprodapac/product/jpg/scaleWidth/232/ffa8e882-7ae6-4fc5-a50d-f7c6eced094f/Pale%20Ale%204%20Pack
Ceramide Cream 500g,$12.99,$2.60 per 100 g,https://dm.apac.cms.aldi.cx/is/image/aldiprodapac/product/jpg/scaleWidth/232/404c4b25-f813-4956-a81a-a8f4b98cc6c4/Ceramide%20Cream%20500g
Shiraz Cask 2L,$7.89,,https://dm.apac.cms.aldi.cx/is/image/aldiprodapac/product/jpg/scaleWidth/232/121564a1-7b6c-42ea-b114-0dd0101aa87f/Shiraz%20Cask%202L
Original Instant Coffee 200g,$8.99,$4.50 per 100 g,https://dm.apac.cms.aldi.cx/is/image/aldiprodapac/product/jpg/scaleWidth/232/47e53a2d-d5a2-4497-a844-ac4889d87686/Original%20Instant%20Coffee%20200g
Streaky Bacon 200g,$3.99,$19.95 per 1 kg,https://dm.apac.cms.aldi.cx/is/image/aldiprodapac/product/jpg/scaleWidth/232/87afdabb-e38d-421a-a5fb-e6cbd4e7ba82/Streaky%20Bacon%20200g
Infused Beef Brisket,$19.19,$15.99 per 1 kg,https://dm.apac.cms.aldi.cx/is/image/aldiprodapac/product/jpg/scaleWidth/232/339e72d0-43d2-4e27-876f-6d116ed94a02/Infused%20Beef%20Brisket
Sardines in Springwater 110g,$1.59,$14.45 per 1 kg,https://dm.apac.cms.aldi.cx/is/image/aldiprodapac/product/jpg/scaleWidth/232/fad896e7-4e6c-480a-9344-fd2c80cb0726/Sardines%20in%20Springwater%20110g
Free Range Boneless Butterflied Chicken,$13.46,$13.47 per 1 kg,https://dm.apac.cms.aldi.cx/is/image/aldiprodapac/product/jpg/scaleWidth/232/fd0b25c9-84ad-4581-ad63-3ac28b06ff49/Free%20Range%20Boneless%20Butterflied%20Chicken
Mild Milano Sliced Salami 100g,$3.79,$37.90 per 1 kg,https://dm.apac.cms.aldi.cx/is/image/aldiprodapac/product/jpg/scaleWidth/232/98255817-879f-4cdf-be5d-2a4e9c781e64/Mild%20Milano%20Sliced%20Salami%20100g
Iced Donuts 6 Pack 330g,$3.25,$0.54 per 1 each,https://dm.apac.cms.aldi.cx/is/image/aldiprodapac/product/jpg/scaleWidth/232/2b90f568-09cf-4fbe-bb91-3ae6ae313f03/Iced%20Donuts%206%20Pack%20330g
Fig Glaze Balsamic Vinegar of Modena 250ml,$4.49,$1.80 per 100 ml,https://dm.apac.cms.aldi.cx/is/image/aldiprodapac/product/jpg/scaleWidth/232/29d60bad-fadc-4863-854d-7d3c1d239532/Fig%20Glaze%20Balsamic%20Vinegar%20of%20Modena%20250ml
Kanzi Apples Loose,$1.22/0.18 kg,$6.99 per 1 kg,https://dm.apac.cms.aldi.cx/is/image/aldiprodapac/product/jpg/scaleWidth/232/d00374c3-febe-4319-b15e-8498445654a5/Kanzi%20Apples%20Loose
Push Pops 15g,$1.69,$11.27 per 100 g,https://dm.apac.cms.aldi.cx/is/image/aldiprodapac/product/jpg/scaleWidth/232/8c9293c6-deb5-44c1-af33-7f7cd9707bcc/Push%20Pops%2015g
"Beef, Bacon Sausage Rolls 460g",$7.49,$16.28 per 1 kg,https://dm.apac.cms.aldi.cx/is/image/aldiprodapac/product/jpg/scaleWidth/232/1548b1a7-490c-48c7-99a4-0ab7cf2e5222/Beef%20Bacon%20Sausage%20Rolls%20460g
Baby Peas 1kg,$4.39,$4.39 per 1 kg,https://dm.apac.cms.aldi.cx/is/image/aldiprodapac/product/jpg/scaleWidth/232/9aa1bc50-32c1-47cb-85fc-3c704c504f2f/Baby%20Peas%201kg
Mild Chilli Flavoured Mayonnaise 252g,$1.99,$0.79 per 100 g,https://dm.apac.cms.aldi.cx/is/image/aldiprodapac/product/jpg/scaleWidth/232/83b9f9a0-c61d-416a-8fe8-a74c720cddf7/Mild%20Chilli%20Flavoured%20Mayonnaise%20252g
Wooden Kitchen,$49.99,,https://dm.apac.cms.aldi.cx/is/image/aldiprodapac/product/jpg/scaleWidth/232/3a71fd91-8a44-4401-b6b1-76b40748c857/Wooden%20Kitchen
Protein Yogurt Strawberry 160g,$2.19,$1.37 per 100 g,https://dm.apac.cms.aldi.cx/is/image/aldiprodapac/product/jpg/scaleWidth/232/45422776-e18c-46cf-8d6b-45fdeca19903/Protein%20Yogurt%20Strawberry%20160g
Sport Sunscreen SPF50+ 500ml,$8.69,$1.74 per 100 ml,https://dm.apac.cms.aldi.cx/is/image/aldiprodapac/product/jpg/scaleWidth/232/7c3dec80-0816-42cb-bb35-c1c9204d2724/Sport%20Sunscreen%20SPF50%20500ml
Outdoor Cushion,$14.99,,https://dm.apac.cms.aldi.cx/is/image/aldiprodapac/product/jpg/scaleWidth/232/17c7cf92-fbb6-46a9-9a40-83f42590bf2e/Outdoor%20Cushion
Rice Cracker Snack Multipack 12 Pack 240g,$3.99,$1.66 per 100 g,https://dm.apac.cms.aldi.cx/is/image/aldiprodapac/product/jpg/scaleWidth/232/6664287b-f1ad-499f-80fd-5e1279de905d/Rice%20Cracker%20Snack%20Multipack%2012%20Pack%20240g
Gluten Free Wholemeal Loaf 450g,$4.99,$1.11 per 100 g,https://dm.apac.cms.aldi.cx/is/image/aldiprodapac/product/jpg/scaleWidth/232/c7d41ee3-2c95-47be-964f-298cd7353f24/Gluten%20Free%20%20Wholemeal%20Loaf%20450g
Organic Black Tea Bags 50 Pack 100g,$2.99,$0.06 per 1 each,https://dm.apac.cms.aldi.cx/is/image/aldiprodapac/product/jpg/scaleWidth/232/81cd93ac-bc4f-4a20-b008-86aae0169557/Organic%20Black%20Tea%20Bags%2050%20Pack%20100g
High Protein Buns 2 Pack 120g,$2.99,$1.50 per 1 each,https://dm.apac.cms.aldi.cx/is/image/aldiprodapac/product/jpg/scaleWidth/232/a7f02283-6a52-4190-8ce6-c353856168ee/High%20Protein%20Buns%202%20Pack%20120g
Pepperoni Pizza Calzones 12 Pack 240g,$4.99,$2.08 per 100 g,https://dm.apac.cms.aldi.cx/is/image/aldiprodapac/product/jpg/scaleWidth/232/873f6d21-3272-45e1-b23f-449f36fbd390/Pepperoni%20Pizza%20Calzones%2012%20Pack%20240g
Dubai Chocolate 122g,$7.99,,https://dm.apac.cms.aldi.cx/is/image/aldiprodapac/product/jpg/scaleWidth/232/201486cb-46d2-4b8d-85bc-041c564b3c40/Dubai%20Chocolate%20122g
Guava Vodka Crush 4x275ml,$12.99,,https://dm.apac.cms.aldi.cx/is/image/aldiprodapac/product/jpg/scaleWidth/232/25147590-c3f7-4665-b24e-9a3ae75ecae0/Guava%20Vodka%20Crush%204x275ml
Beef Sizzle Steak,$11.20,$27.99 per 1 kg,https://dm.apac.cms.aldi.cx/is/image/aldiprodapac/product/jpg/scaleWidth/232/18563166-92e6-4eab-b963-c15c76718530/Beef%20Sizzle%20Steak
Spaghetti Bolognese 375g,$3.69,$0.98 per 100 g,https://dm.apac.cms.aldi.cx/is/image/aldiprodapac/product/jpg/scaleWidth/232/b97c624c-0b20-4ab5-921f-b2493c14e6e2/Spaghetti%20Bolognese%20375g
Juniors First Aid 28 Piece Kit,$6.99,$0.25 per 1 each,https://dm.apac.cms.aldi.cx/is/image/aldiprodapac/product/jpg/scaleWidth/232/b9b069e2-00a7-43e0-9df8-16e2baaa8ae4/Juniors%20First%20Aid%2028%20Piece%20Kit
BBQ RSPCA Approved Chicken Kebabs 800g,$11.29,$14.11 per 1 kg,https://dm.apac.cms.aldi.cx/is/image/aldiprodapac/product/jpg/scaleWidth/232/6cc96e6a-1f2d-4031-b818-9b3c8d65bc88/BBQ%20RSPCA%20Approved%20Chicken%20Kebabs%20800g
Sweet & Sour Pork Meal Kit 800g,$14.99,$18.74 per 1 kg,https://dm.apac.cms.aldi.cx/is/image/aldiprodapac/product/jpg/scaleWidth/232/8cdd3b62-20f0-43c6-83cd-e2e268a7c674/Sweet%20%20Sour%20Pork%20Meal%20Kit%20800g
Natural Australian Spring Water 24x350ml,$9.49,$1.13 per 1 L,https://dm.apac.cms.aldi.cx/is/image/aldiprodapac/product/jpg/scaleWidth/232/b37e4aa7-08b4-4034-b181-781a9226ed4f/Natural%20Australian%20Spring%20Water%2024x350ml
Grain Free Dry Dog Food 2.5kg,$14.99,$0.60 per 100 g,https://dm.apac.cms.aldi.cx/is/image/aldiprodapac/product/jpg/scaleWidth/232/1f86cb10-63d6-480e-b8dc-da0d1031a9f2/Grain%20Free%20Dry%20Dog%20Food%202.5kg
Aloe Vera Facial Tissues 120 Pack,$1.99,$1.66 per 100 sheets,https://dm.apac.cms.aldi.cx/is/image/aldiprodapac/product/jpg/scaleWidth/232/37f25740-6499-4773-91b7-fd88ef70508e/Aloe%20Vera%20Facial%20Tissues%20120%20Pack
Smoked Flavoured Salmon 95g,$1.49,$15.68 per 1 kg,https://dm.apac.cms.aldi.cx/is/image/aldiprodapac/product/jpg/scaleWidth/232/2e89728e-1dea-4ca0-8cad-846b66e3ca16/Smoked%20Flavoured%20Salmon%2095g
Black Peppercorn Grinder 50g,$3.69,$0.74 per 10 g,https://dm.apac.cms.aldi.cx/is/image/aldiprodapac/product/jpg/scaleWidth/232/b22369b3-f844-4105-9cd9-91906af7704b/Black%20Peppercorn%20Grinder%2050g
True Wireless Earbuds,$49.99,,https://dm.apac.cms.aldi.cx/is/image/aldiprodapac/product/jpg/scaleWidth/232/f9a4b085-597d-4254-98aa-4feb01cbdcd7/True%20Wireless%20Earbuds
RSPCA Approved Chicken Thigh Fillets,$9.59,$15.99 per 1 kg,https://dm.apac.cms.aldi.cx/is/image/aldiprodapac/product/jpg/scaleWidth/232/39c8f4da-b2cd-4a79-a76f-5fb626a334bd/RSPCA%20Approved%20Chicken%20Thigh%20Fillets
Delightful Classic Chocolate Marzpian Pralines 125g,$5.99,$4.79 per 100 g,https://dm.apac.cms.aldi.cx/is/image/aldiprodapac/product/jpg/scaleWidth/232/bb401ab9-6dbe-4461-ba70-9696e9796ec9/Delightful%20Classic%20Chocolate%20Marzpian%20Pralines%20125g
Mini Pandoro 80g,$3.99,$4.99 per 100 g,https://dm.apac.cms.aldi.cx/is/image/aldiprodapac/product/jpg/scaleWidth/232/eddd4ede-f81f-4178-9ac2-4af4d31c4875/Mini%20Pandoro%2080g
Baby White Potatoes 1kg,$3.99,$3.99 per 1 kg,https://dm.apac.cms.aldi.cx/is/image/aldiprodapac/product/jpg/scaleWidth/232/003665ea-44f9-4fe8-a109-bcffd42423a6/Baby%20White%20Potatoes%201kg
Speculoos Cremes 126g,$1.99,$1.58 per 100 g,https://dm.apac.cms.aldi.cx/is/image/aldiprodapac/product/jpg/scaleWidth/232/cef529f4-673d-4f40-bc39-f0ffe6fa086e/Speculoos%20Cremes%20126g
Cookies & CreamYogurt Mix Ins 140g,$2.69,$1.92 per 100 g,https://dm.apac.cms.aldi.cx/is/image/aldiprodapac/product/jpg/scaleWidth/232/c5a8735e-18cb-4cca-80a2-4088ae748604/Cookies%20%20CreamYogurt%20Mix%20Ins%20140g
Sauvignon Blanc 750ml,$9.99,,https://dm.apac.cms.aldi.cx/is/image/aldiprodapac/product/jpg/scaleWidth/232/febee8cf-bd3c-45f0-8751-4f03994fe514/Sauvignon%20Blanc%20750ml
Mixed Blossom Honey 1kg,$8.49,$0.85 per 100 g,https://dm.apac.cms.aldi.cx/is/image/aldiprodapac/product/jpg/scaleWidth/232/dde05eac-2500-4008-afeb-6584406396f1/Mixed%20Blossom%20Honey%201kg
Antacid Tablets 60 Pack,$11.99,$0.20 per 1 each,https://dm.apac.cms.aldi.cx/is/image/aldiprodapac/product/jpg/scaleWidth/232/872b6d00-139a-49bb-8854-cb3ec353e4a0/Antacid%20Tablets%2060%20Pack
Tripod Easel,$39.99,,https://dm.apac.cms.aldi.cx/is/image/aldiprodapac/product/jpg/scaleWidth/232/81c88294-15d6-4286-ae0d-c0bd780d0423/Tripod%20Easel
Passionfruit Greek Style Yogurt with Honey Granola 170g,$2.69,$1.58 per 100 g,https://dm.apac.cms.aldi.cx/is/image/aldiprodapac/product/jpg/scaleWidth/232/c10a0449-e451-4ce2-863a-8917196bfd4f/Passionfruit%20Greek%20Style%20Yogurt%20with%20Honey%20Granola%20170g
Coco Fibre Hanging Basket,$6.99,,https://dm.apac.cms.aldi.cx/is/image/aldiprodapac/product/jpg/scaleWidth/232/26d1a031-10e5-495a-9050-869942651814/Coco%20Fibre%20Hanging%20Basket
Peking Duck Noodle Bowl 90g,$1.99,$2.21 per 100 g,https://dm.apac.cms.aldi.cx/is/image/aldiprodapac/product/jpg/scaleWidth/232/3f58b180-2285-4528-9a1a-4e585ecefc9e/Peking%20Duck%20Noodle%20Bowl%2090g
Platinum Dish Capsules 46 pack,$11.69,$0.25 per 1 each,https://dm.apac.cms.aldi.cx/is/image/aldiprodapac/product/jpg/scaleWidth/232/d93f9516-743f-4527-913d-93dc4a2f6fd0/Platinum%20Dish%20Capsules%2046%20pack
Hoki Fillets Skinless 1kg,$15.99,$15.99 per 1 kg,https://dm.apac.cms.aldi.cx/is/image/aldiprodapac/product/jpg/scaleWidth/232/7bbc9d8c-82fb-43cb-956a-5a232500a2f4/Hoki%20Fillets%20Skinless%201kg
Sauerkraut 550g,$3.49,$6.35 per 1 kg,https://dm.apac.cms.aldi.cx/is/image/aldiprodapac/product/jpg/scaleWidth/232/262971d1-85bd-45ec-b408-735de9806b6c/Sauerkraut%20550g
Bundt Pans or Trays,$16.99,,https://dm.apac.cms.aldi.cx/is/image/aldiprodapac/product/jpg/scaleWidth/232/563adaed-caea-4508-a677-a2f78b407a14/Bundt%20Pans%20or%20Trays
German Bread 500g,$3.69,$0.74 per 100 g,https://dm.apac.cms.aldi.cx/is/image/aldiprodapac/product/jpg/scaleWidth/232/311c1ab9-833a-4c08-811b-6ba1e991b547/German%20Bread%20500g
Dishwashing Additives 3 Pack,$14.99,$1.00 per 100 ml,https://dm.apac.cms.aldi.cx/is/image/aldiprodapac/product/jpg/scaleWidth/232/1b2a9a08-5bf8-425a-9ed6-fb6516742f09/Dishwashing%20Additives%203%20Pack
Assorted Creamy Cat Treats 4 Pack 48g,$1.99,$4.15 per 100 g,https://dm.apac.cms.aldi.cx/is/image/aldiprodapac/product/jpg/scaleWidth/232/13c05ea2-239c-4b54-8c74-e06e336188ec/Assorted%20Creamy%20Cat%20Treats%204%20Pack%2048g
Mini Pappadums Plain 75g,$3.99,$5.32 per 100 g,https://dm.apac.cms.aldi.cx/is/image/aldiprodapac/product/jpg/scaleWidth/232/5e24b07d-d679-4ba7-88d8-4f0c0edde994/Mini%20Pappadums%20Plain%2075g
Butter Chicken Create A Curry,$3.29,$1.50 per 10 g,https://dm.apac.cms.aldi.cx/is/image/aldiprodapac/product/jpg/scaleWidth/232/57324f4a-9096-4144-917d-84a21c671031/Butter%20Chicken%20Create%20A%20Curry
Crumbed Southern Blue Whiting Fillets 270g,$5.99,$22.19 per 1 kg,https://dm.apac.cms.aldi.cx/is/image/aldiprodapac/product/jpg/scaleWidth/232/7853e7c9-af71-49bd-8498-21e801b97045/Crumbed%20Southern%20Blue%20Whiting%20Fillets%20%20270g
Pork & Beef Spaghetti Meatballs 1.1kg,$10.99,$1.00 per 100 g,https://dm.apac.cms.aldi.cx/is/image/aldiprodapac/product/jpg/scaleWidth/232/ae4daed6-c742-468d-9aea-75dcc5ee6645/Pork%20%20Beef%20Spaghetti%20Meatballs%201.1kg
Wagyu Meatballs 420g,$7.99,$19.02 per 1 kg,https://dm.apac.cms.aldi.cx/is/image/aldiprodapac/product/jpg/scaleWidth/232/5fd1d4f4-52dc-4c2a-9dfe-d1d620b254a8/Wagyu%20Meatballs%20420g
Polar Bars Cookies & Cream 4 Pack 440mL,$3.59,$0.82 per 100 ml,https://dm.apac.cms.aldi.cx/is/image/aldiprodapac/product/jpg/scaleWidth/232/9f0f4836-b84e-425f-822c-413ccac86aeb/Polar%20Bars%20Cookies%20%20Cream%204%20Pack%20440mL
Zucchini 500g,$3.49,$6.98 per 1 kg,https://dm.apac.cms.aldi.cx/is/image/aldiprodapac/product/jpg/scaleWidth/232/1d3fbfe8-40b3-4ee9-9788-8e8dd63255de/Zucchini%20500g
Assorted Tech Accessories,$9.99,,https://dm.apac.cms.aldi.cx/is/image/aldiprodapac/product/jpg/scaleWidth/232/5b405ac3-3dcb-43c9-bfa6-a21fa40c9971/Assorted%20Tech%20Accessories
Rich Hot Chocolate Capsule 16 Pack 208g,$7.99,$0.50 per 1 each,https://dm.apac.cms.aldi.cx/is/image/aldiprodapac/product/jpg/scaleWidth/232/ed390675-6665-4751-80ef-775fcc99fa03/Rich%20Hot%20Chocolate%20Capsule%2016%20Pack%20208g
Soy Crisps 350g,$4.99,$14.26 per 1 kg,https://dm.apac.cms.aldi.cx/is/image/aldiprodapac/product/jpg/scaleWidth/232/e77bfd74-b736-4b0b-a0d8-5ad72258d837/Soy%20Crisps%20350g
Thick Sponges 4 Pack,$3.69,$0.92 per 1 each,https://dm.apac.cms.aldi.cx/is/image/aldiprodapac/product/jpg/scaleWidth/232/ed17c349-1e93-460d-9368-ca11ca31e96b/Thick%20Sponges%204%20Pack
Thin & Crispy Cheese Flavoured Rice Crackers 90g,$1.15,$1.28 per 100 g,https://dm.apac.cms.aldi.cx/is/image/aldiprodapac/product/jpg/scaleWidth/232/67841ec6-ffe0-4002-b39a-03767fbebc4b/Thin%20%20Crispy%20Cheese%20Flavoured%20Rice%20Crackers%2090g
Swiss Cheese Slices 200g,$4.39,$21.95 per 1 kg,https://dm.apac.cms.aldi.cx/is/image/aldiprodapac/product/jpg/scaleWidth/232/7c9957d4-69be-42e9-8d3d-a26d8201a51e/Swiss%20Cheese%20Slices%20200g
Mini Dutch Pancakes 250g,$4.49,$1.80 per 100 g,https://dm.apac.cms.aldi.cx/is/image/aldiprodapac/product/jpg/scaleWidth/232/e4292858-bd27-4d34-9dc3-9fc190c03f1b/Mini%20Dutch%20Pancakes%20250g
Peanut Slab Multipack 150g,$5.99,$3.99 per 100 g,https://dm.apac.cms.aldi.cx/is/image/aldiprodapac/product/jpg/scaleWidth/232/a0661bb6-9f6b-41ab-b3e1-3bed1b4fbde8/Peanut%20Slab%20Multipack%20150g
Cut Kent Pumpkins Loose,$2.09/0.7 kg,$2.99 per 1 kg,https://dm.apac.cms.aldi.cx/is/image/aldiprodapac/product/jpg/scaleWidth/232/7836c344-3ffe-4bd4-be21-fcf01e538783/Cut%20Kent%20Pumpkins%20Loose
Sweetened Dried Cranberries 170g,$2.89,$17.00 per 1 kg,https://dm.apac.cms.aldi.cx/is/image/aldiprodapac/product/jpg/scaleWidth/232/5fd90a18-b286-49a2-b703-5e03b17db8e1/Sweetened%20Dried%20Cranberries%20170g
Sea Salt Popcorn 80g,$1.99,$2.49 per 100 g,https://dm.apac.cms.aldi.cx/is/image/aldiprodapac/product/jpg/scaleWidth/232/1ff6eb52-b6a9-42b8-935f-54348bf0d421/Sea%20Salt%20Popcorn%2080g
Australian Extra Virgin Olive Oil Robust 500ml,$14.99,$3.00 per 100 ml,https://dm.apac.cms.aldi.cx/is/image/aldiprodapac/product/jpg/scaleWidth/232/171e2808-cb87-4453-a5ec-d99e22e93949/Australian%20Extra%20Virgin%20Olive%20Oil%20Robust%20500ml
Milk Chocolate Digestives 300g,$2.99,$1.00 per 100 g,https://dm.apac.cms.aldi.cx/is/image/aldiprodapac/product/jpg/scaleWidth/232/45db9f33-70e4-4427-93eb-388b72bc8846/Milk%20Chocolate%20Digestives%20300g
Snowballs 8 Pack 200g,$2.49,$1.25 per 100 g,https://dm.apac.cms.aldi.cx/is/image/aldiprodapac/product/jpg/scaleWidth/232/e99d5a92-f433-4c1b-bfb5-4c16a91a9a7f/Snowballs%208%20Pack%20200g
Beef Eye Fillet Steak Aged 21 Days,$16.50,$54.99 per 1 kg,https://dm.apac.cms.aldi.cx/is/image/aldiprodapac/product/jpg/scaleWidth/232/4ef458a8-fa78-42de-8d40-902797cfcfca/Beef%20Eye%20Fillet%20Steak%20Aged%2021%20Days
Sardines in Tomato Sauce 110g,$1.59,$14.45 per 1 kg,https://dm.apac.cms.aldi.cx/is/image/aldiprodapac/product/jpg/scaleWidth/232/9991bda5-2f81-4e67-a9f8-63ebc3d3e63d/Sardines%20in%20Tomato%20Sauce%20110g
Water Natural Spring 600ml,$0.99,$1.65 per 1 L,https://dm.apac.cms.aldi.cx/is/image/aldiprodapac/product/jpg/scaleWidth/232/0d8debe3-78f2-4d2f-8e81-ef0e6241631f/Water%20Natural%20Spring%20600ml
Peach Sliced In Juice 700g,$3.69,$5.27 per 1 kg,https://dm.apac.cms.aldi.cx/is/image/aldiprodapac/product/jpg/scaleWidth/232/9c7134df-dfd0-4ac8-a17d-4d8955c7a9a8/Peach%20Sliced%20In%20Juice%20700g
Southern Blue Whiting Fillets Classic Crumb 1kg,$12.99,$12.99 per 1 kg,https://dm.apac.cms.aldi.cx/is/image/aldiprodapac/product/jpg/scaleWidth/232/35e26a7b-4469-4bae-8c6f-19015f8d8e09/Southern%20Blue%20Whiting%20Fillets%20Classic%20Crumb%201kg
Mini Garlic Naan Bread 5 Pack,$3.49,$1.55 per 100 g,https://dm.apac.cms.aldi.cx/is/image/aldiprodapac/product/jpg/scaleWidth/232/7cee8879-23d5-496a-a000-9c7cfa0dad07/Mini%20Garlic%20Naan%20Bread%205%20Pack
Dark Instant Coffee 100g,$4.99,$4.99 per 100 g,https://dm.apac.cms.aldi.cx/is/image/aldiprodapac/product/jpg/scaleWidth/232/0980a522-96b5-4df4-9f37-e74a079269d5/Dark%20Instant%20Coffee%20100g
Assorted Multi Purpose Cleaner 750ml,$1.85,$0.25 per 100 ml,https://dm.apac.cms.aldi.cx/is/image/aldiprodapac/product/jpg/scaleWidth/232/02620ab7-e364-4623-9ed8-d88d9656a43e/Assorted%20Multi%20Purpose%20Cleaner%20750ml
Petrol Mower 173cc,$299.00,,https://dm.apac.cms.aldi.cx/is/image/aldiprodapac/product/jpg/scaleWidth/232/319893ad-1137-44ce-bcd3-9d000e973a86/Petrol%20Mower%20173cc
Sausage Roll 1pk 175g,$2.19,$1.25 per 100 g,https://dm.apac.cms.aldi.cx/is/image/aldiprodapac/product/jpg/scaleWidth/232/a2499e89-6a8f-49f6-9898-1c2a20aeebaa/Sausage%20Roll%201pk%20175g
Banana Bread Slices 5 Pack 500g,$5.49,$1.10 per 100 g,https://dm.apac.cms.aldi.cx/is/image/aldiprodapac/product/jpg/scaleWidth/232/426e3082-6853-44b3-9a93-7419b37af27f/Banana%20Bread%20Slices%205%20Pack%20500g
Celery Sticks 300g,$3.99,$13.30 per 1 kg,https://dm.apac.cms.aldi.cx/is/image/aldiprodapac/product/jpg/scaleWidth/232/ee3658ef-7e1f-488f-bd5d-ce263bdeec07/Celery%20Sticks%20300g
Moroccan Seasoning 70g,$2.69,$0.38 per 10 g,https://dm.apac.cms.aldi.cx/is/image/aldiprodapac/product/jpg/scaleWidth/232/2115d6ed-6881-4945-84c7-10f511fa09c9/Moroccan%20Seasoning%2070g
Brown Onions 1kg,$1.99,$1.99 per 1 kg,https://dm.apac.cms.aldi.cx/is/image/aldiprodapac/product/jpg/scaleWidth/232/ea66630b-19fa-4981-9a09-186f962ac38d/Brown%20Onions%201kg
Free Range Eggs 700g,$6.19,$0.88 per 100 g,https://dm.apac.cms.aldi.cx/is/image/aldiprodapac/product/jpg/scaleWidth/232/da1a4d63-f9e3-44fd-9781-e2ce21739529/Free%20Range%20Eggs%20700g
Aloe Vera & Chamomile Liquid Soap Refill 1L,$3.59,$0.36 per 100 ml,https://dm.apac.cms.aldi.cx/is/image/aldiprodapac/product/jpg/scaleWidth/232/95efd6b3-061d-4012-b56a-7abac5fba468/Aloe%20Vera%20%20Chamomile%20Liquid%20Soap%20Refill%201L
Snack Stack ChipsSour Cream & Onion Flavour 160g,$1.99,$1.24 per 100 g,https://dm.apac.cms.aldi.cx/is/image/aldiprodapac/product/jpg/scaleWidth/232/928ced58-51da-40a1-a007-23cd1935a49a/Snack%20Stack%20ChipsSour%20Cream%20%20Onion%20Flavour%20160g
Protein Oat Bars Peanut Butter 5 Pack 200g,$4.49,$2.25 per 100 g,https://dm.apac.cms.aldi.cx/is/image/aldiprodapac/product/jpg/scaleWidth/232/76edc1ae-fe85-4427-ac64-564806c707e7/Protein%20Oat%20Bars%20Peanut%20Butter%205%20Pack%20200g
Hokey Pokey Gourmet Ice Cream 1L,$5.99,$0.60 per 100 ml,https://dm.apac.cms.aldi.cx/is/image/aldiprodapac/product/jpg/scaleWidth/232/16ff20a2-ad8d-4070-9369-b5b987402873/Hokey%20Pokey%20Gourmet%20Ice%20Cream%201L
Gluten Free Chocolate Chip Biscuits 180g,$2.99,$1.66 per 100 g,https://dm.apac.cms.aldi.cx/is/image/aldiprodapac/product/jpg/scaleWidth/232/46ebb0ad-5bac-44f5-a973-8f3922ca2c03/Gluten%20Free%20Chocolate%20Chip%20Biscuits%20180g
Cocktail Spring Rolls 60 Pack 1kg,$5.99,$0.60 per 100 g,https://dm.apac.cms.aldi.cx/is/image/aldiprodapac/product/jpg/scaleWidth/232/ba9bf633-b323-44d9-aa06-fdca8cfec03c/Cocktail%20Spring%20Rolls%2060%20Pack%201kg
Shapes Cheddar 175g,$1.99,$1.14 per 100 g,https://dm.apac.cms.aldi.cx/is/image/aldiprodapac/product/jpg/scaleWidth/232/26bd1d18-c2cc-4b7e-881e-e849a429fac3/Shapes%20Cheddar%20175g
Metal Garden Edging,$19.99,,https://dm.apac.cms.aldi.cx/is/image/aldiprodapac/product/jpg/scaleWidth/232/0a3f51ab-da7a-426a-9557-03a475c45f57/Metal%20Garden%20Edging
Blue Bolt Sports Drink 600ml,$2.99,$4.98 per 1 L,https://dm.apac.cms.aldi.cx/is/image/aldiprodapac/product/jpg/scaleWidth/232/9725a3a5-5456-4cfc-8799-b5ee9917b187/Blue%20Bolt%20Sports%20Drink%20600ml
Beef & Hearty Vegetable Lasagne 170g,$2.49,$1.46 per 100 g,https://dm.apac.cms.aldi.cx/is/image/aldiprodapac/product/jpg/scaleWidth/232/388282fc-7471-4fcb-b833-0de070acd5ea/Beef%20%20Hearty%20Vegetable%20Lasagne%20170g
Rechargeable Tent Fan,$24.99,,https://dm.apac.cms.aldi.cx/is/image/aldiprodapac/product/jpg/scaleWidth/232/e41e052e-57bf-4280-b5af-f6c2418bdd42/Rechargeable%20Tent%20Fan
AA Batteries 10 Pack,$5.49,$0.55 per 1 each,https://dm.apac.cms.aldi.cx/is/image/aldiprodapac/product/jpg/scaleWidth/232/bedf9a9d-0b08-41fc-8599-1ecc05391ec9/AA%20Batteries%2010%20Pack
Assorted Cloth Wipes 10 Pack,$0.99,$0.10 per 1 each,https://dm.apac.cms.aldi.cx/is/image/aldiprodapac/product/jpg/scaleWidth/232/718e0db7-f2dd-4f9b-8402-1fdc4c1de775/Assorted%20Cloth%20Wipes%2010%20Pack
Mustard German Style,$2.99,$1.07 per 100 g,https://dm.apac.cms.aldi.cx/is/image/aldiprodapac/product/jpg/scaleWidth/232/81b12364-0b23-4804-9752-9cee757dda17/Mustard%20German%20Style
Protein Pancakes 160g,$3.99,$2.49 per 100 g,https://dm.apac.cms.aldi.cx/is/image/aldiprodapac/product/jpg/scaleWidth/232/850c6ca5-2ed1-4b8b-8cf3-d9edc7d773b8/Protein%20Pancakes%20160g
Trolley Token Key Ring,$0.99,$0.99 per 1 each,https://dm.apac.cms.aldi.cx/is/image/aldiprodapac/product/jpg/scaleWidth/232/95ae41fc-18fb-47a4-a9da-840574e5712c/Trolley%20Token%20Key%20Ring
Australian Wagyu Beef Cabanossi Sticks 100g,$7.99,$79.90 per 1 kg,https://dm.apac.cms.aldi.cx/is/image/aldiprodapac/product/jpg/scaleWidth/232/40183e37-163d-4f84-9fe4-a089349dfc37/Australian%20Wagyu%20Beef%20Cabanossi%20Sticks%20100g
Tropical Yogurt 140g,$1.99,$1.42 per 100 g,https://dm.apac.cms.aldi.cx/is/image/aldiprodapac/product/jpg/scaleWidth/232/1b887a24-8d56-46f4-aa12-492ca8778150/Tropical%20Yogurt%20140g
Espresso Supremo Coffee Capsules 10 Pack 55g,$3.25,$0.33 per 1 each,https://dm.apac.cms.aldi.cx/is/image/aldiprodapac/product/jpg/scaleWidth/232/377d0f14-f49d-40ff-9f54-cc7a088ae094/Espresso%20Supremo%20Coffee%20Capsules%2010%20Pack%2055g
Pouring Cream 300ml,$2.79,$0.93 per 100 ml,https://dm.apac.cms.aldi.cx/is/image/aldiprodapac/product/jpg/scaleWidth/232/9826513d-ed5c-4db5-8dc9-34039eece3ed/Pouring%20Cream%20300ml
Dog Food Meaty Bites with Lamb & Selected Vegetables 1kg,$5.39,$0.54 per 100 g,https://dm.apac.cms.aldi.cx/is/image/aldiprodapac/product/jpg/scaleWidth/232/e13f21db-3232-473a-9d1f-d96869161617/Dog%20Food%20Meaty%20Bites%20with%20Lamb%20%20Selected%20Vegetables%201kg
Assorted Wedge Backrest Cushion,$39.99,,https://dm.apac.cms.aldi.cx/is/image/aldiprodapac/product/jpg/scaleWidth/232/c70124f3-bec6-4d0f-b20f-6f15ea411059/Assorted%20Wedge%20Backrest%20Cushion
Mini Twin Pack Puddings 180g,$4.79,$2.66 per 100 g,https://dm.apac.cms.aldi.cx/is/image/aldiprodapac/product/jpg/scaleWidth/232/c042194d-1ae5-4316-938d-0d302f51a44d/Mini%20Twin%20Pack%20Puddings%20180g
South Australia & Heathcote Shiraz 750mL,$7.99,,https://dm.apac.cms.aldi.cx/is/image/aldiprodapac/product/jpg/scaleWidth/232/af9c8d1e-d6d1-4d60-bd3a-f85bc0040563/South%20Australia%20%20Heathcote%20Shiraz%20750mL
Cheese & Chive Dip 190g,$4.29,$2.26 per 100 g,https://dm.apac.cms.aldi.cx/is/image/aldiprodapac/product/jpg/scaleWidth/232/3e264331-8ed3-48b5-bde5-b06fd354cb0a/Cheese%20%20Chive%20Dip%20190g
Low Sugar Delight Bars Choc Coconut 5 Pack 160g,$4.99,$3.12 per 100 g,https://dm.apac.cms.aldi.cx/is/image/aldiprodapac/product/jpg/scaleWidth/232/3c6cb11e-76bd-4829-b284-17b76b237311/Low%20Sugar%20Delight%20Bars%20Choc%20Coconut%205%20Pack%20160g
Low Profile TV Wall Mount,$29.99,,https://dm.apac.cms.aldi.cx/is/image/aldiprodapac/product/jpg/scaleWidth/232/a060001f-7e12-4735-88df-43db78659f39/Low%20Profile%20TV%20Wall%20Mount
Apple Raspberry Juice 2L,$5.99,$3.00 per 1 L,https://dm.apac.cms.aldi.cx/is/image/aldiprodapac/product/jpg/scaleWidth/232/f6dc822a-4f2e-4d1d-8a8e-74293595f08c/Apple%20Raspberry%20Juice%202L
Potato Sticks 125g,$2.49,$1.99 per 100 g,https://dm.apac.cms.aldi.cx/is/image/aldiprodapac/product/jpg/scaleWidth/232/158990bd-c65e-457a-9545-c155d396cfb3/Potato%20Sticks%20125g
Kids Bookshelf,$39.99,,https://dm.apac.cms.aldi.cx/is/image/aldiprodapac/product/jpg/scaleWidth/232/2ce5629b-767c-4f89-ba1a-b2bfe3e0d28e/Kids%20Bookshelf
"70"" 4K Ultra HD Smart TV with webOS",$629.00,,https://dm.apac.cms.aldi.cx/is/image/aldiprodapac/product/jpg/scaleWidth/232/64ffde3b-aa02-4e9c-a9ce-e515e7dfbd74/70%204K%20Ultra%20HD%20Smart%20TV%20with%20webOS
Smoked Cheese 200g,$4.99,$24.95 per 1 kg,https://dm.apac.cms.aldi.cx/is/image/aldiprodapac/product/jpg/scaleWidth/232/5273d675-32cb-4890-92b7-30517d641c3e/Smoked%20Cheese%20200g
Creamy Chicken Soup 500g,$1.99,$0.40 per 100 g,https://dm.apac.cms.aldi.cx/is/image/aldiprodapac/product/jpg/scaleWidth/232/5ea3a9da-2cfc-415a-a39b-635eb0eb8d71/Creamy%20Chicken%20Soup%20500g
Wholefood Balls Peanut Butter & Caramel 69g,$2.29,$3.32 per 100 g,https://dm.apac.cms.aldi.cx/is/image/aldiprodapac/product/jpg/scaleWidth/232/b1ef3ed1-4047-419d-9e15-91355a9722d1/Wholefood%20Balls%20Peanut%20Butter%20%20Caramel%2069g
Kale Bunch,$3.49,$3.49 per 1 each,https://dm.apac.cms.aldi.cx/is/image/aldiprodapac/product/jpg/scaleWidth/232/cf588a51-a8b3-430f-825f-ca74ce2aa473/Kale%20Bunch
Creamy Vanilla Yogurt 990g,$6.99,$0.71 per 100 g,https://dm.apac.cms.aldi.cx/is/image/aldiprodapac/product/jpg/scaleWidth/232/5a179a9c-5b06-4584-b219-39df14b1d700/Creamy%20Vanilla%20Yogurt%20990g
Merci Dark Chocolate Mix 200g,$6.99,$3.50 per 100 g,https://dm.apac.cms.aldi.cx/is/image/aldiprodapac/product/jpg/scaleWidth/232/0cd7933b-b689-4af5-8a3f-0b7e083135af/Merci%20Dark%20Chocolate%20Mix%20200g
Bay Leaves 4g,$2.49,$6.23 per 10 g,https://dm.apac.cms.aldi.cx/is/image/aldiprodapac/product/jpg/scaleWidth/232/eb6cee46-cec2-45b9-829d-67fa349d99cd/Bay%20Leaves%204g
Original 128g,$1.49,$1.16 per 100 g,https://dm.apac.cms.aldi.cx/is/image/aldiprodapac/product/jpg/scaleWidth/232/07c01471-e23c-4bd8-8319-911a22f905f8/Original%20128g
Fruit Snack Cereal Bars Apple & Raspberry 12+ Months 8 Pack 128g,$3.99,$3.12 per 100 g,https://dm.apac.cms.aldi.cx/is/image/aldiprodapac/product/jpg/scaleWidth/232/572272db-9e88-4ad9-8d52-b648f0fadc59/Fruit%20Snack%20Cereal%20Bars%20Apple%20%20Raspberry%2012%20Months%208%20Pack%20128g
Assorted Clock Radio with Wireless Charging,$29.99,,https://dm.apac.cms.aldi.cx/is/image/aldiprodapac/product/jpg/scaleWidth/232/945c7722-cc4b-435b-aa64-74482411fecc/Assorted%20Clock%20Radio%20with%20Wireless%20Charging
Ground Garlic 70g,$2.79,$0.40 per 10 g,https://dm.apac.cms.aldi.cx/is/image/aldiprodapac/product/jpg/scaleWidth/232/a58d69b8-5fcb-45d7-8334-cb1672a8c6d7/Ground%20Garlic%2070g
Jasmine Rice 1kg,$3.19,$0.32 per 100 g,https://dm.apac.cms.aldi.cx/is/image/aldiprodapac/product/jpg/scaleWidth/232/f8c80679-b4ba-46fe-af9f-058b76d5cf08/Jasmine%20Rice%201kg
Baby Red Potatoes 1kg,$3.99,$3.99 per 1 kg,https://dm.apac.cms.aldi.cx/is/image/aldiprodapac/product/jpg/scaleWidth/232/6613d8ec-aa10-4455-8325-9a6105b3fa18/Baby%20Red%20Potatoes%201kg
Potato Salad 250g,$2.99,$11.96 per 1 kg,https://dm.apac.cms.aldi.cx/is/image/aldiprodapac/product/jpg/scaleWidth/232/6b0f8cab-780f-4f81-a9fd-136d8ea855aa/Potato%20Salad%20250g
Assorted Active Gel Discs 75ml,$5.99,$7.99 per 100 ml,https://dm.apac.cms.aldi.cx/is/image/aldiprodapac/product/jpg/scaleWidth/232/61a04376-bb5e-4cb2-8e1a-2125500f5585/Assorted%20Active%20Gel%20Discs%2075ml
Wok Ready Udon Noodles 400g,$1.69,$0.42 per 100 g,https://dm.apac.cms.aldi.cx/is/image/aldiprodapac/product/jpg/scaleWidth/232/9f6cd1e7-cdbd-4f97-9bc3-75c25d27cb77/Wok%20Ready%20Udon%20Noodles%20400g
Watermelon Loose,$1.99/1 kg,$1.99 per 1 kg,https://dm.apac.cms.aldi.cx/is/image/aldiprodapac/product/jpg/scaleWidth/232/b6710055-4a91-4f71-9fd8-c30a70721596/Watermelon%20Loose
Sweet Crepes 8 Pack 480g,$4.99,$1.04 per 100 g,https://dm.apac.cms.aldi.cx/is/image/aldiprodapac/product/jpg/scaleWidth/232/5cbe400c-53cb-4aa9-bedb-e2655399a774/Sweet%20Crepes%208%20Pack%20480g
High Gain Indoor Antenna,$29.99,,https://dm.apac.cms.aldi.cx/is/image/aldiprodapac/product/jpg/scaleWidth/232/bed07bc1-2f8b-4b0d-8828-c7c03c08dadd/High%20Gain%20Indoor%20Antenna
Vegetable Pouch Soup 430g,$2.99,$0.70 per 100 g,https://dm.apac.cms.aldi.cx/is/image/aldiprodapac/product/jpg/scaleWidth/232/0bab81c5-25e8-4901-a092-a4274f3dc4ae/Vegetable%20Pouch%20Soup%20430g
Brite Crawlers 190g,$2.99,$1.57 per 100 g,https://dm.apac.cms.aldi.cx/is/image/aldiprodapac/product/jpg/scaleWidth/232/1f67f04a-e951-4d5c-9c87-df02736d30f6/Brite%20Crawlers%20190g
Tasty Cheese Block 500g,$6.99,$13.98 per 1 kg,https://dm.apac.cms.aldi.cx/is/image/aldiprodapac/product/jpg/scaleWidth/232/b74f3cda-85f7-471e-8ab9-b934be507e24/Tasty%20Cheese%20Block%20500g
Rump Steak Bulk,$20.99,$20.99 per 1 kg,https://dm.apac.cms.aldi.cx/is/image/aldiprodapac/product/jpg/scaleWidth/232/0ab4be2a-c208-4aed-8311-26ab0dd10a79/Rump%20Steak%20Bulk
Tasty Cheese and Water Crackers 4 Pack 120g,$3.99,$33.25 per 1 kg,https://dm.apac.cms.aldi.cx/is/image/aldiprodapac/product/jpg/scaleWidth/232/66080a70-8850-4229-bea7-eedde084a3c5/Tasty%20Cheese%20and%20Water%20Crackers%204%20Pack%20120g
RSPCA Approved Chicken Breast Fillet 1 Pack 300g,$5.00,$16.67 per 1 kg,https://dm.apac.cms.aldi.cx/is/image/aldiprodapac/product/jpg/scaleWidth/232/16d16360-11de-45e7-a3a3-01491c5ee113/RSPCA%20Approved%20Chicken%20Breast%20Fillet%201%20Pack%20300g
Lamb Shanks Cooked,$15.99,$15.99 per 1 kg,https://dm.apac.cms.aldi.cx/is/image/aldiprodapac/product/jpg/scaleWidth/232/156b97b6-e507-4aa5-8c0a-5f1efef5e6ff/Lamb%20Shanks%20Cooked
Original Almond Milk 1L,$1.85,$1.85 per 1 L,https://dm.apac.cms.aldi.cx/is/image/aldiprodapac/product/jpg/scaleWidth/232/06d5d819-dbf6-49ab-8e28-acf1dca98350/Original%20Almond%20Milk%201L
Super Moist Carrot Cake Mix 600g,$3.79,$0.63 per 100 g,https://dm.apac.cms.aldi.cx/is/image/aldiprodapac/product/jpg/scaleWidth/232/421ecbe0-9e8b-47cf-89aa-ae5a5caf8891/Super%20Moist%20Carrot%20Cake%20Mix%20600g
Jumbo Raw Prawn Cutlets 240g,$9.99,$41.63 per 1 kg,https://dm.apac.cms.aldi.cx/is/image/aldiprodapac/product/jpg/scaleWidth/232/a203a29b-886e-4032-ab5f-a7f0b0e668c2/Jumbo%20Raw%20Prawn%20Cutlets%20240g
Lamington Fingers 18 Pack 350g,$3.49,$1.00 per 100 g,https://dm.apac.cms.aldi.cx/is/image/aldiprodapac/product/jpg/scaleWidth/232/a5012d19-2587-44e9-a921-9d51c2d9db2a/Lamington%20Fingers%2018%20Pack%20350g
Choco Pillows 500g,$4.69,$0.94 per 100 g,https://dm.apac.cms.aldi.cx/is/image/aldiprodapac/product/jpg/scaleWidth/232/f01ca9ee-a8e4-4f01-9132-cf51cf93c9dc/Choco%20Pillows%20500g
The Amalfi 750mL,$9.99,,https://dm.apac.cms.aldi.cx/is/image/aldiprodapac/product/jpg/scaleWidth/232/9971093d-782f-4f9e-a036-0486fb08970b/The%20Amalfi%20750mL
Kimchi 460g,$2.59,$5.63 per 1 kg,https://dm.apac.cms.aldi.cx/is/image/aldiprodapac/product/jpg/scaleWidth/232/d98cfb8a-e2b7-4f34-b875-7ad3a994249a/Kimchi%20460g
Assorted Anti Bac Plus Disinfectant Spray 300g,$2.99,$1.00 per 100 g,https://dm.apac.cms.aldi.cx/is/image/aldiprodapac/product/jpg/scaleWidth/232/7d030ed2-c628-4a26-bf62-2ab3d5e13ccf/Assorted%20Anti%20Bac%20Plus%20Disinfectant%20Spray%20300g
D Batteries 4 Pack,$5.99,$1.50 per 1 each,https://dm.apac.cms.aldi.cx/is/image/aldiprodapac/product/jpg/scaleWidth/232/b029d317-b189-4248-b248-9eaea82f55ba/D%20Batteries%204%20Pack
Toasted Coconut Flakes 140g,$3.49,$24.93 per 1 kg,https://dm.apac.cms.aldi.cx/is/image/aldiprodapac/product/jpg/scaleWidth/232/6122d5df-1efd-4ffd-919c-91b6ab32388c/Toasted%20Coconut%20Flakes%20140g
Oven Cleaner Kit 500ml,$7.69,$1.54 per 100 ml,https://dm.apac.cms.aldi.cx/is/image/aldiprodapac/product/jpg/scaleWidth/232/9d6b365c-6a86-45cd-8422-336f3e2cffe9/Oven%20Cleaner%20Kit%20500ml
Admiral's Quarters Cracked Pepper Water Crackers 125g,$0.89,$0.71 per 100 g,https://dm.apac.cms.aldi.cx/is/image/aldiprodapac/product/jpg/scaleWidth/232/1e49bc40-44c1-4f2c-9b35-053db5652b1f/Admirals%20Quarters%20Cracked%20Pepper%20Water%20Crackers%20125g
Eton Original Crackers 225g,$1.49,$0.66 per 100 g,https://dm.apac.cms.aldi.cx/is/image/aldiprodapac/product/jpg/scaleWidth/232/580f8b83-0972-470c-9ea3-7443a0ffc650/Eton%20Original%20Crackers%20225g
Honey Mustard Chicken Recipe Base175g,$2.49,$1.42 per 100 g,https://dm.apac.cms.aldi.cx/is/image/aldiprodapac/product/jpg/scaleWidth/232/eb22655a-5c10-4d10-9bda-3df228d6a0ef/Honey%20Mustard%20Chicken%20Recipe%20Base175g
Choc Ripple 250g,$2.49,$1.00 per 100 g,https://dm.apac.cms.aldi.cx/is/image/aldiprodapac/product/jpg/scaleWidth/232/fb8d355f-d4c1-48ab-85a9-3255ca0b82db/Choc%20Ripple%20250g
Premium Cat Food Pouch Chicken or Tuna 12 Pack 85g,$9.99,$0.98 per 100 g,https://dm.apac.cms.aldi.cx/is/image/aldiprodapac/product/jpg/scaleWidth/232/ab1b9e4b-56d5-4329-9412-d13a06dbe646/Premium%20Cat%20Food%20Pouch%20Chicken%20or%20Tuna%2012%20Pack%2085g
Chocolate Bavarian 450g,$4.99,$1.11 per 100 g,https://dm.apac.cms.aldi.cx/is/image/aldiprodapac/product/jpg/scaleWidth/232/5d0c8bcb-aac4-4ab1-84e4-9c8a4768cbbf/Chocolate%20Bavarian%20450g
Sour Cream & Chives + Balsamic Beetroot & Feta Double Dips 220g,$4.99,$2.27 per 100 g,https://dm.apac.cms.aldi.cx/is/image/aldiprodapac/product/jpg/scaleWidth/232/fdefaa0d-f12b-47a6-a991-9eb4ef1b5f1c/Sour%20Cream%20%20Chives%20%20Balsamic%20Beetroot%20%20Feta%20Double%20Dips%20220g
Bond Repair Assorted 50-385ml,$12.49,$3.24 per 100 ml,https://dm.apac.cms.aldi.cx/is/image/aldiprodapac/product/jpg/scaleWidth/232/84004aeb-dc2f-4b68-b701-6b5627f4e423/Bond%20Repair%20Assorted%2050385ml
RSPCA Approved Chicken Enchilada 500g,$7.99,$15.98 per 1 kg,https://dm.apac.cms.aldi.cx/is/image/aldiprodapac/product/jpg/scaleWidth/232/62f5ca5f-4386-40fe-b3a1-be6c1483cbee/RSPCA%20Approved%20Chicken%20Enchilada%20500g
Size 5 Nappy Pants 12-17kg 26 Pack,$10.49,$0.40 per 1 each,https://dm.apac.cms.aldi.cx/is/image/aldiprodapac/product/jpg/scaleWidth/232/0f4d4236-1d49-448e-8102-e4547d6362cf/Size%205%20Nappy%20Pants%201217kg%2026%20Pack
Lager Beer 12x330ml,$22.99,,https://dm.apac.cms.aldi.cx/is/image/aldiprodapac/product/jpg/scaleWidth/232/257708e1-da46-4164-bcbc-426f31cf83d0/Lager%20Beer%2012x330ml
Titan Milk Chocolate with Nougat & Caramel 50 g,$0.99,$1.98 per 100 g,https://dm.apac.cms.aldi.cx/is/image/aldiprodapac/product/jpg/scaleWidth/232/24492c77-e1ac-409a-b758-188c83e0c5b5/Titan%20Milk%20Chocolate%20with%20Nougat%20%20Caramel%2050%20g
Portuguese Style Chilli & Lemon Marinated Split Chicken,$9.66,$8.99 per 1 kg,https://dm.apac.cms.aldi.cx/is/image/aldiprodapac/product/jpg/scaleWidth/232/d9f205fa-735f-466e-a8fd-86b283f1dc58/Portuguese%20Style%20Chilli%20%20Lemon%20Marinated%20Split%20Chicken
Assorted Anti-Dandruff Shampoo 660ml,$10.49,$1.59 per 100 ml,https://dm.apac.cms.aldi.cx/is/image/aldiprodapac/product/jpg/scaleWidth/232/b413936a-5262-4bdd-a685-e7cf244ffad5/Assorted%20AntiDandruff%20Shampoo%20660ml
Milk Salted Caramel Brownie Choco Changer Chococolate Block 150g,$4.99,$3.33 per 100 g,https://dm.apac.cms.aldi.cx/is/image/aldiprodapac/product/jpg/scaleWidth/232/7bc85939-96ef-4042-9a6f-0da969e1f69f/Milk%20Salted%20Caramel%20Brownie%20Choco%20Changer%20Chococolate%20Block%20150g
Vanilla Flavoured Cake Mix 380g,$1.49,$0.39 per 100 g,https://dm.apac.cms.aldi.cx/is/image/aldiprodapac/product/jpg/scaleWidth/232/d00f9fed-edff-4fec-8b18-ef47bdd50840/Vanilla%20Flavoured%20Cake%20Mix%20380g
Mackerel Fillets in Tomato Sauce 125g,$2.99,$23.92 per 1 kg,https://dm.apac.cms.aldi.cx/is/image/aldiprodapac/product/jpg/scaleWidth/232/8a70ab52-b6ce-4f7b-b1d2-f3580e4cc75e/Mackerel%20Fillets%20in%20Tomato%20Sauce%20125g
Size 5 Nappy Pants Toddler 12-17kg 50 Pack,$16.99,$0.34 per 1 each,https://dm.apac.cms.aldi.cx/is/image/aldiprodapac/product/jpg/scaleWidth/232/75bf07b6-aa5b-4cd0-9f05-cbb48ddd74f2/Size%205%20Nappy%20Pants%20Toddler%201217kg%2050%20Pack
Assorted Shampoo or Conditioner 300ml,$5.99,$2.00 per 100 ml,https://dm.apac.cms.aldi.cx/is/image/aldiprodapac/product/jpg/scaleWidth/232/4af1976e-6bc7-4a71-abc0-0ff984697356/Assorted%20Shampoo%20or%20Conditioner%20300ml
Almond Spread 240g,$5.69,$2.37 per 100 g,https://dm.apac.cms.aldi.cx/is/image/aldiprodapac/product/jpg/scaleWidth/232/cb2cc3ae-455d-4c23-8c8d-178f9937c6f9/Almond%20Spread%20240g
RSPCA Approved Chicken Thigh Cutlets Skinless and Bone In,$5.84,$8.99 per 1 kg,https://dm.apac.cms.aldi.cx/is/image/aldiprodapac/product/jpg/scaleWidth/232/cedb1a8b-a929-484c-8cdb-0fec8f41f41b/RSPCA%20Approved%20%20Chicken%20Thigh%20Cutlets%20Skinless%20and%20Bone%20In
Atlantic Salmon Portions 1kg,$27.99,$27.99 per 1 kg,https://dm.apac.cms.aldi.cx/is/image/aldiprodapac/product/jpg/scaleWidth/232/87c285dc-e20c-4225-9b66-1461e4e8f35b/Atlantic%20Salmon%20Portions%201kg
Oat Sachets Honey 12 Pack 420g,$5.49,$1.31 per 100 g,https://dm.apac.cms.aldi.cx/is/image/aldiprodapac/product/jpg/scaleWidth/232/b201ae1c-8150-4ad2-95ea-f0df9d75ac74/Oat%20Sachets%20Honey%2012%20Pack%20420g
Dry Roasted Almonds 400g,$7.99,$19.98 per 1 kg,https://dm.apac.cms.aldi.cx/is/image/aldiprodapac/product/jpg/scaleWidth/232/d5be1921-ac51-4044-94dd-755b5057cf41/Dry%20Roasted%20Almonds%20400g
Ibuprofen Tablets 24 Pack 200mg,$1.39,$0.06 per 1 each,https://dm.apac.cms.aldi.cx/is/image/aldiprodapac/product/jpg/scaleWidth/232/e4ef489d-69f6-4b2d-915c-0be0fa164717/Ibuprofen%20Tablets%2024%20Pack%20200mg
Natural Atlantic Salmon Fillets 250g,$8.49,$33.96 per 1 kg,https://dm.apac.cms.aldi.cx/is/image/aldiprodapac/product/jpg/scaleWidth/232/3513d94d-0899-40b3-8e48-c7183c5c5a15/Natural%20Atlantic%20Salmon%20Fillets%20250g
Rustic Rolls 4 Pack 320g,$3.19,$0.80 per 1 each,https://dm.apac.cms.aldi.cx/is/image/aldiprodapac/product/jpg/scaleWidth/232/840950bf-405e-4485-a17c-5f009332d724/Rustic%20Rolls%204%20Pack%20320g
Vanilla Custard Pouch 140g,$1.99,$1.42 per 100 g,https://dm.apac.cms.aldi.cx/is/image/aldiprodapac/product/jpg/scaleWidth/232/cfe52673-debb-4dca-a5ce-f1ae5bb31bb9/Vanilla%20Custard%20Pouch%20140g
Couch Classics 12 Pack 1.2L,$17.99,$1.50 per 100 ml,https://dm.apac.cms.aldi.cx/is/image/aldiprodapac/product/jpg/scaleWidth/232/826c1483-1358-4e42-9b7c-19352ed58348/Couch%20Classics%2012%20Pack%201.2L
Microwave Rice Pouch Egg Fried Rice 250g,$2.29,$0.92 per 100 g,https://dm.apac.cms.aldi.cx/is/image/aldiprodapac/product/jpg/scaleWidth/232/11686a8d-db01-4007-ad9d-6fb6c7496a51/Microwave%20Rice%20Pouch%20Egg%20Fried%20Rice%20250g
Calabrese Espresso 16 Pack 124g,$7.99,$0.50 per 1 each,https://dm.apac.cms.aldi.cx/is/image/aldiprodapac/product/jpg/scaleWidth/232/4510adc0-990c-4fa8-8507-1c0ef1088b06/Calabrese%20Espresso%2016%20Pack%20124g
RSPCA Approved Chicken Burger Bulk Pack 1.2kg,$9.49,$7.91 per 1 kg,https://dm.apac.cms.aldi.cx/is/image/aldiprodapac/product/jpg/scaleWidth/232/57ec4dcf-26fe-46a0-9694-bb3fee997786/RSPCA%20Approved%20Chicken%20Burger%20Bulk%20Pack%201.2kg
Tomato Paste 2 Pack 140g,$2.99,$1.07 per 100 g,https://dm.apac.cms.aldi.cx/is/image/aldiprodapac/product/jpg/scaleWidth/232/3e8b4023-ec8e-40ce-9bdc-c191cea489cc/Tomato%20Paste%202%20Pack%20140g
Breakfast Juice 2L,$4.49,$2.25 per 1 L,https://dm.apac.cms.aldi.cx/is/image/aldiprodapac/product/jpg/scaleWidth/232/ded046ad-5f5a-47b3-afcf-cd667a6853e3/Breakfast%20Juice%202L
Cabernet Franc Ros√© 750ml,$9.99,,https://dm.apac.cms.aldi.cx/is/image/aldiprodapac/product/jpg/scaleWidth/232/76998ec3-dcd3-4d46-9809-7117b6b9717a/Cabernet%20Franc%20Ros%20750ml
Traditional Dry Gin 700ml,$36.99,,https://dm.apac.cms.aldi.cx/is/image/aldiprodapac/product/jpg/scaleWidth/232/4639aa1b-6fad-4393-b992-871e8fa54c4c/Traditional%20Dry%20Gin%20700ml
Organic Bolognese Pasta Sauce 500g,$2.49,$0.50 per 100 g,https://dm.apac.cms.aldi.cx/is/image/aldiprodapac/product/jpg/scaleWidth/232/eeb0307c-5d07-4943-9910-f242ddca03d4/Organic%20Bolognese%20Pasta%20Sauce%20500g
The Best White Toast Bread 700g,$3.79,$0.54 per 100 g,https://dm.apac.cms.aldi.cx/is/image/aldiprodapac/product/jpg/scaleWidth/232/8238ecac-0aca-4b55-8991-879fcc799902/The%20Best%20White%20Toast%20Bread%20700g
Stem Ginger Cookies 200g,$2.59,$1.30 per 100 g,https://dm.apac.cms.aldi.cx/is/image/aldiprodapac/product/jpg/scaleWidth/232/b6c2505d-08e5-4de4-84d2-2286e56de572/Stem%20Ginger%20Cookies%20200g
Red Papaya Each,$4.69,$4.69 per 1 each,https://dm.apac.cms.aldi.cx/is/image/aldiprodapac/product/jpg/scaleWidth/232/c68161ad-c65b-46ff-bfe1-f2f5a90c9b9d/Red%20Papaya%20Each
Hommus Dip 200g,$2.39,$1.20 per 100 g,https://dm.apac.cms.aldi.cx/is/image/aldiprodapac/product/jpg/scaleWidth/232/25762cb4-6659-434e-892f-36f742a4ac92/Hommus%20Dip%20200g
Tasty Cheese & Crackers 50g,$1.79,$35.80 per 1 kg,https://dm.apac.cms.aldi.cx/is/image/aldiprodapac/product/jpg/scaleWidth/232/9120a51d-9527-4253-9f5c-4328a97c7755/Tasty%20Cheese%20%20Crackers%2050g
Turkish Rolls 4 Pack 400g,$2.39,$0.60 per 100 g,https://dm.apac.cms.aldi.cx/is/image/aldiprodapac/product/jpg/scaleWidth/232/fa41dff6-0d93-4c0f-976a-891661861bb8/Turkish%20Rolls%204%20Pack%20400g
Truffle Gnocchi 500g,$4.99,$1.00 per 100 g,https://dm.apac.cms.aldi.cx/is/image/aldiprodapac/product/jpg/scaleWidth/232/84651db6-7597-4119-9100-8c57a95b2d81/Truffle%20Gnocchi%20500g
Pak Choy Each,$2.49,$2.49 per 1 each,https://dm.apac.cms.aldi.cx/is/image/aldiprodapac/product/jpg/scaleWidth/232/d87ceeb6-4845-4ea5-a4ea-b96f4709cb37/Pak%20Choy%20Each
Sliced Brioche Burger Buns with Sesame Seeds 4 Pack 200g,$3.29,$0.82 per 1 each,https://dm.apac.cms.aldi.cx/is/image/aldiprodapac/product/jpg/scaleWidth/232/a1a9a130-f953-4f0b-8b91-237a4f1fb0a6/Sliced%20Brioche%20Burger%20Buns%20with%20Sesame%20Seeds%204%20Pack%20200g
Beetroot & Cashew Dip 150g,$3.29,$2.19 per 100 g,https://dm.apac.cms.aldi.cx/is/image/aldiprodapac/product/jpg/scaleWidth/232/0172099c-63a3-4011-83d9-91d6ac982a70/Beetroot%20%20Cashew%20Dip%20150g
Organic Coffee Beans 250g,$8.49,$3.40 per 100 g,https://dm.apac.cms.aldi.cx/is/image/aldiprodapac/product/jpg/scaleWidth/232/af0a3d9c-4b6c-4e0b-b7e0-6d39813f48e2/Organic%20Coffee%20Beans%20250g
Assorted Bed Base Cover,$29.99,,https://dm.apac.cms.aldi.cx/is/image/aldiprodapac/product/jpg/scaleWidth/232/e729b236-22b7-4530-b16c-f9d12c454081/Assorted%20Bed%20Base%20Cover
Lemon Baby Cake 300g,$3.29,$1.10 per 100 g,https://dm.apac.cms.aldi.cx/is/image/aldiprodapac/product/jpg/scaleWidth/232/aa999adf-1ab3-4b9e-bbbe-f1140faf168f/Lemon%20Baby%20Cake%20300g
Green Beans 1kg,$2.79,$2.79 per 1 kg,https://dm.apac.cms.aldi.cx/is/image/aldiprodapac/product/jpg/scaleWidth/232/50b18919-63d1-4c96-adf6-7a1fc4899a7f/Green%20Beans%201kg
Green Capsicum Loose,$1.50/0.25 kg,$5.99 per 1 kg,https://dm.apac.cms.aldi.cx/is/image/aldiprodapac/product/jpg/scaleWidth/232/f227984e-937f-4777-b987-58abb1c1e1be/Green%20Capsicum%20Loose
Mango Yogurt 170g,$1.99,$1.17 per 100 g,https://dm.apac.cms.aldi.cx/is/image/aldiprodapac/product/jpg/scaleWidth/232/390318f3-9bd7-43e1-bce3-b71b1db6c571/Mango%20Yogurt%20170g
Gluten Free Pasta Buckwheat Spirals 350g,$4.19,$1.20 per 100 g,https://dm.apac.cms.aldi.cx/is/image/aldiprodapac/product/jpg/scaleWidth/232/8464bdae-bd65-40f5-af37-5b7a00920ec8/Gluten%20Free%20Pasta%20Buckwheat%20Spirals%20350g
Firm Tofu 450g,$2.59,$0.58 per 100 g,https://dm.apac.cms.aldi.cx/is/image/aldiprodapac/product/jpg/scaleWidth/232/4cf5e967-8b1d-4631-8d3e-73f1791be637/Firm%20Tofu%20450g
Wholegrain Powergrain Mix 560g,$5.59,$1.00 per 100 g,https://dm.apac.cms.aldi.cx/is/image/aldiprodapac/product/jpg/scaleWidth/232/91a22d2a-fe5d-4f89-bb70-88f867d70501/Wholegrain%20Powergrain%20Mix%20560g
"Apple, Strawberry & Blueberry Baby Rice Puffs 8+ months 45g",$2.99,$6.64 per 100 g,https://dm.apac.cms.aldi.cx/is/image/aldiprodapac/product/jpg/scaleWidth/232/dffaaf2f-a7c7-42d1-8712-d96a83058826/Apple%20Strawberry%20%20Blueberry%20Baby%20Rice%20Puffs%208%20months%2045g
Speck Wedge,$8.75,$24.99 per 1 kg,https://dm.apac.cms.aldi.cx/is/image/aldiprodapac/product/jpg/scaleWidth/232/9fb6ae76-368f-4a6f-9962-a11ed8920be4/Speck%20Wedge
Pfeffernusse Soft Gingerbread Cookies 200g,$2.29,$1.15 per 100 g,https://dm.apac.cms.aldi.cx/is/image/aldiprodapac/product/jpg/scaleWidth/232/3e10c40f-539f-4408-b972-624b06c5e25c/Pfeffernusse%20Soft%20Gingerbread%20Cookies%20200g
Alfredo Pasta & Sauce 125g,$1.29,$1.03 per 100 g,https://dm.apac.cms.aldi.cx/is/image/aldiprodapac/product/jpg/scaleWidth/232/4c74397c-d748-4ee7-a5ee-018550f99026/Alfredo%20Pasta%20%20Sauce%20125g
Smoked Ocean Trout 200g,$9.99,$49.95 per 1 kg,https://dm.apac.cms.aldi.cx/is/image/aldiprodapac/product/jpg/scaleWidth/232/b4fdc7ee-63fb-4e15-aa5f-4d09ab3b1599/Smoked%20Ocean%20Trout%20200g
"Gourmet Porridge Sachets Honey, Vanilla and Cinnamon 6 Pack 240g",$4.99,$2.08 per 100 g,https://dm.apac.cms.aldi.cx/is/image/aldiprodapac/product/jpg/scaleWidth/232/46a61c8d-5591-4261-a4d9-e4d33654be84/Gourmet%20Porridge%20Sachets%20Honey%20Vanilla%20and%20Cinnamon%206%20Pack%20240g
Strawberry Yogurt Squishy Pouch 150g,$1.35,$0.90 per 100 g,https://dm.apac.cms.aldi.cx/is/image/aldiprodapac/product/jpg/scaleWidth/232/18c72cf0-0fee-464d-8ecb-67025dc76f85/Strawberry%20Yogurt%20Squishy%20Pouch%20150g
Mediterranean Style Dip Olive 200g,$2.69,$1.35 per 100 g,https://dm.apac.cms.aldi.cx/is/image/aldiprodapac/product/jpg/scaleWidth/232/70491331-0b17-4d0a-a5fc-602bb13e0649/Mediterranean%20Style%20Dip%20Olive%20200g
Small Halloween Assortment,$0.99,,https://dm.apac.cms.aldi.cx/is/image/aldiprodapac/product/jpg/scaleWidth/232/77ff847a-9790-4b17-8f8b-7812a6e970ef/Small%20Halloween%20Assortment
Gluten Free Anzac Biscuits 180g,$2.99,$1.66 per 100 g,https://dm.apac.cms.aldi.cx/is/image/aldiprodapac/product/jpg/scaleWidth/232/44a50b50-0316-47ce-92ad-c21b70635a57/Gluten%20Free%20Anzac%20Biscuits%20180g
Microwave Butter Popcorn 100g,$0.89,$0.89 per 100 g,https://dm.apac.cms.aldi.cx/is/image/aldiprodapac/product/jpg/scaleWidth/232/71450616-047f-4952-b41b-7f4909e07a65/Microwave%20Butter%20Popcorn%20100g
Sauerkraut with Beetroot & Apple 460g,$2.59,$5.63 per 1 kg,https://dm.apac.cms.aldi.cx/is/image/aldiprodapac/product/jpg/scaleWidth/232/9e8183e7-eb8a-4392-af7e-c0dc5c5d5d61/Sauerkraut%20with%20Beetroot%20%20Apple%20460g
Garlic Bread 9 Slice 270g,$2.99,$1.11 per 100 g,https://dm.apac.cms.aldi.cx/is/image/aldiprodapac/product/jpg/scaleWidth/232/9a2fdbbb-a381-4fa4-a5ef-100fedce6ffa/Garlic%20Bread%209%20Slice%20270g
Instant Gravy Mix Brown Onion Flavoured 120g,$1.99,$0.17 per 10 g,https://dm.apac.cms.aldi.cx/is/image/aldiprodapac/product/jpg/scaleWidth/232/180a674b-1207-4934-950a-ebab2d63a955/Instant%20Gravy%20Mix%20Brown%20Onion%20Flavoured%20120g
Refried Beans Traditional 454g,$2.39,$0.53 per 100 g,https://dm.apac.cms.aldi.cx/is/image/aldiprodapac/product/jpg/scaleWidth/232/a6c83239-78ff-4925-8708-682d2a2c207e/Refried%20Beans%20Traditional%20454g
Milk Chocolate Balls 140g,$4.79,$3.42 per 100 g,https://dm.apac.cms.aldi.cx/is/image/aldiprodapac/product/jpg/scaleWidth/232/24d6ab74-218b-4252-bbff-59437fc58528/Milk%20Chocolate%20Balls%20140g
Radish 200g,$2.99,$14.95 per 1 kg,https://dm.apac.cms.aldi.cx/is/image/aldiprodapac/product/jpg/scaleWidth/232/792d681d-a632-46f0-b187-7f1c00a47910/Radish%20200g
Greek Style Yogurt Raspberry Pouch 140g,$1.99,$1.42 per 100 g,https://dm.apac.cms.aldi.cx/is/image/aldiprodapac/product/jpg/scaleWidth/232/04d1c277-6323-4e28-89fd-c10fd6a2a521/Greek%20Style%20%20Yogurt%20Raspberry%20Pouch%20140g
Red Sweet Potato 1kg,$5.99,$5.99 per 1 kg,https://dm.apac.cms.aldi.cx/is/image/aldiprodapac/product/jpg/scaleWidth/232/450706d4-9653-4ed4-bb5b-c3b8f3a8a3ed/Red%20Sweet%20Potato%201kg
Turkey Mince 500g,$5.99,$11.98 per 1 kg,https://dm.apac.cms.aldi.cx/is/image/aldiprodapac/product/jpg/scaleWidth/232/bc4d5bc4-0f6f-48ef-a719-42111e33d248/Turkey%20Mince%20500g
Green Tea and Lemon 50 Pack 75g,$2.19,$0.04 per 1 each,https://dm.apac.cms.aldi.cx/is/image/aldiprodapac/product/jpg/scaleWidth/232/c7b046aa-06ac-4c0f-8a34-834400bf1e77/Green%20Tea%20and%20Lemon%2050%20Pack%2075g
Rice Crackers Seaweed 100g,$0.95,$0.95 per 100 g,https://dm.apac.cms.aldi.cx/is/image/aldiprodapac/product/jpg/scaleWidth/232/30f4d866-1c58-4900-966b-c026c2d58cd2/Rice%20Crackers%20Seaweed%20100g
Reduced Fat Cream 230ml,$3.49,,https://dm.apac.cms.aldi.cx/is/image/aldiprodapac/product/jpg/scaleWidth/232/28aa9c61-fb7f-4928-84f4-796495075d6e/Reduced%20Fat%20Cream%20230ml
Dog Food Roll Chicken with Vegetables & Brown Rice 1.4kg,$4.99,$0.36 per 100 g,https://dm.apac.cms.aldi.cx/is/image/aldiprodapac/product/jpg/scaleWidth/232/a8b42207-4062-45eb-b4da-cf9692746dbf/Dog%20Food%20Roll%20Chicken%20with%20Vegetables%20%20Brown%20Rice%201.4kg
Yogurt Coated Rice Cakes 150g,$4.99,$3.33 per 100 g,https://dm.apac.cms.aldi.cx/is/image/aldiprodapac/product/jpg/scaleWidth/232/bc65b5de-0c47-4b1a-96e7-d12cace781f9/Yogurt%20Coated%20Rice%20Cakes%20150g
Organic Coconut & Chia Granola 500g,$5.19,$1.04 per 100 g,https://dm.apac.cms.aldi.cx/is/image/aldiprodapac/product/jpg/scaleWidth/232/f08c92b1-ec6e-4f51-8be1-4a357f700186/Organic%20Coconut%20%20Chia%20Granola%20500g
Fusilli Spirals 500g,$2.69,$0.54 per 100 g,https://dm.apac.cms.aldi.cx/is/image/aldiprodapac/product/jpg/scaleWidth/232/855e754f-0630-45b2-b649-421f768de7ba/Fusilli%20Spirals%20500g
Veggie Straws Sour Cream & Herb 5 Pack 75g,$2.99,$3.99 per 100 g,https://dm.apac.cms.aldi.cx/is/image/aldiprodapac/product/jpg/scaleWidth/232/eeaab4f1-6019-41de-832a-015ae4486ef0/Veggie%20Straws%20Sour%20Cream%20%20Herb%205%20Pack%2075g
Tasty Shredded Cheese 700g,$8.79,$12.56 per 1 kg,https://dm.apac.cms.aldi.cx/is/image/aldiprodapac/product/jpg/scaleWidth/232/10d9841a-5cac-4eb7-9f5c-2619774fb39d/Tasty%20Shredded%20Cheese%20700g
Free Range Chicken Breast Schnitzel 4 Pack 420g,$7.99,$19.02 per 1 kg,https://dm.apac.cms.aldi.cx/is/image/aldiprodapac/product/jpg/scaleWidth/232/74d5c83e-14e1-4328-94e8-09bf479cd319/Free%20Range%20Chicken%20Breast%20Schnitzel%204%20Pack%20420g
Light Squeeze Mayonnaise 535g,$3.59,$0.67 per 100 g,https://dm.apac.cms.aldi.cx/is/image/aldiprodapac/product/jpg/scaleWidth/232/2f0296d5-bd92-48e5-b700-42552a66ec32/Light%20Squeeze%20Mayonnaise%20535g
Whole Chicken with Stuffed Cheesy Garlic Bread,$14.68,$5.99 per 1 kg,https://dm.apac.cms.aldi.cx/is/image/aldiprodapac/product/jpg/scaleWidth/232/a70dd9fd-6dbc-47f1-a05c-7b2ab8ccef9b/Whole%20Chicken%20with%20Stuffed%20Cheesy%20Garlic%20Bread
Fresh Lasagne Sheets 7 Pack 375g,$3.69,$0.98 per 100 g,https://dm.apac.cms.aldi.cx/is/image/aldiprodapac/product/jpg/scaleWidth/232/2eee383b-cfa2-4426-b724-517fdbcb3e09/Fresh%20Lasagne%20Sheets%207%20Pack%20375g
Bangers & Mash 500g,$6.99,$1.40 per 100 g,https://dm.apac.cms.aldi.cx/is/image/aldiprodapac/product/jpg/scaleWidth/232/7329ff5d-f5dc-4a03-8c07-3a878e14da80/Bangers%20%20Mash%20500g
Milk Chocolate Peanuts 190g,$3.29,$1.73 per 100 g,https://dm.apac.cms.aldi.cx/is/image/aldiprodapac/product/jpg/scaleWidth/232/5843b422-39c4-4b43-8c91-33a0b23d575d/Milk%20Chocolate%20Peanuts%20190g
Coonawarra Shiraz 2023 750ml,$11.99,,https://dm.apac.cms.aldi.cx/is/image/aldiprodapac/product/jpg/scaleWidth/232/31c0d185-7394-45d5-b9e0-7369cc419e4d/Coonawarra%20Shiraz%202023%20750ml
Mini Vanilla Cupcakes 12 Pack 240g,$6.29,$2.62 per 100 g,https://dm.apac.cms.aldi.cx/is/image/aldiprodapac/product/jpg/scaleWidth/232/aa44bae2-aa63-49b5-96ec-83ef778c7771/Mini%20Vanilla%20Cupcakes%2012%20Pack%20240g
Wholemeal Loaf 800g,$2.99,$0.37 per 100 g,https://dm.apac.cms.aldi.cx/is/image/aldiprodapac/product/jpg/scaleWidth/232/ca610ac7-13ba-4fcc-ad8d-9e3821196161/Wholemeal%20Loaf%20800g
Macaroni & Cheese Pasta & Sauce 125g,$1.29,$0.99 per 100 g,https://dm.apac.cms.aldi.cx/is/image/aldiprodapac/product/jpg/scaleWidth/232/49ca1d77-2f03-4032-b6a7-c80b8d50792e/Macaroni%20%20Cheese%20Pasta%20%20Sauce%20125g
Italian Style Yellowfin Tuna Chunks in Oil 185g,$2.29,$12.38 per 1 kg,https://dm.apac.cms.aldi.cx/is/image/aldiprodapac/product/jpg/scaleWidth/232/7c0c71ea-3793-41a0-ae82-f2f30566474c/Italian%20Style%20Yellowfin%20Tuna%20Chunks%20in%20Oil%20185g
Milk Chocolate Coated Liquorice Twists 270g,$2.49,$0.92 per 100 g,https://dm.apac.cms.aldi.cx/is/image/aldiprodapac/product/jpg/scaleWidth/232/4739e0e9-6ba2-4207-a1b5-5db17f1b913d/Milk%20Chocolate%20Coated%20Liquorice%20Twists%20270g
Grilled Artichokes 280g,$2.99,$10.68 per 1 kg,https://dm.apac.cms.aldi.cx/is/image/aldiprodapac/product/jpg/scaleWidth/232/89c0154f-a225-4b54-8190-7b530e52c90e/Grilled%20Artichokes%20280g
Assorted Effervescent Electrolytes Tablets 20 Pack,$6.99,$0.35 per 1 each,https://dm.apac.cms.aldi.cx/is/image/aldiprodapac/product/jpg/scaleWidth/232/dcee80b5-dd8a-4fa3-b7fe-f19659012e11/Assorted%20Effervescent%20Electrolytes%20Tablets%2020%20Pack
Snakos Barbecue Biscuits 200g,$1.79,$0.90 per 100 g,https://dm.apac.cms.aldi.cx/is/image/aldiprodapac/product/jpg/scaleWidth/232/5b423f31-9f27-478a-bd5c-d1db69884246/Snakos%20Barbecue%20Biscuits%20200g
Full Cream Milk 2L,$3.19,$1.60 per 1 L,https://dm.apac.cms.aldi.cx/is/image/aldiprodapac/product/jpg/scaleWidth/232/a17bcc6d-7a5f-49b9-adeb-224d162553d4/Full%20Cream%20Milk%202L
Assorted Nitrile Coated Gloves,$5.99,,https://dm.apac.cms.aldi.cx/is/image/aldiprodapac/product/jpg/scaleWidth/232/8c51c380-122d-4794-a321-0dfd8e4b73ed/Assorted%20Nitrile%20Coated%20Gloves
Mountain Grown Coffee Capsules 10 Pack,$4.99,$0.50 per 1 each,https://dm.apac.cms.aldi.cx/is/image/aldiprodapac/product/jpg/scaleWidth/232/8c8a6e3b-4946-496c-bb65-bbf13ead391c/Mountain%20Grown%20Coffee%20Capsules%2010%20Pack
Oxy Laundry Soaker 1kg,$3.49,$3.49 per 1 kg,https://dm.apac.cms.aldi.cx/is/image/aldiprodapac/product/jpg/scaleWidth/232/703040c7-7ddc-4166-96c2-7c32b87c6bf8/Oxy%20Laundry%20Soaker%201kg
Wild Sardines in Olive Oil 106g,$2.29,$21.60 per 1 kg,https://dm.apac.cms.aldi.cx/is/image/aldiprodapac/product/jpg/scaleWidth/232/2fce05f4-9b15-4304-b0df-7aaab73c159d/Wild%20Sardines%20in%20Olive%20Oil%20106g
Gourmet Protein Bars Almond & Salted Dark Choc 5 Pack 200g,$3.99,$2.00 per 100 g,https://dm.apac.cms.aldi.cx/is/image/aldiprodapac/product/jpg/scaleWidth/232/5e00c0ba-e580-48b6-a92c-65ca7509fc2a/Gourmet%20Protein%20Bars%20Almond%20%20Salted%20Dark%20Choc%205%20Pack%20200g
Crumbed Calamari Rings 400g,$4.69,$11.73 per 1 kg,https://dm.apac.cms.aldi.cx/is/image/aldiprodapac/product/jpg/scaleWidth/232/7394db98-937c-4bfb-a7ad-b4b61034bc03/Crumbed%20Calamari%20Rings%20400g
Dental Floss 2 Pack 50m,$3.79,$0.04 per 1 m,https://dm.apac.cms.aldi.cx/is/image/aldiprodapac/product/jpg/scaleWidth/232/12b6a7a3-f7e6-4a74-840c-f188784bc78d/Dental%20Floss%202%20Pack%2050m
Mexican Burrito Kit 495g,$5.49,$1.11 per 100 g,https://dm.apac.cms.aldi.cx/is/image/aldiprodapac/product/jpg/scaleWidth/232/f535c6d1-bdd6-46c1-b3f1-17826a7b6e01/Mexican%20Burrito%20Kit%20495g
Lager Beer 24x330ml,$33.99,,https://dm.apac.cms.aldi.cx/is/image/aldiprodapac/product/jpg/scaleWidth/232/45cda14d-046f-4946-ae2b-abb114df3532/Lager%20Beer%2024x330ml
Diavola Pizza 500g,$11.99,$2.40 per 100 g,https://dm.apac.cms.aldi.cx/is/image/aldiprodapac/product/jpg/scaleWidth/232/85975bbc-c3c9-461b-a1aa-294261db4b1e/Diavola%20Pizza%20500g
Revive Hyaluron Serum 30ml,$12.99,$43.30 per 100 ml,https://dm.apac.cms.aldi.cx/is/image/aldiprodapac/product/jpg/scaleWidth/232/47e96d17-fa49-4ecc-957e-e3d162c17c15/Revive%20Hyaluron%20Serum%2030ml
Assorted Cotton Tea Towel 3 Pack,$7.99,,https://dm.apac.cms.aldi.cx/is/image/aldiprodapac/product/jpg/scaleWidth/232/80021757-005b-44d7-8cde-6c075e24ddce/Assorted%20Cotton%20Tea%20Towel%203%20Pack
"Dog Food Meatballs Chicken with Rice, Carrot and Spinach 900g",$5.99,$0.67 per 100 g,https://dm.apac.cms.aldi.cx/is/image/aldiprodapac/product/jpg/scaleWidth/232/6938a689-0f5a-4194-937e-622d3f73836a/Dog%20Food%20Meatballs%20Chicken%20with%20Rice%20Carrot%20and%20Spinach%20900g
Turmeric Indian Spices 235g,$4.29,$0.18 per 10 g,https://dm.apac.cms.aldi.cx/is/image/aldiprodapac/product/jpg/scaleWidth/232/603de676-4013-498c-a7f5-b6a98a74b1b0/Turmeric%20Indian%20Spices%20235g
Sponge Scourers - Heavy Duty 3 Pack,$1.49,$0.50 per 1 each,https://dm.apac.cms.aldi.cx/is/image/aldiprodapac/product/jpg/scaleWidth/232/55726257-fd55-4076-a27c-5d9b3c98e78c/Sponge%20Scourers%20%20Heavy%20Duty%203%20Pack
Swim Pants 9-15kg or 12kg+,$9.99,$0.83 per 1 each,https://dm.apac.cms.aldi.cx/is/image/aldiprodapac/product/jpg/scaleWidth/232/07641b8b-52c9-4a98-8e21-b6f6db5ef3d2/Swim%20Pants%20915kg%20or%2012kg
Spreadable Cream Cheese 250g,$2.39,$9.56 per 1 kg,https://dm.apac.cms.aldi.cx/is/image/aldiprodapac/product/jpg/scaleWidth/232/cb66fe84-8c4a-406a-9f3c-8a3a13bd1994/Spreadable%20Cream%20Cheese%20250g
Espresso Ristretto Coffee Capsules 10 Pack 55g,$3.25,$0.33 per 1 each,https://dm.apac.cms.aldi.cx/is/image/aldiprodapac/product/jpg/scaleWidth/232/7eb7bb37-2dda-4c12-a259-a377aa8cfde2/Espresso%20Ristretto%20Coffee%20Capsules%2010%20Pack%2055g
Chow Mein Recipe Base 32g,$1.49,$4.66 per 100 g,https://dm.apac.cms.aldi.cx/is/image/aldiprodapac/product/jpg/scaleWidth/232/dc9e6b6b-496e-46c2-8760-49105e3f1dba/Chow%20Mein%20Recipe%20Base%2032g
German Bread 500g,$3.69,$0.74 per 100 g,https://dm.apac.cms.aldi.cx/is/image/aldiprodapac/product/jpg/scaleWidth/232/1c4df0aa-7fdf-4470-b17f-f80e3384ada4/German%20Bread%20500g
Chocolate Liquid Breakfast 6x250ml,$8.69,$5.79 per 1 L,https://dm.apac.cms.aldi.cx/is/image/aldiprodapac/product/jpg/scaleWidth/232/cc1e067c-e682-480b-94be-a51d8b75d080/Chocolate%20Liquid%20Breakfast%206x250ml
Double Time 12 Pack 180g,$4.99,$2.77 per 100 g,https://dm.apac.cms.aldi.cx/is/image/aldiprodapac/product/jpg/scaleWidth/232/422dcd90-6f7b-4047-bcb2-0b2c4efed76a/Double%20Time%2012%20Pack%20180g
Assorted Toilet Cleaner 700ml,$2.69,$0.38 per 100 ml,https://dm.apac.cms.aldi.cx/is/image/aldiprodapac/product/jpg/scaleWidth/232/80d4dcff-5a87-4f1c-b40e-8c44b3dc2e0f/Assorted%20Toilet%20Cleaner%20700ml
Coriander Seeds Ground 40g,$2.79,$0.70 per 10 g,https://dm.apac.cms.aldi.cx/is/image/aldiprodapac/product/jpg/scaleWidth/232/3a1bffaa-8098-4f06-acb2-d423ca35c943/Coriander%20Seeds%20Ground%2040g
Roller Covers 10 Pack,$9.99,,https://dm.apac.cms.aldi.cx/is/image/aldiprodapac/product/jpg/scaleWidth/232/a7825cf0-1476-4cb8-ae02-fb50c8df9204/Roller%20Covers%2010%20Pack
Assorted Produce Savers,$4.99,,https://dm.apac.cms.aldi.cx/is/image/aldiprodapac/product/jpg/scaleWidth/232/d20ebde8-55f7-40a4-9957-7b8e9749b3a7/Assorted%20Produce%20Savers
Italian Mineral Water 1.5L,$2.29,$1.53 per 1 L,https://dm.apac.cms.aldi.cx/is/image/aldiprodapac/product/jpg/scaleWidth/232/62c87fa6-be70-4584-9516-ade28babd4e0/Italian%20Mineral%20Water%201.5L
Washed Potatoes Loose,$0.70/0.14 kg,$4.99 per 1 kg,https://dm.apac.cms.aldi.cx/is/image/aldiprodapac/product/jpg/scaleWidth/232/22b20f3f-6998-4ec3-8732-ab5354b94bc8/Washed%20Potatoes%20Loose
Eucalyptus Honey 400g,$5.89,$1.47 per 100 g,https://dm.apac.cms.aldi.cx/is/image/aldiprodapac/product/jpg/scaleWidth/232/72b6614f-771d-4ca8-b394-8ed3e4e0c80b/Eucalyptus%20Honey%20400g
RSPCA Approved Chicken Mince 500g,$5.49,$10.98 per 1 kg,https://dm.apac.cms.aldi.cx/is/image/aldiprodapac/product/jpg/scaleWidth/232/d9074bab-0ac5-4b29-ab0c-b750f7c248ee/RSPCA%20Approved%20Chicken%20Mince%20500g
Lightly Sparkling Spring Water 12x500ml,$6.99,$1.17 per 1 L,https://dm.apac.cms.aldi.cx/is/image/aldiprodapac/product/jpg/scaleWidth/232/2ab7034f-0c81-4411-8424-b8fe5eec9a9d/Lightly%20Sparkling%20Spring%20Water%2012x500ml
Super Moist Vanilla Cake Mix 540g,$3.79,$0.70 per 100 g,https://dm.apac.cms.aldi.cx/is/image/aldiprodapac/product/jpg/scaleWidth/232/c034aa54-d3c0-4c60-9272-aed95edb3514/Super%20Moist%20Vanilla%20Cake%20Mix%20540g
Peanut Bucket 575g,$13.99,$2.43 per 100 g,https://dm.apac.cms.aldi.cx/is/content/aldiprodapac/1001860-2_COMING-SOON-GREYSCALE_RGB_OUTLINED_1200x1200
Hundreds & Thousands Biscuits 200g,$1.99,$1.00 per 100 g,https://dm.apac.cms.aldi.cx/is/image/aldiprodapac/product/jpg/scaleWidth/232/d4086617-ef0d-4744-b109-235675b1b952/Hundreds%20%20Thousands%20Biscuits%20200g
Bar Mix 375g,$4.79,$12.77 per 1 kg,https://dm.apac.cms.aldi.cx/is/image/aldiprodapac/product/jpg/scaleWidth/232/e716e933-29f6-46a6-ae81-93b2344d5eb6/Bar%20Mix%20375g
Christmas Baubles Gin,$27.99,,https://dm.apac.cms.aldi.cx/is/image/aldiprodapac/product/jpg/scaleWidth/232/5c101f17-6d91-426d-997b-3eadddd81cc3/Christmas%20Baubles%20Gin
Fresh Marinated Chicken Wings Honey Soy 1kg,$8.99,$8.99 per 1 kg,https://dm.apac.cms.aldi.cx/is/image/aldiprodapac/product/jpg/scaleWidth/232/90106cdf-982f-4bf3-add9-c4b865be0b5a/Fresh%20Marinated%20Chicken%20Wings%20Honey%20Soy%201kg
Dutch Gouda Cheese Portion 265g,$4.99,$18.83 per 1 kg,https://dm.apac.cms.aldi.cx/is/image/aldiprodapac/product/jpg/scaleWidth/232/d5c32fcb-b1e0-414b-a544-66252ecd9c8a/Dutch%20Gouda%20Cheese%20Portion%20265g
Shave Gel Silk Sensitive 198g,$5.99,$3.03 per 100 g,https://dm.apac.cms.aldi.cx/is/image/aldiprodapac/product/jpg/scaleWidth/232/be974eae-5b96-4c6a-9018-0babc03e2c02/Shave%20Gel%20Silk%20Sensitive%20198g
Tasty Cheese Slices 250g,$5.49,$21.96 per 1 kg,https://dm.apac.cms.aldi.cx/is/image/aldiprodapac/product/jpg/scaleWidth/232/41cf11b1-964e-4e0b-9eb7-429a6b99a425/Tasty%20Cheese%20Slices%20250g
Fruit Mince Pies 6 Pack 360g,$4.29,$1.19 per 100 g,https://dm.apac.cms.aldi.cx/is/image/aldiprodapac/product/jpg/scaleWidth/232/68dfc764-79c4-40d4-8b19-e3082cde2fc9/Fruit%20Mince%20Pies%206%20Pack%20360g
Champagne Leg Ham 100g,$1.99,$19.90 per 1 kg,https://dm.apac.cms.aldi.cx/is/image/aldiprodapac/product/jpg/scaleWidth/232/404b2740-6064-41c7-8ab7-0de6840d9d7d/Champagne%20Leg%20Ham%20100g
Natural Grain Free Dog Food 400g,$2.19,$0.55 per 100 g,https://dm.apac.cms.aldi.cx/is/image/aldiprodapac/product/jpg/scaleWidth/232/1c19535f-3c87-4926-94b6-b293dd18dcba/Natural%20Grain%20Free%20Dog%20Food%20400g
Assorted Sofa Stretch Slipcover,$44.99,,https://dm.apac.cms.aldi.cx/is/image/aldiprodapac/product/jpg/scaleWidth/232/054eb5df-bbea-4e4b-9090-18e6728e0520/Assorted%20Sofa%20Stretch%20Slipcover
Energy Drink White 99% Sugar Free 500ml,$1.99,$3.98 per 1 L,https://dm.apac.cms.aldi.cx/is/image/aldiprodapac/product/jpg/scaleWidth/232/4d0c38f0-c575-4bba-b32c-6deb30daafe2/Energy%20Drink%20White%2099%25%20Sugar%20Free%20500ml
Japanese Style Teriyaki Stir Fry Sauce 275g,$3.99,$1.45 per 100 g,https://dm.apac.cms.aldi.cx/is/image/aldiprodapac/product/jpg/scaleWidth/232/09a80744-de62-4254-88c9-3ff100c85bd9/Japanese%20Style%20Teriyaki%20Stir%20Fry%20Sauce%20275g
Siciliana Gourmet Pasta Sauce 400g,$3.99,$1.00 per 100 g,https://dm.apac.cms.aldi.cx/is/image/aldiprodapac/product/jpg/scaleWidth/232/9b5e1aeb-cf90-4f79-94d9-37877fe6bf8d/Siciliana%20Gourmet%20Pasta%20Sauce%20400g
Assorted Disinfectant 1.25L,$2.29,$0.18 per 100 ml,https://dm.apac.cms.aldi.cx/is/image/aldiprodapac/product/jpg/scaleWidth/232/e356ef7c-3dae-4e5b-9265-70613843dff6/Assorted%20Disinfectant%201.25L
Assorted Deluxe Nut Mixes 500g,$9.49,$18.98 per 1 kg,https://dm.apac.cms.aldi.cx/is/image/aldiprodapac/product/jpg/scaleWidth/232/755d7a8b-d68a-4c11-ad7b-21b7cd4889a5/Assorted%20Deluxe%20Nut%20Mixes%20500g
Laksa Cup Soup 100g,$1.35,$1.35 per 100 g,https://dm.apac.cms.aldi.cx/is/image/aldiprodapac/product/jpg/scaleWidth/232/3e840ecf-04e0-4f41-b0b3-57ca8b5292f7/Laksa%20Cup%20Soup%20100g
Vanilla Reduced Fat Ice Cream 4L,$6.99,$0.17 per 100 ml,https://dm.apac.cms.aldi.cx/is/image/aldiprodapac/product/jpg/scaleWidth/232/ebd9352e-f481-436e-8f29-0ca1a75b6759/Vanilla%20Reduced%20Fat%20Ice%20Cream%204L
Pains Au Chocolat 6 Pack 270g,$4.69,$1.74 per 100 g,https://dm.apac.cms.aldi.cx/is/image/aldiprodapac/product/jpg/scaleWidth/232/2f8b1aaa-0a6c-46a1-86f2-c48eb5ff9eec/Pains%20Au%20Chocolat%206%20Pack%20270g
Corn Fritters 500g,$4.39,$8.78 per 1 kg,https://dm.apac.cms.aldi.cx/is/image/aldiprodapac/product/jpg/scaleWidth/232/580c965d-45ec-4fe1-8d89-6dfab8f340ec/Corn%20Fritters%20500g
Soy & Linseed Sourdough 500g,$3.69,$0.74 per 100 g,https://dm.apac.cms.aldi.cx/is/image/aldiprodapac/product/jpg/scaleWidth/232/ad3bcfdd-8eae-40d6-858c-3ee2d2d004dc/Soy%20%20Linseed%20Sourdough%20500g
Muesli Bars Chewy Choc Chip 15 Pack 470g,$5.49,$1.17 per 100 g,https://dm.apac.cms.aldi.cx/is/image/aldiprodapac/product/jpg/scaleWidth/232/d39b109a-7091-41f8-b1d0-91a43676525e/Muesli%20Bars%20Chewy%20Choc%20Chip%2015%20Pack%20470g
Korma Simmer Sauce 500g,$2.69,$0.54 per 100 g,https://dm.apac.cms.aldi.cx/is/image/aldiprodapac/product/jpg/scaleWidth/232/60d260f3-77d4-40ec-ad6f-e97f1fa1e92c/Korma%20Simmer%20Sauce%20500g
Sparkling Sangria 750ml,$7.99,,https://dm.apac.cms.aldi.cx/is/image/aldiprodapac/product/jpg/scaleWidth/232/3973c79e-7dc2-495c-9154-58636eba3be5/Sparkling%20Sangria%20750ml
Lactose Free Kids Yoghurt Pouch Vanilla 140g,$1.99,$1.42 per 100 g,https://dm.apac.cms.aldi.cx/is/image/aldiprodapac/product/jpg/scaleWidth/232/30f82b23-aa83-4e3c-b3ab-0d875eb9ca08/Lactose%20Free%20Kids%20Yoghurt%20Pouch%20Vanilla%20140g
Espresso Colombia Coffee Capsules 10 Pack x 3,$18.99,$0.63 per 1 each,https://dm.apac.cms.aldi.cx/is/image/aldiprodapac/product/jpg/scaleWidth/232/8b4c22b4-4440-4c45-9aa9-91a39029a7dc/Espresso%20Colombia%20Coffee%20Capsules%2010%20Pack%20x%203
Assorted Meal Replacement Bars 55g,$2.49,$4.53 per 100 g,https://dm.apac.cms.aldi.cx/is/image/aldiprodapac/product/jpg/scaleWidth/232/7672aab5-d0b0-44a2-9520-7b456629c39a/Assorted%20Meal%20Replacement%20Bars%2055g
Crispy Skin On Fries 750g,$3.99,$5.32 per 1 kg,https://dm.apac.cms.aldi.cx/is/image/aldiprodapac/product/jpg/scaleWidth/232/b14d8c12-0c9c-4262-8cad-4c78168ca542/Crispy%20Skin%20On%20Fries%20750g
Assorted Glow in the Dark Quilt Cover Set - Single Size,$24.99,,https://dm.apac.cms.aldi.cx/is/image/aldiprodapac/product/jpg/scaleWidth/232/661cc59e-2fe5-4338-aa82-1605b944be30/Assorted%20Glow%20in%20the%20Dark%20Quilt%20Cover%20Set%20%20Single%20Size
Cous Cous 500g,$1.99,$0.40 per 100 g,https://dm.apac.cms.aldi.cx/is/image/aldiprodapac/product/jpg/scaleWidth/232/0d606d67-9049-4303-82d6-513187f083af/Cous%20Cous%20500g
Classic Instant Coffee Espresso 400g,$25.99,$6.50 per 100 g,https://dm.apac.cms.aldi.cx/is/image/aldiprodapac/product/jpg/scaleWidth/232/ded3302b-5f59-4c5f-ab66-4cd8d39891ae/Classic%20Instant%20Coffee%20Espresso%20400g
Dipped Pretzels 120g,$6.99,$5.83 per 100 g,https://dm.apac.cms.aldi.cx/is/image/aldiprodapac/product/jpg/scaleWidth/232/52ebeb4c-6f2c-4709-8881-72b0fb958517/Dipped%20Pretzels%20120g
Scotch Finger Biscuits 250g,$1.25,$0.50 per 100 g,https://dm.apac.cms.aldi.cx/is/image/aldiprodapac/product/jpg/scaleWidth/232/2df0c7e3-cbec-44cd-b33c-1dcea89531a0/Scotch%20Finger%20Biscuits%20250g
Sugar Free Maria Biscuits 200g,$2.49,$1.25 per 100 g,https://dm.apac.cms.aldi.cx/is/image/aldiprodapac/product/jpg/scaleWidth/232/4d7d9dfd-6bfc-4a16-9340-91bc2110b48e/Sugar%20Free%20Maria%20Biscuits%20200g
Kids Vanilla Yoghurt 140g,$1.99,$1.42 per 100 g,https://dm.apac.cms.aldi.cx/is/image/aldiprodapac/product/jpg/scaleWidth/232/0496e92b-001a-4224-9e9b-118775c016c1/Kids%20Vanilla%20Yoghurt%20140g
Assorted Cleansing Wipes 30 Pack,$1.79,$0.06 per 1 each,https://dm.apac.cms.aldi.cx/is/image/aldiprodapac/product/jpg/scaleWidth/232/0af5d67b-d443-4915-80b5-122fcbcbd73a/Assorted%20Cleansing%20Wipes%2030%20Pack
Coca-Cola Classic Soft Drink Multipack Cans 30x375mL,$31.99,$2.84 per 1 L,https://dm.apac.cms.aldi.cx/is/image/aldiprodapac/product/jpg/scaleWidth/232/acf70520-244e-4a50-8de3-02b9be94a362/CocaCola%20Classic%20Soft%20Drink%20Multipack%20Cans%2030x375mL
Caster Sugar 1kg,$2.09,$0.21 per 100 g,https://dm.apac.cms.aldi.cx/is/image/aldiprodapac/product/jpg/scaleWidth/232/4636f762-5a14-45b5-9a93-c394462ba8c9/Caster%20Sugar%201kg
Just Divine Biscuits 200g,$2.89,$1.45 per 100 g,https://dm.apac.cms.aldi.cx/is/image/aldiprodapac/product/jpg/scaleWidth/232/3d8919ad-50bf-4106-962f-913fce00ef28/Just%20Divine%20Biscuits%20200g
Assorted Shampoo or Conditioner 400ml,$4.49,$1.12 per 100 ml,https://dm.apac.cms.aldi.cx/is/image/aldiprodapac/product/jpg/scaleWidth/232/b323c225-044b-4287-86b0-2f72e80b9564/Assorted%20Shampoo%20or%20Conditioner%20400ml
Quick Oats 750g,$1.49,$0.20 per 100 g,https://dm.apac.cms.aldi.cx/is/image/aldiprodapac/product/jpg/scaleWidth/232/a625bc6a-6a32-4206-bb47-0d90a032b5e5/Quick%20Oats%20750g
Assorted Fridge Storage Containers with Baskets,$7.99,,https://dm.apac.cms.aldi.cx/is/image/aldiprodapac/product/jpg/scaleWidth/232/3147e7c3-cc00-4182-991d-6ef391e47e8b/Assorted%20Fridge%20Storage%20Containers%20with%20Baskets
Salami Cheese and Crackers 50g,$2.69,$53.80 per 1 kg,https://dm.apac.cms.aldi.cx/is/image/aldiprodapac/product/jpg/scaleWidth/232/8083a836-9a74-435c-958e-184244431996/Salami%20Cheese%20and%20Crackers%2050g
Luxe Reserve Ethiopia 500g,$15.99,$3.20 per 100 g,https://dm.apac.cms.aldi.cx/is/image/aldiprodapac/product/jpg/scaleWidth/232/edc33184-69f0-4cb0-bb9d-8e603f4e512a/Luxe%20Reserve%20Ethiopia%20500g
Coconut Water 1.25L,$3.49,$2.79 per 1 L,https://dm.apac.cms.aldi.cx/is/image/aldiprodapac/product/jpg/scaleWidth/232/2e2f89a6-460b-4ef1-8185-d2cdd7564025/Coconut%20Water%201.25L
Continental Parsley Bunch,$2.99,$2.99 per 1 each,https://dm.apac.cms.aldi.cx/is/image/aldiprodapac/product/jpg/scaleWidth/232/f0d9b246-d3de-46ae-8999-8c4f2d5b5944/Continental%20Parsley%20Bunch
Beef Scotch Fillet Steak,$30.04,$31.99 per 1 kg,https://dm.apac.cms.aldi.cx/is/image/aldiprodapac/product/jpg/scaleWidth/232/7b8016e3-574f-4ab5-96c4-c937bc8e5872/Beef%20Scotch%20Fillet%20Steak
Vitamin C 1000mg 60 Pack,$10.49,$0.17 per 1 each,https://dm.apac.cms.aldi.cx/is/image/aldiprodapac/product/jpg/scaleWidth/232/9c8eceee-c697-4267-a1d7-2c517d2a5a6b/Vitamin%20C%201000mg%2060%20Pack
Assorted Toilet Power Gel 700ml,$2.19,$0.31 per 100 ml,https://dm.apac.cms.aldi.cx/is/image/aldiprodapac/product/jpg/scaleWidth/232/a5ad42af-690d-46cc-858c-597ab82cd3a7/Assorted%20Toilet%20Power%20Gel%20700ml
Large & Thick Facial Tissues 95 Pack,$2.49,$2.62 per 100 sheets,https://dm.apac.cms.aldi.cx/is/image/aldiprodapac/product/jpg/scaleWidth/232/dba364f0-8a7e-4620-92f0-e56898127a2a/Large%20%20Thick%20Facial%20Tissues%2095%20Pack
Tikka Masala Simmer Sauce 500g,$2.69,$0.54 per 100 g,https://dm.apac.cms.aldi.cx/is/image/aldiprodapac/product/jpg/scaleWidth/232/38bf7166-3206-4e6a-a079-22abc8004928/Tikka%20Masala%20Simmer%20Sauce%20500g
Assorted Shampoo or Conditioner 940ml,$6.29,$0.67 per 100 ml,https://dm.apac.cms.aldi.cx/is/image/aldiprodapac/product/jpg/scaleWidth/232/003ef7c7-27c0-432d-a764-c56642836b70/Assorted%20Shampoo%20or%20Conditioner%20940ml
Herb & Lemon Butterflied Pork 1kg,$13.04,$14.49 per 1 kg,https://dm.apac.cms.aldi.cx/is/image/aldiprodapac/product/jpg/scaleWidth/232/eb54869d-d03d-41a5-b4dc-f7bf4de010b7/Herb%20%20Lemon%20Butterflied%20Pork%201kg
Milk Chocolate Raspberry Bites 120g,$2.99,$2.49 per 100 g,https://dm.apac.cms.aldi.cx/is/image/aldiprodapac/product/jpg/scaleWidth/232/9067074f-bebc-4a2b-abb1-0094620139b2/Milk%20Chocolate%20Raspberry%20Bites%20120g
Pork Cordon Bleu 480g,$9.99,$20.81 per 1 kg,https://dm.apac.cms.aldi.cx/is/image/aldiprodapac/product/jpg/scaleWidth/232/06468fc4-e032-4f8f-b392-a45099723da9/Pork%20Cordon%20Bleu%20480g
Mediterranean Extra Virgin Olive Oil 3.78L,$38.99,$1.03 per 100 ml,https://dm.apac.cms.aldi.cx/is/image/aldiprodapac/product/jpg/scaleWidth/232/7d8448ca-52d6-4595-9c3c-b9bd545d6075/Mediterranean%20Extra%20Virgin%20Olive%20Oil%203.78L
Peaches in Mango Flavoured Jelly 4x 125g,$2.09,$4.18 per 1 kg,https://dm.apac.cms.aldi.cx/is/image/aldiprodapac/product/jpg/scaleWidth/232/3152e151-f268-4f3e-992a-77a9212ee634/Peaches%20in%20Mango%20Flavoured%20Jelly%204x%20125g
No Added Sugar Raspberry Yogurt Pouch 110g,$1.19,$1.08 per 100 g,https://dm.apac.cms.aldi.cx/is/image/aldiprodapac/product/jpg/scaleWidth/232/72864ae3-1c18-4ca0-a31c-78a9827e7e77/No%20Added%20Sugar%20Raspberry%20Yogurt%20Pouch%20110g
Kit Kat Mixed Blocks - Milo 165g,$5.29,$3.21 per 100 g,https://dm.apac.cms.aldi.cx/is/content/aldiprodapac/1001860-2_COMING-SOON-GREYSCALE_RGB_OUTLINED_1200x1200
Dahlia or Gladioli Packet Bulbs,$8.99,,https://dm.apac.cms.aldi.cx/is/image/aldiprodapac/product/jpg/scaleWidth/232/78479593-99ff-4a7c-9e3a-47402a116fa4/Dahlia%20or%20Gladioli%20Packet%20Bulbs
Natural Fine Wafer Crackers 100g,$1.79,$1.79 per 100 g,https://dm.apac.cms.aldi.cx/is/image/aldiprodapac/product/jpg/scaleWidth/232/88e91510-30ab-4a36-9318-c4783f34636a/Natural%20Fine%20Wafer%20Crackers%20100g
Assorted Laundry Liquid Concentrate 4L,$10.99,$2.75 per 1 L,https://dm.apac.cms.aldi.cx/is/image/aldiprodapac/product/jpg/scaleWidth/232/f1f86db2-ceec-4a6e-b801-3aade3f9eea8/Assorted%20Laundry%20Liquid%20Concentrate%204L
Crumbed Chicken Breast Alphabites 1kg,$7.99,$7.99 per 1 kg,https://dm.apac.cms.aldi.cx/is/image/aldiprodapac/product/jpg/scaleWidth/232/85f8906f-da77-46b0-9d23-81bc15bcc477/Crumbed%20Chicken%20Breast%20Alphabites%201kg
Pork And Beef Mince 500g,$5.99,$11.98 per 1 kg,https://dm.apac.cms.aldi.cx/is/image/aldiprodapac/product/jpg/scaleWidth/232/297a8910-6ed9-45f2-8fdc-cbe03fa834ca/Pork%20And%20Beef%20Mince%20500g
Womens Razor Value Pack,$23.99,$23.99 per 1 each,https://dm.apac.cms.aldi.cx/is/image/aldiprodapac/product/jpg/scaleWidth/232/98728911-f798-4dde-ace5-5a6c056ccefc/Womens%20Razor%20Value%20Pack
Colby Cheese Block 500g,$6.99,$13.98 per 1 kg,https://dm.apac.cms.aldi.cx/is/image/aldiprodapac/product/jpg/scaleWidth/232/0a86f014-63e1-4493-a089-78267f41aec6/Colby%20Cheese%20Block%20500g
Milk Frother,$31.99,,https://dm.apac.cms.aldi.cx/is/image/aldiprodapac/product/jpg/scaleWidth/232/20707939-52d7-490c-a098-2144f91fd1ee/Milk%20Frother
Choc Chip Teddy Tots Biscuits 10 Pack 250g,$3.29,$1.32 per 100 g,https://dm.apac.cms.aldi.cx/is/image/aldiprodapac/product/jpg/scaleWidth/232/5d61b3cf-5e32-4d17-a42e-6f42bb15d786/Choc%20Chip%20Teddy%20Tots%20Biscuits%2010%20Pack%20250g
Special Burger Sauce 240g,$2.09,$0.87 per 100 g,https://dm.apac.cms.aldi.cx/is/image/aldiprodapac/product/jpg/scaleWidth/232/eef10352-6ccb-47dc-8e7f-7510b2ba3576/Special%20Burger%20Sauce%20240g
Dishwasher Tablets 45 Pack,$6.19,$0.14 per 1 each,https://dm.apac.cms.aldi.cx/is/image/aldiprodapac/product/jpg/scaleWidth/232/66e193f2-907b-4b54-959b-ff538ba5e7d4/Dishwasher%20Tablets%2045%20Pack
Italian Blend Coffee Pods 16 Pack 124g,$7.99,$0.50 per 1 each,https://dm.apac.cms.aldi.cx/is/image/aldiprodapac/product/jpg/scaleWidth/232/171d53b0-74fd-48b1-a671-240cb7d933ae/Italian%20Blend%20Coffee%20Pods%2016%20Pack%20124g
Instant Gravy Mix Roast Meat Flavoured 120g,$1.99,$0.17 per 10 g,https://dm.apac.cms.aldi.cx/is/image/aldiprodapac/product/jpg/scaleWidth/232/0193062b-224a-4687-b4bc-55558316037a/Instant%20Gravy%20Mix%20Roast%20Meat%20Flavoured%20120g
Capsicum with Roasted Garlic and Feta Dip 150g,$2.99,$1.99 per 100 g,https://dm.apac.cms.aldi.cx/is/image/aldiprodapac/product/jpg/scaleWidth/232/1d6acb27-3e4e-4843-bc6d-c47cdcd5988a/Capsicum%20with%20Roasted%20Garlic%20and%20Feta%20Dip%20150g
Mega Mix Chip or Treat 60pk 1140g,$20.99,$1.84 per 100 g,https://dm.apac.cms.aldi.cx/is/image/aldiprodapac/product/jpg/scaleWidth/232/2164111e-ba8f-46ee-ac4d-3af624d7b726/Mega%20Mix%20Chip%20or%20Treat%2060pk%201140g
Peach Slices In Syrup 825g,$2.39,$2.90 per 1 kg,https://dm.apac.cms.aldi.cx/is/image/aldiprodapac/product/jpg/scaleWidth/232/14b8b982-21ea-496e-9fc1-0cfd8f074ce4/Peach%20Slices%20In%20Syrup%20825g
Paprika Indian Spices 200g,$4.29,$0.21 per 10 g,https://dm.apac.cms.aldi.cx/is/image/aldiprodapac/product/jpg/scaleWidth/232/680d9f2d-25a2-4063-8250-ea324c5914fd/Paprika%20Indian%20Spices%20200g
Goulburn Valley & King Valley Cabernet Merlot 750mL,$7.99,,https://dm.apac.cms.aldi.cx/is/image/aldiprodapac/product/jpg/scaleWidth/232/e5364216-150c-46cf-9391-3319b0002bef/Goulburn%20Valley%20%20King%20Valley%20Cabernet%20Merlot%20750mL
Yellowfin Tuna Chunks with Pepper And Lemon Flavour 95g,$1.29,$13.58 per 1 kg,https://dm.apac.cms.aldi.cx/is/image/aldiprodapac/product/jpg/scaleWidth/232/208eb9ff-3cc2-43bc-a808-253b10df8a13/Yellowfin%20Tuna%20Chunks%20with%20Pepper%20And%20Lemon%20Flavour%2095g
Milk Chocolate Mini Bars 5 Pack 40g,$5.49,$2.75 per 100 g,https://dm.apac.cms.aldi.cx/is/image/aldiprodapac/product/jpg/scaleWidth/232/5fe04021-4c00-424f-94bd-82db0372d5e3/Milk%20Chocolate%20Mini%20Bars%205%20Pack%2040g
Raisins 1kg,$9.99,$9.99 per 1 kg,https://dm.apac.cms.aldi.cx/is/image/aldiprodapac/product/jpg/scaleWidth/232/5f0b735b-167f-419c-a39a-a99ac4466ca4/Raisins%201kg
Authentic Mayonnaise Squeeze 475g,$4.49,$0.95 per 100 g,https://dm.apac.cms.aldi.cx/is/image/aldiprodapac/product/jpg/scaleWidth/232/e7ee855b-33c6-4dbb-b0af-9a6b8d21445c/Authentic%20Mayonnaise%20Squeeze%20475g
Sauerkraut 460g,$2.59,$5.63 per 1 kg,https://dm.apac.cms.aldi.cx/is/image/aldiprodapac/product/jpg/scaleWidth/232/69ea6e31-1428-4647-9686-f9e9df2d982d/Sauerkraut%20460g
Assorted Kids 3 in 1 Hair & Bodywash 500ml,$3.69,$0.74 per 100 ml,https://dm.apac.cms.aldi.cx/is/image/aldiprodapac/product/jpg/scaleWidth/232/cc4818a1-7309-4ac9-9cbc-99f2bdc4fca0/Assorted%20Kids%203%20in%201%20Hair%20%20Bodywash%20500ml
Cheesy Beef Quesadillas 2 Pack 300g,$5.99,$2.00 per 100 g,https://dm.apac.cms.aldi.cx/is/image/aldiprodapac/product/jpg/scaleWidth/232/a6d54ebc-c526-4a7b-9e2e-ee4b154f622a/Cheesy%20Beef%20Quesadillas%202%20Pack%20300g
Cookies & Cream Gourmet Ice Cream 1L,$5.99,$0.60 per 100 ml,https://dm.apac.cms.aldi.cx/is/image/aldiprodapac/product/jpg/scaleWidth/232/44cb365f-d4cc-4fcc-82f1-64872dd4926c/Cookies%20%20Cream%20Gourmet%20Ice%20Cream%201L
Beef Rump Steak,$13.00,$25.99 per 1 kg,https://dm.apac.cms.aldi.cx/is/image/aldiprodapac/product/jpg/scaleWidth/232/eec99777-b4cb-4328-8032-91b718483495/Beef%20Rump%20Steak
Shapes Multipack Cracker Biscuits Variety 15 pack,$5.99,$1.60 per 100 g,https://dm.apac.cms.aldi.cx/is/image/aldiprodapac/product/jpg/scaleWidth/232/6a7e4037-1dc1-4fe8-b60c-0f68d557d603/Shapes%20Multipack%20Cracker%20Biscuits%20Variety%2015%20pack
Assorted Shampoo or Conditioner 200ml,$4.99,$2.50 per 100 ml,https://dm.apac.cms.aldi.cx/is/image/aldiprodapac/product/jpg/scaleWidth/232/749e4cf6-eb01-4a05-8a6b-471105353d4a/Assorted%20Shampoo%20or%20Conditioner%20200ml
Organic Apple Cider Vinegar 500ml,$3.29,$0.66 per 100 ml,https://dm.apac.cms.aldi.cx/is/image/aldiprodapac/product/jpg/scaleWidth/232/4933d46c-6909-4601-adef-d62d47b3f102/Organic%20Apple%20Cider%20Vinegar%20500ml
Skin Science Caviar Illumination Luxury Anti Ageing Gift Set,$29.99,$29.99 per 1 each,https://dm.apac.cms.aldi.cx/is/image/aldiprodapac/product/jpg/scaleWidth/232/158f4900-835e-4f20-90c4-0e826af18089/Skin%20Science%20Caviar%20Illumination%20Luxury%20Anti%20Ageing%20Gift%20Set
Strawberry Custard Pouch 70g,$1.79,$2.56 per 100 g,https://dm.apac.cms.aldi.cx/is/image/aldiprodapac/product/jpg/scaleWidth/232/4c92b550-f60a-4821-af35-48dc099243a6/Strawberry%20Custard%20Pouch%2070g
Sparkling Water with Passionfruit 8 Pack 330ml,$6.99,$2.65 per 1 L,https://dm.apac.cms.aldi.cx/is/image/aldiprodapac/product/jpg/scaleWidth/232/b3de8a75-8273-44ab-a105-2d295b3d8ea2/Sparkling%20Water%20with%20Passionfruit%208%20Pack%20330ml
Deluxe Car Cover,$39.99,,https://dm.apac.cms.aldi.cx/is/image/aldiprodapac/product/jpg/scaleWidth/232/66ad9335-cd5c-45e0-a0d8-8860a2e89051/Deluxe%20Car%20Cover
Dog Treat Baked Bones 800g,$5.99,$0.75 per 100 g,https://dm.apac.cms.aldi.cx/is/image/aldiprodapac/product/jpg/scaleWidth/232/b9bad993-3eaa-4ccd-a974-f71d961335ba/Dog%20Treat%20Baked%20Bones%20800g
Mini Licks Milk Chocolate 6 Pack 378ml,$7.99,$2.11 per 100 ml,https://dm.apac.cms.aldi.cx/is/image/aldiprodapac/product/jpg/scaleWidth/232/2b984ffe-1f41-4521-aec2-14a99d98bf4e/Mini%20Licks%20Milk%20Chocolate%206%20Pack%20378ml
Choc Chip Cookies 500g,$2.79,$0.56 per 100 g,https://dm.apac.cms.aldi.cx/is/image/aldiprodapac/product/jpg/scaleWidth/232/bfa2b985-5f19-4cf7-9e58-e971abc37534/Choc%20Chip%20Cookies%20500g
Butter Leaf Mix 120g,$2.49,$20.75 per 1 kg,https://dm.apac.cms.aldi.cx/is/image/aldiprodapac/product/jpg/scaleWidth/232/ada8e4ab-e52d-471e-852c-3d98e945fd12/Butter%20Leaf%20Mix%20120g
Grilled Peppers 280g,$2.99,$10.68 per 1 kg,https://dm.apac.cms.aldi.cx/is/image/aldiprodapac/product/jpg/scaleWidth/232/fa580511-4c73-4f3e-8bde-ff14d74cd890/Grilled%20Peppers%20280g
Sea Salt & Rosemary Chips 600g,$3.99,$6.65 per 1 kg,https://dm.apac.cms.aldi.cx/is/image/aldiprodapac/product/jpg/scaleWidth/232/ca6be921-7194-41f5-9bb7-ea61ccc8d930/Sea%20Salt%20%20Rosemary%20Chips%20600g
Work Socks 3 Pack,$9.99,,https://dm.apac.cms.aldi.cx/is/image/aldiprodapac/product/jpg/scaleWidth/232/b7630c5f-852f-45d6-bd91-2fbd57c30d06/Work%20Socks%203%20Pack
Instant Cup Mi Goreng Noodles 75g,$0.99,$1.32 per 100 g,https://dm.apac.cms.aldi.cx/is/image/aldiprodapac/product/jpg/scaleWidth/232/9279e2a6-7cc3-4d8a-ad6c-c67d749baeb9/Instant%20Cup%20Mi%20Goreng%20Noodles%2075g
Coke Coca Cola 1.5L,$2.99,$1.99 per 1 L,https://dm.apac.cms.aldi.cx/is/image/aldiprodapac/product/jpg/scaleWidth/232/dcf77609-f012-42d3-a950-f09792736d13/Coke%20Coca%20Cola%201.5L
Peach in Mango Jelly 4 Pack 125g,$2.09,$4.18 per 1 kg,https://dm.apac.cms.aldi.cx/is/image/aldiprodapac/product/jpg/scaleWidth/232/72312ade-0685-49ca-8fa4-01f7c5f4ecdb/Peach%20in%20Mango%20Jelly%204%20Pack%20125g
Stainless Steel Drink Bottle 3.8L,$34.99,,https://dm.apac.cms.aldi.cx/is/image/aldiprodapac/product/jpg/scaleWidth/232/84c6e0f5-744e-472b-8177-7a95fc69afea/Stainless%20Steel%20Drink%20Bottle%203.8L
Premium Fruit & Nut Mix 750g,$7.99,$10.65 per 1 kg,https://dm.apac.cms.aldi.cx/is/image/aldiprodapac/product/jpg/scaleWidth/232/403a5dfc-4d22-4d95-aa36-713ba00ce005/Premium%20Fruit%20%20Nut%20Mix%20750g
Cookies & Cream Frozen Dessert 475 ml,$6.99,$1.47 per 100 ml,https://dm.apac.cms.aldi.cx/is/image/aldiprodapac/product/jpg/scaleWidth/232/6ef6ae26-d5e5-44fc-8f36-597bd3e3dbab/Cookies%20%20Cream%20Frozen%20Dessert%20475%20ml
Garlic Prawns 280g,$9.99,$35.68 per 1 kg,https://dm.apac.cms.aldi.cx/is/image/aldiprodapac/product/jpg/scaleWidth/232/b44f9eeb-18f9-4750-9182-077253e9dca0/Garlic%20Prawns%20280g
Garlic Salt 95g,$2.29,$0.24 per 10 g,https://dm.apac.cms.aldi.cx/is/image/aldiprodapac/product/jpg/scaleWidth/232/2a9e30d9-79ed-4bae-8ec5-4ff90c315c1e/Garlic%20Salt%2095g
Eucalyptus Oil,$24.99,$5.00 per 100 ml,https://dm.apac.cms.aldi.cx/is/image/aldiprodapac/product/jpg/scaleWidth/232/bb1e6af5-4b81-4b1f-8f35-417f61e063c3/Eucalyptus%20Oil
Hydration Sport Drink Berry Burst 500ml,$1.39,$2.78 per 1 L,https://dm.apac.cms.aldi.cx/is/image/aldiprodapac/product/jpg/scaleWidth/232/3c9525be-031b-4609-bafd-e5f0eade5bcc/Hydration%20Sport%20Drink%20Berry%20Burst%20500ml
Mega Roulette 45g,$0.99,$2.20 per 100 g,https://dm.apac.cms.aldi.cx/is/image/aldiprodapac/product/jpg/scaleWidth/232/f565efbc-67cf-4f99-bbcc-20145ad72315/Mega%20Roulette%2045g
RSPCA Approved Chicken Tenderloin,$7.69,$13.99 per 1 kg,https://dm.apac.cms.aldi.cx/is/image/aldiprodapac/product/jpg/scaleWidth/232/efbef46c-74ed-4231-8dff-b9cf75a343b0/RSPCA%20Approved%20Chicken%20Tenderloin
Prosecco Spumante DOC 750ml,$11.99,,https://dm.apac.cms.aldi.cx/is/image/aldiprodapac/product/jpg/scaleWidth/232/dd1dc40b-98c6-4524-be48-5d68fe109041/Prosecco%20Spumante%20DOC%20750ml
Chicken Pad Thai Kit 760g,$15.99,$21.04 per 1 kg,https://dm.apac.cms.aldi.cx/is/image/aldiprodapac/product/jpg/scaleWidth/232/cb487a77-b0f2-443a-8d83-1b51d1d0cb39/Chicken%20Pad%20Thai%20Kit%20760g
Denture Adhesive Cream 60g,$12.99,$21.65 per 100 g,https://dm.apac.cms.aldi.cx/is/image/aldiprodapac/product/jpg/scaleWidth/232/8b22e302-efea-403f-a9eb-c5824ed4ad76/Denture%20Adhesive%20Cream%2060g
Paracetamol 16 Pack,$1.99,$0.12 per 1 each,https://dm.apac.cms.aldi.cx/is/image/aldiprodapac/product/jpg/scaleWidth/232/e41b21fd-b222-4d22-b931-a0033969c925/Paracetamol%2016%20Pack
Light Milk 2L,$3.19,$1.60 per 1 L,https://dm.apac.cms.aldi.cx/is/image/aldiprodapac/product/jpg/scaleWidth/232/93645b60-eb11-4046-b28e-2b441f8585a4/Light%20Milk%202L
Salad Mix 120g,$1.99,$16.58 per 1 kg,https://dm.apac.cms.aldi.cx/is/image/aldiprodapac/product/jpg/scaleWidth/232/f0fea7a5-c966-4a4b-b183-410839ca3d83/Salad%20Mix%20120g
Thai Hom Mali Jasmine Rice 5kg,$12.99,$0.26 per 100 g,https://dm.apac.cms.aldi.cx/is/image/aldiprodapac/product/jpg/scaleWidth/232/9809abc0-932d-4063-b04d-5147a653ade3/Thai%20Hom%20Mali%20Jasmine%20Rice%205kg
Vegetable Flavour Stock Cubes 21 Pack 105g,$2.49,$0.24 per 10 g,https://dm.apac.cms.aldi.cx/is/image/aldiprodapac/product/jpg/scaleWidth/232/37f08bcb-6cde-41f5-839b-4505b227d1b4/Vegetable%20Flavour%20Stock%20Cubes%2021%20Pack%20105g
Pork Bao Bun Meal Kit 730g,$14.99,$20.53 per 1 kg,https://dm.apac.cms.aldi.cx/is/image/aldiprodapac/product/jpg/scaleWidth/232/2c06cfa6-80f8-4a77-882f-01f26bf46d33/Pork%20Bao%20Bun%20Meal%20Kit%20730g
Assorted Canvas Art Boards,$9.99,,https://dm.apac.cms.aldi.cx/is/image/aldiprodapac/product/jpg/scaleWidth/232/c26a8ea8-7bb3-44fe-9c90-9609063aee2e/Assorted%20Canvas%20Art%20Boards
Assorted Children's Licensed Sheet Set Single Size,$34.99,,https://dm.apac.cms.aldi.cx/is/image/aldiprodapac/product/jpg/scaleWidth/232/6049480a-222d-46d6-b0ae-59c7bbb297c8/Assorted%20Childrens%20Licensed%20Sheet%20Set%20Single%20Size
Capsicums 750g,$3.49,$4.65 per 1 kg,https://dm.apac.cms.aldi.cx/is/image/aldiprodapac/product/jpg/scaleWidth/232/c1f61c49-80d2-43b2-8f4e-522e23794478/Capsicums%20750g
Australian Leg Ham Off The Bone Shaved 150g,$5.49,$36.60 per 1 kg,https://dm.apac.cms.aldi.cx/is/image/aldiprodapac/product/jpg/scaleWidth/232/939b813e-e5a2-4ab0-b702-0cf1723fe099/Australian%20Leg%20Ham%20Off%20The%20Bone%20Shaved%20150g
Assorted Paw Paw Ointment 25g,$2.49,$9.96 per 100 g,https://dm.apac.cms.aldi.cx/is/image/aldiprodapac/product/jpg/scaleWidth/232/a19c34c7-cb4f-410a-9372-4565b07fc3c6/Assorted%20Paw%20Paw%20Ointment%2025g
Birdseye Chillies 20g,$2.99,$1.50 per 10 g,https://dm.apac.cms.aldi.cx/is/image/aldiprodapac/product/jpg/scaleWidth/232/f6541d24-b458-4be4-a904-8ec8c63d7958/Birdseye%20Chillies%2020g
Natural Popcorn Lightly Salted Slightly Sweet 180g,$2.69,$1.49 per 100 g,https://dm.apac.cms.aldi.cx/is/image/aldiprodapac/product/jpg/scaleWidth/232/d57a7c1f-561f-4464-8b88-5fb6f42c5bba/Natural%20Popcorn%20Lightly%20Salted%20Slightly%20Sweet%20180g
Bourbon 700ml,$45.99,,https://dm.apac.cms.aldi.cx/is/image/aldiprodapac/product/jpg/scaleWidth/232/1832922a-f186-4259-abce-873cf014ef04/Bourbon%20700ml
Wood and Stainless Steel Baking Accessories,$8.99,,https://dm.apac.cms.aldi.cx/is/image/aldiprodapac/product/jpg/scaleWidth/232/3c702928-bc70-4c49-b709-c93182d5bea3/Wood%20and%20Stainless%20Steel%20Baking%20Accessories
Mixed Biscuit Tray 24 Pack,$5.79,$0.24 per 1 each,https://dm.apac.cms.aldi.cx/is/image/aldiprodapac/product/jpg/scaleWidth/232/e24b4b56-d318-4210-854f-e00079a834fa/Mixed%20Biscuit%20Tray%2024%20Pack
No Added Sugar Vanilla Yogurt Pouch 110g,$1.19,$1.08 per 100 g,https://dm.apac.cms.aldi.cx/is/image/aldiprodapac/product/jpg/scaleWidth/232/f9b97d1b-aa72-4f91-8267-03786990ee5c/No%20Added%20Sugar%20Vanilla%20Yogurt%20Pouch%20110g
Braised Beef Flavoured Cup Noodles 70g,$0.99,$1.41 per 100 g,https://dm.apac.cms.aldi.cx/is/image/aldiprodapac/product/jpg/scaleWidth/232/9207c5b8-9eb2-4ba0-bdbc-b2bc6f75234f/Braised%20Beef%20Flavoured%20Cup%20Noodles%2070g
Assorted Genie Wand Accessories,$2.79,$0.93 per 1 each,https://dm.apac.cms.aldi.cx/is/image/aldiprodapac/product/jpg/scaleWidth/232/6c606709-6e0a-4280-aa6b-4b0f6e4c6a9b/Assorted%20Genie%20Wand%20Accessories
Salted Caramel Frozen Dessert 475ml,$6.99,$1.47 per 100 ml,https://dm.apac.cms.aldi.cx/is/image/aldiprodapac/product/jpg/scaleWidth/232/c34d241e-c47f-47e9-b17d-1867ee49dc73/Salted%20Caramel%20Frozen%20Dessert%20475ml
Moscato 750ml,$4.59,,https://dm.apac.cms.aldi.cx/is/image/aldiprodapac/product/jpg/scaleWidth/232/bdaad33b-0275-4491-8bcc-0d266ff12a96/Moscato%20750ml
Coconut Cream 400ml,$1.69,$0.42 per 100 ml,https://dm.apac.cms.aldi.cx/is/image/aldiprodapac/product/jpg/scaleWidth/232/f112029b-45cc-4224-bc26-1654d9d9259d/Coconut%20Cream%20400ml
Diane Sauce Mix 29g,$0.99,$0.34 per 10 g,https://dm.apac.cms.aldi.cx/is/image/aldiprodapac/product/jpg/scaleWidth/232/ba04006b-94b9-44e9-9da6-9d35b8fa81ca/Diane%20Sauce%20Mix%2029g
Liquid Bleach 2.5L,$2.09,$0.84 per 1 L,https://dm.apac.cms.aldi.cx/is/image/aldiprodapac/product/jpg/scaleWidth/232/7e16abf9-47e8-40b4-b2b6-5d5d1113f8ad/Liquid%20Bleach%202.5L
Large Metal Grey Garden Bed,$79.99,,https://dm.apac.cms.aldi.cx/is/image/aldiprodapac/product/jpg/scaleWidth/232/02053f77-f3a4-437b-b9ed-461aa72678ab/Large%20Metal%20Grey%20Garden%20Bed
On The Go Smokey BBQ Mix 45g,$0.99,$22.00 per 1 kg,https://dm.apac.cms.aldi.cx/is/image/aldiprodapac/product/jpg/scaleWidth/232/ef1baa7d-4864-45a3-a28c-aa73a7a09a00/On%20The%20Go%20Smokey%20BBQ%20Mix%2045g
Dairy Milk Chocolate 315g,$8.49,$2.70 per 100 g,https://dm.apac.cms.aldi.cx/is/image/aldiprodapac/product/jpg/scaleWidth/232/882e315b-c2a0-4ca9-b67b-0b2d59728d37/Dairy%20Milk%20Chocolate%20315g
Butter Beans 420g,$0.95,$2.26 per 1 kg,https://dm.apac.cms.aldi.cx/is/image/aldiprodapac/product/jpg/scaleWidth/232/b2dfe89c-e89f-4c3e-9246-b45d05ae23f8/Butter%20Beans%20420g
Pils Bottle 500mL,$3.99,,https://dm.apac.cms.aldi.cx/is/image/aldiprodapac/product/jpg/scaleWidth/232/70e2492e-36e8-4567-b4dd-34eb6fe5025e/Pils%20Bottle%20500mL
Spudlite Potatoes 1.5kg,$4.99,$3.33 per 1 kg,https://dm.apac.cms.aldi.cx/is/image/aldiprodapac/product/jpg/scaleWidth/232/cfec7b05-7434-4074-8d5f-74d3785b01b9/Spudlite%20Potatoes%201.5kg
Barista Almond Milk 1L,$2.99,$2.99 per 1 L,https://dm.apac.cms.aldi.cx/is/image/aldiprodapac/product/jpg/scaleWidth/232/7803d6bd-fde7-4c8f-8f22-826b1a43a578/Barista%20Almond%20Milk%201L
Snack'N'Go Black Beans Lime and Herbs with Corn 70g,$0.99,$14.14 per 1 kg,https://dm.apac.cms.aldi.cx/is/image/aldiprodapac/product/jpg/scaleWidth/232/215d373d-8b1d-407e-8f4a-dda01145f2f4/SnackNGo%20Black%20Beans%20Lime%20and%20Herbs%20with%20Corn%2070g
Large Wholegrain Wraps 8 Pack 560g,$3.69,$0.66 per 100 g,https://dm.apac.cms.aldi.cx/is/image/aldiprodapac/product/jpg/scaleWidth/232/fd023102-4998-4a5d-b7e8-75f7793e1343/Large%20Wholegrain%20Wraps%208%20Pack%20560g
Lager 12x330ml,$26.99,,https://dm.apac.cms.aldi.cx/is/image/aldiprodapac/product/jpg/scaleWidth/232/da4c4ed3-abd1-40c4-acc3-43f5dc38052c/Lager%2012x330ml
Cheese & Beans Quesadillas 2 Pack 300g,$5.99,$2.00 per 100 g,https://dm.apac.cms.aldi.cx/is/image/aldiprodapac/product/jpg/scaleWidth/232/60e3b5f8-0d47-4124-80ea-0ac02366fbd3/Cheese%20%20Beans%20Quesadillas%202%20Pack%20300g
Himalayan Pink Salt With Whole Black Pepper Grinder 185g,$4.79,$0.26 per 10 g,https://dm.apac.cms.aldi.cx/is/image/aldiprodapac/product/jpg/scaleWidth/232/927d7880-8a21-4429-8abc-9824d99af8c2/Himalayan%20Pink%20Salt%20With%20Whole%20Black%20Pepper%20Grinder%20185g
Iced Coffee Double Espresso 750ml,$4.29,$5.72 per 1 L,https://dm.apac.cms.aldi.cx/is/image/aldiprodapac/product/jpg/scaleWidth/232/3ea04305-ca6a-4394-b3d1-69472638c5f2/Iced%20Coffee%20Double%20Espresso%20750ml
Vegemite 370g,$7.19,$1.94 per 100 g,https://dm.apac.cms.aldi.cx/is/image/aldiprodapac/product/jpg/scaleWidth/232/337da526-9930-4295-ba56-962abbf61e72/Vegemite%20370g
Evaporated Milk 384ml,$1.89,$0.49 per 100 ml,https://dm.apac.cms.aldi.cx/is/image/aldiprodapac/product/jpg/scaleWidth/232/a65f26ec-ea92-4988-908f-d612ba66c741/Evaporated%20Milk%20384ml
Beef Wagyu Burger 150g,$3.99,$26.60 per 1 kg,https://dm.apac.cms.aldi.cx/is/image/aldiprodapac/product/jpg/scaleWidth/232/4248ac7b-4777-404c-b233-e749f9491934/Beef%20Wagyu%20Burger%20150g
Ms Multi Vitamins 60 Pack,$14.99,$0.25 per 1 each,https://dm.apac.cms.aldi.cx/is/image/aldiprodapac/product/jpg/scaleWidth/232/32861a61-f325-4022-9794-7a4dbe781c4c/Ms%20Multi%20Vitamins%2060%20Pack
Sparkling Wine 750ml,$8.99,,https://dm.apac.cms.aldi.cx/is/image/aldiprodapac/product/jpg/scaleWidth/232/762078a1-59fa-46aa-b63b-beb0659bec7a/Sparkling%20Wine%20750ml
Smoked Oysters in BBQ Sauce 85g,$1.39,$16.35 per 1 kg,https://dm.apac.cms.aldi.cx/is/image/aldiprodapac/product/jpg/scaleWidth/232/42ba7184-7a77-468b-9f77-e6ad5daa0076/Smoked%20Oysters%20in%20BBQ%20Sauce%2085g
Vietnamese Style Chicken Flavoured Pho Bowl 75g,$1.99,$2.65 per 100 g,https://dm.apac.cms.aldi.cx/is/image/aldiprodapac/product/jpg/scaleWidth/232/5c8a1677-f1fb-431b-bc61-c23725d2c2d4/Vietnamese%20Style%20Chicken%20Flavoured%20Pho%20Bowl%2075g
Chocolate Salted Caramel Mousse 2 Pack 62g,$2.49,$2.01 per 100 g,https://dm.apac.cms.aldi.cx/is/image/aldiprodapac/product/jpg/scaleWidth/232/bddb947a-d59f-4e71-8528-99746f07ca66/Chocolate%20Salted%20Caramel%20Mousse%202%20Pack%2062g
Orange Juice 3L,$7.29,$2.43 per 1 L,https://dm.apac.cms.aldi.cx/is/image/aldiprodapac/product/jpg/scaleWidth/232/9f61eb4a-3fe7-4cb7-84c2-6ef82f202cb1/Orange%20Juice%203L
Mini Twin Pack Puddings 180g,$4.79,$2.66 per 100 g,https://dm.apac.cms.aldi.cx/is/image/aldiprodapac/product/jpg/scaleWidth/232/2797de07-1cd0-4fc0-81ae-84609ff744e5/Mini%20Twin%20Pack%20Puddings%20180g
Blue Ribbon Chocolate Toffee 2L,$6.49,$0.32 per 100 ml,https://dm.apac.cms.aldi.cx/is/image/aldiprodapac/product/jpg/scaleWidth/232/dbc97839-ef5a-4772-b810-d19f5833cc9b/Blue%20Ribbon%20Chocolate%20Toffee%202L
Pimple Patches 36 Pack,$2.99,$0.08 per 1 each,https://dm.apac.cms.aldi.cx/is/image/aldiprodapac/product/jpg/scaleWidth/232/1326d84a-84a8-4680-a1d8-dbb65229da2b/Pimple%20Patches%2036%20Pack
Rice Pudding Vanilla Bean 2 Pack 170g,$3.39,$1.00 per 100 g,https://dm.apac.cms.aldi.cx/is/image/aldiprodapac/product/jpg/scaleWidth/232/5417a7eb-352f-4d44-8873-2b3bfd02b50a/Rice%20Pudding%20Vanilla%20Bean%202%20Pack%20170g
Wooden Train Set,$24.99,,https://dm.apac.cms.aldi.cx/is/image/aldiprodapac/product/jpg/scaleWidth/232/594d6a9b-49de-440d-9e63-a97ece268103/Wooden%20Train%20Set
Rockmelon Each,$5.99,$5.99 per 1 each,https://dm.apac.cms.aldi.cx/is/content/aldiprodapac/1001860-2_COMING-SOON-GREYSCALE_RGB_OUTLINED_1200x1200
Clare Valley & Coonawarra Cabernet Sauvignon 750ml,$9.99,,https://dm.apac.cms.aldi.cx/is/image/aldiprodapac/product/jpg/scaleWidth/232/3df21e2e-b82a-42f0-b95c-f5a251911d01/Clare%20Valley%20%20Coonawarra%20Cabernet%20Sauvignon%20750ml
Fruit & Nut Muesli 500g,$3.99,$0.80 per 100 g,https://dm.apac.cms.aldi.cx/is/image/aldiprodapac/product/jpg/scaleWidth/232/30dc5baa-2aa9-469f-9e4c-6cdabf2b8788/Fruit%20%20Nut%20Muesli%20500g
Chicken Pho Meal Kit 560g,$12.99,$22.40 per 1 kg,https://dm.apac.cms.aldi.cx/is/image/aldiprodapac/product/jpg/scaleWidth/232/3e265375-b90c-41aa-ac9b-c758c28d5d5a/Chicken%20Pho%20Meal%20Kit%20560g
Light Lactose Free Sour Cream 200g,$4.09,$2.05 per 100 g,https://dm.apac.cms.aldi.cx/is/image/aldiprodapac/product/jpg/scaleWidth/232/4ab76c6b-3a02-469a-b095-a9ff0691c462/Light%20Lactose%20Free%20Sour%20Cream%20200g
Shapes Pizza Cracker Biscuits 250g,$3.99,$1.48 per 100 g,https://dm.apac.cms.aldi.cx/is/image/aldiprodapac/product/jpg/scaleWidth/232/e09a2566-e815-434e-838d-ac3d34237465/Shapes%20Pizza%20Cracker%20Biscuits%20250g
Organic Basil & Garlic Pasta Sauce 500g,$2.49,$0.50 per 100 g,https://dm.apac.cms.aldi.cx/is/image/aldiprodapac/product/jpg/scaleWidth/232/ab0ac41b-171a-4a96-934f-71187e1aa208/Organic%20Basil%20%20Garlic%20Pasta%20Sauce%20500g
Beef Bone Broth 500ml,$4.99,$1.00 per 100 ml,https://dm.apac.cms.aldi.cx/is/image/aldiprodapac/product/jpg/scaleWidth/232/5f1ce673-f44c-4bc9-b40c-6ce6d8790b2f/Beef%20Bone%20Broth%20500ml
Berry Granola 500g,$5.19,$1.04 per 100 g,https://dm.apac.cms.aldi.cx/is/image/aldiprodapac/product/jpg/scaleWidth/232/8be44abd-2d48-4a8d-a5b9-13eb109cb1de/Berry%20Granola%20500g
High Protein Oat Milk 1L,$2.99,$2.99 per 1 L,https://dm.apac.cms.aldi.cx/is/image/aldiprodapac/product/jpg/scaleWidth/232/bafee8cd-3c21-432f-a4a5-b63c83aba7aa/High%20Protein%20Oat%20Milk%201L
Bolognese Pasta Sauce 425g,$3.99,$0.94 per 100 g,https://dm.apac.cms.aldi.cx/is/image/aldiprodapac/product/jpg/scaleWidth/232/2a84bc5e-6568-4e28-8957-a51e1726e4ee/Bolognese%20Pasta%20Sauce%20425g
Biltong Smoked 100g,$7.99,$79.90 per 1 kg,https://dm.apac.cms.aldi.cx/is/image/aldiprodapac/product/jpg/scaleWidth/232/211862ac-21e4-4c79-94ea-77acf8fba6c0/Biltong%20Smoked%20100g
Warheads Mixed Case 252-300g,$4.99,$1.98 per 100 g,https://dm.apac.cms.aldi.cx/is/image/aldiprodapac/product/jpg/scaleWidth/232/9c133773-2650-4e0e-9de7-9c8f023a9b28/Warheads%20Mixed%20Case%20252300g
Apricot Chicken 6+ Months Baby Food 120g,$0.95,$0.79 per 100 g,https://dm.apac.cms.aldi.cx/is/image/aldiprodapac/product/jpg/scaleWidth/232/fbcf36e7-6f52-425b-bbe6-feff84b8083a/Apricot%20Chicken%206%20Months%20Baby%20Food%20120g
Pretzel Sticks 498g,$6.49,$1.30 per 100 g,https://dm.apac.cms.aldi.cx/is/image/aldiprodapac/product/jpg/scaleWidth/232/83df2fff-fa7e-4d6e-944c-8af59fdf236e/Pretzel%20Sticks%20498g
Wooden Role Play Vests,$12.99,,https://dm.apac.cms.aldi.cx/is/image/aldiprodapac/product/jpg/scaleWidth/232/dc6283af-73ba-4c0b-a570-83e8197fb2ca/Wooden%20Role%20Play%20Vests
Australian Extra Virgin Olive Oil 3L,$49.99,$1.67 per 100 ml,https://dm.apac.cms.aldi.cx/is/image/aldiprodapac/product/jpg/scaleWidth/232/14208f2e-69c1-4b07-b774-3ef7686ed0d0/Australian%20Extra%20Virgin%20Olive%20Oil%203L
All Purpose Fertiliser 6kg,$19.99,,https://dm.apac.cms.aldi.cx/is/image/aldiprodapac/product/jpg/scaleWidth/232/186be8b4-659e-488f-8345-a89232f0de63/All%20Purpose%20Fertiliser%206kg
Danish Style Fetta 200g,$2.89,$14.45 per 1 kg,https://dm.apac.cms.aldi.cx/is/image/aldiprodapac/product/jpg/scaleWidth/232/578319d0-3e03-4062-9a37-b40885ae39fa/Danish%20Style%20Fetta%20200g
Malaysian Style Panang Curry Sauce 275g,$3.99,$1.45 per 100 g,https://dm.apac.cms.aldi.cx/is/image/aldiprodapac/product/jpg/scaleWidth/232/810f8f54-9d67-4631-a91f-a49706aaa418/Malaysian%20Style%20Panang%20Curry%20Sauce%20275g
Kent Pumpkins Loose,$2.49/1 kg,$2.49 per 1 kg,https://dm.apac.cms.aldi.cx/is/image/aldiprodapac/product/jpg/scaleWidth/232/856e59e5-0998-4726-8c8a-63c4b2c117a8/Kent%20Pumpkins%20Loose
Real Fruit Yogurt 12 Pack 95g,$5.29,$0.46 per 100 g,https://dm.apac.cms.aldi.cx/is/image/aldiprodapac/product/jpg/scaleWidth/232/be7fce26-7569-4aa8-9d72-dc5443cceaf4/Real%20Fruit%20Yogurt%2012%20Pack%2095g
Original Potato Chips 175g,$2.49,$1.42 per 100 g,https://dm.apac.cms.aldi.cx/is/image/aldiprodapac/product/jpg/scaleWidth/232/261228b4-1453-4d63-9be5-0020b9360f77/Original%20Potato%20Chips%20175g
Beef Ragu Pappardelle 375g,$3.69,$0.98 per 100 g,https://dm.apac.cms.aldi.cx/is/image/aldiprodapac/product/jpg/scaleWidth/232/d6d85be2-8a81-4503-8ebb-79a792d78787/Beef%20Ragu%20Pappardelle%20375g
Paper Towels 3ply 3 Pack,$2.99,$1.66 per 100 sheets,https://dm.apac.cms.aldi.cx/is/image/aldiprodapac/product/jpg/scaleWidth/232/07d18022-05e2-4001-baab-b1ad4e18ee24/Paper%20Towels%203ply%203%20Pack
Chocolate Milk 2L,$6.59,$3.30 per 1 L,https://dm.apac.cms.aldi.cx/is/image/aldiprodapac/product/jpg/scaleWidth/232/6b870ee4-4985-4029-bd90-80ca938dea79/Chocolate%20Milk%202L
Smoke Flavour Yellowfin Tuna Chunks 95g,$1.29,$13.58 per 1 kg,https://dm.apac.cms.aldi.cx/is/image/aldiprodapac/product/jpg/scaleWidth/232/0921e168-9365-427d-abba-13027bcf90b7/Smoke%20Flavour%20Yellowfin%20Tuna%20Chunks%2095g
Creamy Mushroom Simmer Sauce 475g,$1.89,$0.40 per 100 g,https://dm.apac.cms.aldi.cx/is/image/aldiprodapac/product/jpg/scaleWidth/232/4dff25ee-5a76-4a38-8b56-64bc40f4f63c/Creamy%20Mushroom%20Simmer%20Sauce%20475g
Vanilla Custard 6+ Months Baby Food 120g,$0.95,$0.79 per 100 g,https://dm.apac.cms.aldi.cx/is/image/aldiprodapac/product/jpg/scaleWidth/232/7556304f-8a31-4f37-9aac-f1f4c6d4a4cf/Vanilla%20Custard%206%20Months%20Baby%20Food%20120g
Apple Blackcurrant Juice 6x250ml,$3.79,$2.53 per 1 L,https://dm.apac.cms.aldi.cx/is/image/aldiprodapac/product/jpg/scaleWidth/232/e076eadc-dc1e-46a2-9466-12d83336b627/Apple%20Blackcurrant%20Juice%206x250ml
Instant Miso Soup Wakame 4 Pack 60g,$1.99,$3.32 per 100 g,https://dm.apac.cms.aldi.cx/is/image/aldiprodapac/product/jpg/scaleWidth/232/8f78ad9a-34b3-4da4-a978-0fb7c26bacfc/Instant%20Miso%20Soup%20Wakame%204%20Pack%2060g
Beef Porterhouse Steak 200g,$7.00,$35.00 per 1 kg,https://dm.apac.cms.aldi.cx/is/image/aldiprodapac/product/jpg/scaleWidth/232/43fe8851-7409-4f30-abb3-3f4f53a92e33/Beef%20Porterhouse%20Steak%20200g
Mint Sauce 250ml,$2.99,$1.20 per 100 ml,https://dm.apac.cms.aldi.cx/is/image/aldiprodapac/product/jpg/scaleWidth/232/89d3d458-8179-4ca8-8f7b-5f4a75b49208/Mint%20Sauce%20250ml
Metal Pedestal Fan,$59.99,,https://dm.apac.cms.aldi.cx/is/image/aldiprodapac/product/jpg/scaleWidth/232/dc689fdf-1921-4508-850f-8ad8c4496c91/Metal%20Pedestal%20Fan
Party Pies 24 Pack 1.12kg,$7.99,$0.71 per 100 g,https://dm.apac.cms.aldi.cx/is/image/aldiprodapac/product/jpg/scaleWidth/232/9b3fb8ec-175d-4064-a021-16fa685d81df/Party%20Pies%2024%20Pack%201.12kg
Crispy Battered Fish Fillets 1kg,$8.49,$8.49 per 1 kg,https://dm.apac.cms.aldi.cx/is/image/aldiprodapac/product/jpg/scaleWidth/232/4d0d0ed7-b01c-41d4-94b8-9477f0dd078e/Crispy%20Battered%20Fish%20Fillets%201kg
Mars Fun Size Share Pack Chocolate 12 Pack 192g,$4.99,$2.60 per 100 g,https://dm.apac.cms.aldi.cx/is/image/aldiprodapac/product/jpg/scaleWidth/232/22de1006-f273-42a0-bbe7-2af626ff1e9b/Mars%20Fun%20Size%20Share%20Pack%20Chocolate%2012%20Pack%20192g
Sushi Rice 1kg,$3.79,$0.38 per 100 g,https://dm.apac.cms.aldi.cx/is/image/aldiprodapac/product/jpg/scaleWidth/232/770bbd94-6109-485b-9de3-19edcc58edcc/Sushi%20Rice%201kg
On The Go Roasted & Salted Cashews 35g,$0.99,$28.29 per 1 kg,https://dm.apac.cms.aldi.cx/is/image/aldiprodapac/product/jpg/scaleWidth/232/43b90119-c01f-4f8c-98ef-a964dc758288/On%20The%20Go%20Roasted%20%20Salted%20Cashews%2035g
Margaret River Cabernet Merlot 750ml,$10.99,,https://dm.apac.cms.aldi.cx/is/image/aldiprodapac/product/jpg/scaleWidth/232/63060763-6f29-44d9-9518-9dd03dd7fb6f/Margaret%20River%20Cabernet%20Merlot%20750ml
Mexican Style Superfood Bowl 385g,$7.49,$1.95 per 100 g,https://dm.apac.cms.aldi.cx/is/image/aldiprodapac/product/jpg/scaleWidth/232/9c188b84-18ee-4294-843c-46d623f1deb1/Mexican%20Style%20Superfood%20Bowl%20385g
Mexican Soft Taco Kit 440g,$5.49,$1.25 per 100 g,https://dm.apac.cms.aldi.cx/is/image/aldiprodapac/product/jpg/scaleWidth/232/4e7f67d7-7b86-454c-be8b-b4c248356ab5/Mexican%20Soft%20Taco%20Kit%20440g
Muffin Bars Choc Fudge 6 Pack 240g,$2.99,$1.25 per 100 g,https://dm.apac.cms.aldi.cx/is/image/aldiprodapac/product/jpg/scaleWidth/232/6dbdeeb7-a4a9-462b-87a1-2d5962dc821f/Muffin%20Bars%20Choc%20Fudge%206%20Pack%20240g
Salt Reduced Taco Seasoning 40g,$1.39,$3.48 per 100 g,https://dm.apac.cms.aldi.cx/is/image/aldiprodapac/product/jpg/scaleWidth/232/195d6c55-9e1b-4a24-8db7-1d4ca7a9309a/Salt%20Reduced%20Taco%20Seasoning%2040g
Barbecue Crinkle Cut Potato Chips 230g,$2.69,$1.17 per 100 g,https://dm.apac.cms.aldi.cx/is/image/aldiprodapac/product/jpg/scaleWidth/232/f8ee4cd2-0bac-49f9-83d8-96990ae91128/Barbecue%20Crinkle%20Cut%20Potato%20Chips%20230g
Dreemy Chocolate Bar 40g,$0.99,$2.48 per 100 g,https://dm.apac.cms.aldi.cx/is/image/aldiprodapac/product/jpg/scaleWidth/232/e229f70b-0e10-4028-b164-2fcaa69c1540/Dreemy%20Chocolate%20Bar%2040g
Dog Treat Chicken Tenders 200g,$10.99,$5.50 per 100 g,https://dm.apac.cms.aldi.cx/is/image/aldiprodapac/product/jpg/scaleWidth/232/e826fb49-cbbb-4e2a-a5cb-d554d933f603/Dog%20Treat%20Chicken%20Tenders%20200g
Table Salt 750g,$2.99,$0.04 per 10 g,https://dm.apac.cms.aldi.cx/is/image/aldiprodapac/product/jpg/scaleWidth/232/ef7ec800-eebc-4d74-8b6c-56fc01e49da1/Table%20Salt%20750g
Spaghetti in Tomato Sauce 4 Pack 220g,$3.99,$0.45 per 100 g,https://dm.apac.cms.aldi.cx/is/image/aldiprodapac/product/jpg/scaleWidth/232/22226397-2f48-4d48-a58d-70cb65fbf3a4/Spaghetti%20in%20Tomato%20Sauce%204%20Pack%20220g
Olive Spread Light 500g,$3.19,$0.64 per 100 g,https://dm.apac.cms.aldi.cx/is/image/aldiprodapac/product/jpg/scaleWidth/232/c4ed658a-5f9a-4ffe-a6f1-2f3a7f542c5c/Olive%20Spread%20Light%20500g
Coffee Capsule Machine,$78.99,,https://dm.apac.cms.aldi.cx/is/image/aldiprodapac/product/jpg/scaleWidth/232/0fb7815d-b2c6-4f7c-88ef-ef8dfcf5fc58/Coffee%20Capsule%20Machine
Hair Gel 250g,$5.99,$2.40 per 100 g,https://dm.apac.cms.aldi.cx/is/image/aldiprodapac/product/jpg/scaleWidth/232/838046d0-4de8-4a96-866b-7eb937ff5d69/Hair%20Gel%20250g
Basa Fillets 1kg,$6.99,$6.99 per 1 kg,https://dm.apac.cms.aldi.cx/is/image/aldiprodapac/product/jpg/scaleWidth/232/dd1524a3-44f3-4f10-8c12-0e45fce798bd/Basa%20Fillets%201kg
Gluten Free Crumpet 4 Pack 240g,$6.79,$2.83 per 100 g,https://dm.apac.cms.aldi.cx/is/image/aldiprodapac/product/jpg/scaleWidth/232/8c320070-668e-46cd-9031-09c0c12b059e/Gluten%20Free%20Crumpet%204%20Pack%20240g
Original Pancake Mix & Shake 375g,$1.99,$0.53 per 100 g,https://dm.apac.cms.aldi.cx/is/image/aldiprodapac/product/jpg/scaleWidth/232/67cc8574-67e8-44b4-b998-0887bfcf1a86/Original%20Pancake%20Mix%20%20Shake%20375g
Ropes Mixed Berry 8 Pack 160g,$3.99,$2.49 per 100 g,https://dm.apac.cms.aldi.cx/is/image/aldiprodapac/product/jpg/scaleWidth/232/d4e99e6d-cdeb-4aa5-8315-c339a0b6aa42/Ropes%20Mixed%20Berry%208%20Pack%20160g
Beer Batter Steak Cut Chips 750g,$3.99,$5.32 per 1 kg,https://dm.apac.cms.aldi.cx/is/image/aldiprodapac/product/jpg/scaleWidth/232/a04670bc-cfa5-4d46-be1d-30a606a443f2/Beer%20Batter%20Steak%20Cut%20Chips%20750g
Navel Oranges 3kg,$7.49,$2.50 per 1 kg,https://dm.apac.cms.aldi.cx/is/image/aldiprodapac/product/jpg/scaleWidth/232/53edd2b8-55d4-4d38-a3ba-c5b261238193/Navel%20Oranges%203kg
Hot Wheels Snack Cake 8 Pack 240g,$4.99,$2.08 per 100 g,https://dm.apac.cms.aldi.cx/is/image/aldiprodapac/product/jpg/scaleWidth/232/340ab882-36f4-4aac-bcc5-6d060abb3940/Hot%20Wheels%20Snack%20Cake%208%20Pack%20240g
Bourbon 700mL,$51.99,,https://dm.apac.cms.aldi.cx/is/image/aldiprodapac/product/jpg/scaleWidth/232/5c289c40-0bc0-4bcb-a3b8-3d7072dfb6ab/Bourbon%20700mL
Rioja Reserva Tempranillo Graciano 750ml,$12.99,,https://dm.apac.cms.aldi.cx/is/image/aldiprodapac/product/jpg/scaleWidth/232/6be7550c-b931-419f-838b-ee5bf9a6097f/Rioja%20Reserva%20Tempranillo%20Graciano%20750ml
Self Raising Flour 1kg,$1.25,$1.25 per 1 kg,https://dm.apac.cms.aldi.cx/is/image/aldiprodapac/product/jpg/scaleWidth/232/dbc72933-e57d-493c-aa68-35f201862882/Self%20Raising%20Flour%201kg
Coca-Cola Zero Sugar Soft Drink Multipack 6x375mL.,$8.49,$3.77 per 1 L,https://dm.apac.cms.aldi.cx/is/image/aldiprodapac/product/jpg/scaleWidth/232/81665ec8-744e-41ba-ba63-ce18c1e7dee4/CocaCola%20Zero%20Sugar%20Soft%20Drink%20Multipack%206x375mL.
Mould Away 500ml,$2.89,$0.58 per 100 ml,https://dm.apac.cms.aldi.cx/is/image/aldiprodapac/product/jpg/scaleWidth/232/36d15c47-46f1-4e1d-9d25-3fb92ac8e7ce/Mould%20Away%20500ml
Apricot Flavoured Fruit & Oat Bars 12+ Months 6 Pack 90g,$2.49,$2.77 per 100 g,https://dm.apac.cms.aldi.cx/is/image/aldiprodapac/product/jpg/scaleWidth/232/c388efab-7d74-4ae3-89f1-7be83b03dc43/Apricot%20Flavoured%20Fruit%20%20Oat%20Bars%2012%20Months%206%20Pack%2090g
Tiramisu Latte Capsules 16 Pack,$6.99,$0.44 per 1 each,https://dm.apac.cms.aldi.cx/is/image/aldiprodapac/product/jpg/scaleWidth/232/c41c367d-23c2-458c-9022-d38738fa7e19/Tiramisu%20Latte%20Capsules%2016%20Pack
Desktop Mini Cooler,$29.99,,https://dm.apac.cms.aldi.cx/is/image/aldiprodapac/product/jpg/scaleWidth/232/1cf3b8b7-73d7-40b9-aeb1-f5baf02739b6/Desktop%20Mini%20Cooler
Creamed Corn 420g,$1.39,$3.31 per 1 kg,https://dm.apac.cms.aldi.cx/is/image/aldiprodapac/product/jpg/scaleWidth/232/83e354fb-63e2-4122-a0da-fb20970cc8dd/Creamed%20Corn%20420g
Insect Repellent Tropical 150g,$2.89,$1.93 per 100 g,https://dm.apac.cms.aldi.cx/is/image/aldiprodapac/product/jpg/scaleWidth/232/1c284a10-4ff6-4f8c-9eed-106d755a9f93/Insect%20Repellent%20Tropical%20150g
Eggplant Mediterranean Style Dip 200g,$2.69,$1.35 per 100 g,https://dm.apac.cms.aldi.cx/is/content/aldiprodapac/1001860-2_COMING-SOON-GREYSCALE_RGB_OUTLINED_1200x1200
Hot Chocolate Sachets 10 Pack,$4.29,$0.43 per 1 each,https://dm.apac.cms.aldi.cx/is/image/aldiprodapac/product/jpg/scaleWidth/232/4e586401-f207-40ad-8623-2e3bcb42489e/Hot%20Chocolate%20Sachets%2010%20Pack
"Mild Hungarian Style Salami 4 Pack, 320g",$7.59,$23.72 per 1 kg,https://dm.apac.cms.aldi.cx/is/image/aldiprodapac/product/jpg/scaleWidth/232/52284152-9401-45c1-8320-de9824138c9e/Mild%20Hungarian%20Style%20Salami%204%20Pack%20320g
Greek Style No Added Sugar 6 Pack 750g,$5.29,$0.71 per 100 g,https://dm.apac.cms.aldi.cx/is/image/aldiprodapac/product/jpg/scaleWidth/232/619311bf-0add-49e4-ab82-23efdc60b520/Greek%20Style%20No%20Added%20Sugar%206%20Pack%20750g
Gluten Free Coconut Macaroons 160g,$2.99,$1.87 per 100 g,https://dm.apac.cms.aldi.cx/is/image/aldiprodapac/product/jpg/scaleWidth/232/53b3d851-f43e-4f88-a8e1-600110baa3ba/Gluten%20Free%20Coconut%20Macaroons%20160g
"Chicken, Fetta and Spinach Sausage Rolls 600g",$8.99,$14.98 per 1 kg,https://dm.apac.cms.aldi.cx/is/image/aldiprodapac/product/jpg/scaleWidth/232/c94ea5b8-0253-4941-8f04-e0de3aeed0f2/Chicken%20Fetta%20and%20Spinach%20Sausage%20Rolls%20600g
Beef Rendang Create A Curry,$3.29,$1.32 per 10 g,https://dm.apac.cms.aldi.cx/is/image/aldiprodapac/product/jpg/scaleWidth/232/d797010a-61ea-4114-9a82-001a269107da/Beef%20Rendang%20Create%20A%20Curry
Candy Sharepack 95-240g,$3.99,$4.20 per 100 g,https://dm.apac.cms.aldi.cx/is/image/aldiprodapac/product/jpg/scaleWidth/232/0d197916-4fb1-4124-b00f-a81186dcef40/Candy%20Sharepack%2095240g
Pinot Noir 750ml,$11.99,,https://dm.apac.cms.aldi.cx/is/image/aldiprodapac/product/jpg/scaleWidth/232/41da4ebe-bbbe-4522-9712-501341f5a809/Pinot%20Noir%20750ml
Real Mayonnaise 455g,$2.99,$0.66 per 100 g,https://dm.apac.cms.aldi.cx/is/image/aldiprodapac/product/jpg/scaleWidth/232/dcc6ccb1-7c3c-45fa-b354-9f20f9a0ff54/Real%20Mayonnaise%20455g
Breadcrumbs 500g,$1.99,$0.40 per 100 g,https://dm.apac.cms.aldi.cx/is/image/aldiprodapac/product/jpg/scaleWidth/232/6f166cc0-e05b-487f-ad1f-79cbec03dfbb/Breadcrumbs%20500g
Dry Shampoo Blush 200ml,$8.39,$4.20 per 100 ml,https://dm.apac.cms.aldi.cx/is/image/aldiprodapac/product/jpg/scaleWidth/232/7148a660-d666-45b8-8da1-69f6e600d94c/Dry%20Shampoo%20Blush%20200ml
Gas Lighter 3 Pack,$7.99,,https://dm.apac.cms.aldi.cx/is/image/aldiprodapac/product/jpg/scaleWidth/232/5e4aae5c-4aaa-4f5f-aec8-b576ce4c20f6/Gas%20Lighter%203%20Pack
Chocolate Coated Almond 210g,$7.99,$3.80 per 100 g,https://dm.apac.cms.aldi.cx/is/image/aldiprodapac/product/jpg/scaleWidth/232/a6bfe8eb-30a4-4ad7-a82a-aa2d10709ff3/Chocolate%20Coated%20Almond%20210g
Thousand Island Salad Dressing 330ml,$1.79,$0.54 per 100 ml,https://dm.apac.cms.aldi.cx/is/image/aldiprodapac/product/jpg/scaleWidth/232/f324b79c-73a0-45c6-b849-19f307befb4d/Thousand%20Island%20Salad%20Dressing%20330ml
Milk Hazelnut Chocolate Block 200g,$4.99,$2.50 per 100 g,https://dm.apac.cms.aldi.cx/is/image/aldiprodapac/product/jpg/scaleWidth/232/1eee8261-929d-4298-b68a-9b8021bf59df/Milk%20Hazelnut%20Chocolate%20Block%20200g
Chocolate Scotch Finger 250g,$4.49,$1.80 per 100 g,https://dm.apac.cms.aldi.cx/is/image/aldiprodapac/product/jpg/scaleWidth/232/e3e41813-738d-4b35-a8a5-10b6df1382ee/Chocolate%20Scotch%20Finger%20250g
Kensington Pride Mango 4 Pack,$9.99,$2.50 per 1 each,https://dm.apac.cms.aldi.cx/is/image/aldiprodapac/product/jpg/scaleWidth/232/c011cee2-d949-469e-9f03-5042a00c503a/Kensington%20Pride%20Mango%204%20Pack
Automatic Insect Control System 165g,$14.99,$14.99 per 1 each,https://dm.apac.cms.aldi.cx/is/image/aldiprodapac/product/jpg/scaleWidth/232/c1b52705-b3c2-44b0-a676-7067fd332783/Automatic%20Insect%20Control%20System%20165g
Hand Cream 100g,$7.79,$7.79 per 100 g,https://dm.apac.cms.aldi.cx/is/image/aldiprodapac/product/jpg/scaleWidth/232/fcc8972c-b0f8-4973-ac4b-8a459b7ca86d/Hand%20Cream%20100g
Southern Comfort 1L,$59.99,,https://dm.apac.cms.aldi.cx/is/image/aldiprodapac/product/jpg/scaleWidth/232/3f638857-a4d3-45d0-852d-975996f5237c/Southern%20Comfort%201L
Southern Blue Whiting Skin On Fillets 1kg,$10.99,$10.99 per 1 kg,https://dm.apac.cms.aldi.cx/is/image/aldiprodapac/product/jpg/scaleWidth/232/fd28e258-247a-4fd4-a86d-f13000110fe0/Southern%20Blue%20Whiting%20Skin%20On%20Fillets%201kg
Mini Roma Tomatoes 250g,$3.29,$13.16 per 1 kg,https://dm.apac.cms.aldi.cx/is/image/aldiprodapac/product/jpg/scaleWidth/232/af5d9aeb-06f4-4dbd-8ee8-b1f10bed7d25/Mini%20Roma%20Tomatoes%20250g
Liquid Hand Wash Refill 1L,$3.79,$0.38 per 100 ml,https://dm.apac.cms.aldi.cx/is/image/aldiprodapac/product/jpg/scaleWidth/232/9b7c26f7-7957-47d3-8708-c6d29c5a75bb/Liquid%20Hand%20Wash%20Refill%201L
Beef Short Ribs,$19.79,$21.99 per 1 kg,https://dm.apac.cms.aldi.cx/is/image/aldiprodapac/product/jpg/scaleWidth/232/e9ead624-536f-477b-81bb-781eede667dd/Beef%20Short%20Ribs
Nappy Bags 200 Pack,$2.99,$1.50 per 100 each,https://dm.apac.cms.aldi.cx/is/image/aldiprodapac/product/jpg/scaleWidth/232/162b256b-a771-407d-9a67-2b41a69df75c/Nappy%20Bags%20200%20Pack
Roasted & Salted Macadamias 400g,$14.99,$37.48 per 1 kg,https://dm.apac.cms.aldi.cx/is/image/aldiprodapac/product/jpg/scaleWidth/232/6683d6e8-cbaa-46df-98b1-9b9aedb2dc51/Roasted%20%20Salted%20Macadamias%20400g
French Onion Dip 200g,$2.39,$1.20 per 100 g,https://dm.apac.cms.aldi.cx/is/image/aldiprodapac/product/jpg/scaleWidth/232/86028b29-9323-4d3d-9f0c-21fed2d1758d/French%20Onion%20Dip%20200g
Daily Defence Face Moisturiser Sunscreen Light Tint SPF50+ 60ml,$4.99,$8.32 per 100 ml,https://dm.apac.cms.aldi.cx/is/image/aldiprodapac/product/jpg/scaleWidth/232/be4c79ef-425a-4c34-ab00-49b2ddd33272/Daily%20Defence%20Face%20Moisturiser%20Sunscreen%20Light%20Tint%20SPF50%2060ml
Assorted Body Spray 50g,$4.19,$8.38 per 100 g,https://dm.apac.cms.aldi.cx/is/image/aldiprodapac/product/jpg/scaleWidth/232/4b255ed4-91b9-4f5b-b08b-cc5f7586540c/Assorted%20Body%20Spray%2050g
"Pea, Apple, Broccoli & Spinach 6+ Months Baby Food 120g",$0.95,$0.79 per 100 g,https://dm.apac.cms.aldi.cx/is/image/aldiprodapac/product/jpg/scaleWidth/232/1d44b81e-5f4e-442f-8216-6ee718e01a36/Pea%20Apple%20Broccoli%20%20Spinach%206%20Months%20Baby%20Food%20120g
Assorted Laundry Powder Concentrate 2kg,$5.99,$3.00 per 1 kg,https://dm.apac.cms.aldi.cx/is/image/aldiprodapac/product/jpg/scaleWidth/232/5b05c24f-d43f-40b5-8464-d0322d38e557/Assorted%20Laundry%20Powder%20Concentrate%202kg
Golden Butter Traditional Cake Mix with Icing 440g,$2.29,$0.52 per 100 g,https://dm.apac.cms.aldi.cx/is/image/aldiprodapac/product/jpg/scaleWidth/232/7b7867ca-f920-4d62-bc56-f38ffc8cea12/Golden%20Butter%20Traditional%20Cake%20Mix%20with%20Icing%20440g
Coffee Capsules Tauro 16 Pack 124g,$7.99,$0.50 per 1 each,https://dm.apac.cms.aldi.cx/is/image/aldiprodapac/product/jpg/scaleWidth/232/bcdf1a8a-c8b2-4441-a337-4b51085c9c7f/Coffee%20Capsules%20Tauro%2016%20Pack%20124g
Energy Food Drink 450g,$4.49,$1.00 per 100 g,https://dm.apac.cms.aldi.cx/is/image/aldiprodapac/product/jpg/scaleWidth/232/8c5fe7b2-585c-4a44-b838-46d7250fc417/Energy%20Food%20Drink%20450g
Multi Purpose Cleaner 600ml,$3.69,$0.62 per 100 ml,https://dm.apac.cms.aldi.cx/is/image/aldiprodapac/product/jpg/scaleWidth/232/80415f2b-152d-4796-8a2d-e20c7fc99af6/Multi%20Purpose%20Cleaner%20600ml
English Breakfast Tea Bags 50 Pack,$3.49,$0.07 per 1 each,https://dm.apac.cms.aldi.cx/is/image/aldiprodapac/product/jpg/scaleWidth/232/407e9581-fe63-480d-b6e8-fa77fb0e6053/English%20Breakfast%20Tea%20Bags%2050%20Pack
Basil Bunch,$2.99,$2.99 per 1 each,https://dm.apac.cms.aldi.cx/is/image/aldiprodapac/product/jpg/scaleWidth/232/6b8ffa85-d5d8-4496-8315-aa33351033f6/Basil%20Bunch
Green Goddess Salad Mini Kit 150g,$2.99,$19.93 per 1 kg,https://dm.apac.cms.aldi.cx/is/image/aldiprodapac/product/jpg/scaleWidth/232/45c4e523-33d0-4058-8783-b86d6a21c4dc/Green%20Goddess%20Salad%20Mini%20Kit%20150g
Pretzels 498g,$6.49,$1.30 per 100 g,https://dm.apac.cms.aldi.cx/is/image/aldiprodapac/product/jpg/scaleWidth/232/f6098c05-c382-4247-a152-2ddd1ed27dae/Pretzels%20498g
Pistachio Kernels 100g,$4.49,,https://dm.apac.cms.aldi.cx/is/image/aldiprodapac/product/jpg/scaleWidth/232/125f188d-8c5c-424e-95a2-2f3bb82055fa/Pistachio%20Kernels%20100g
Cookie Cups 116g,$1.99,$1.72 per 100 g,https://dm.apac.cms.aldi.cx/is/image/aldiprodapac/product/jpg/scaleWidth/232/b88cdc4b-a480-4ad8-b6b5-d1f77e12eb13/Cookie%20Cups%20116g
Persian Feta Dip 150g,$2.99,$1.99 per 100 g,https://dm.apac.cms.aldi.cx/is/image/aldiprodapac/product/jpg/scaleWidth/232/cdc9522b-9a03-47f0-b91c-9a2a2a10c419/Persian%20Feta%20Dip%20150g
Meat Lovers Pizza Slices 600g,$5.99,$1.00 per 100 g,https://dm.apac.cms.aldi.cx/is/image/aldiprodapac/product/jpg/scaleWidth/232/e1727483-829a-4b68-a39f-2d6ed03bbb14/Meat%20Lovers%20Pizza%20Slices%20600g
Marlborough Sauvignon Blanc 750ml,$7.99,,https://dm.apac.cms.aldi.cx/is/image/aldiprodapac/product/jpg/scaleWidth/232/315ca96c-cd7e-429c-83ef-36580795701d/Marlborough%20Sauvignon%20Blanc%20750ml
Arlo Essential Outdoor Camera 2nd Generation,$69.99,,https://dm.apac.cms.aldi.cx/is/image/aldiprodapac/product/jpg/scaleWidth/232/34557a31-ea21-4317-a3a4-3b2bdf24a50e/Arlo%20Essential%20Outdoor%20Camera%202nd%20Generation
Salted Lentil Chips 120g,$3.99,$3.33 per 100 g,https://dm.apac.cms.aldi.cx/is/image/aldiprodapac/product/jpg/scaleWidth/232/fc210d30-67e0-4fce-b29b-612d8582ad4a/Salted%20Lentil%20Chips%20120g
Turmeric Ground 60g,$3.29,$0.55 per 10 g,https://dm.apac.cms.aldi.cx/is/image/aldiprodapac/product/jpg/scaleWidth/232/a68c3714-e300-48a3-9df0-82641446b6c4/Turmeric%20Ground%2060g
Coleslaw Salad 800g,$5.99,$7.49 per 1 kg,https://dm.apac.cms.aldi.cx/is/image/aldiprodapac/product/jpg/scaleWidth/232/a12aec47-99da-4ed8-b0de-e852b760864b/Coleslaw%20Salad%20800g
Sunflower Oil 4L,$14.99,$0.37 per 100 ml,https://dm.apac.cms.aldi.cx/is/image/aldiprodapac/product/jpg/scaleWidth/232/9f7a8bbd-3f4f-41d7-a639-dcfd9e1db318/Sunflower%20Oil%204L
Instant Coffee Espresso Style 150g,$13.99,$9.33 per 100 g,https://dm.apac.cms.aldi.cx/is/image/aldiprodapac/product/jpg/scaleWidth/232/2911815b-3543-4a75-a03f-809fff7836aa/Instant%20Coffee%20Espresso%20Style%20150g
20V Cordless Blower Skin,$49.99,,https://dm.apac.cms.aldi.cx/is/image/aldiprodapac/product/jpg/scaleWidth/232/4ef92bc0-e848-427f-99ec-cf7a7234b05c/20V%20Cordless%20Blower%20Skin
Plain Kransky 300g,$4.99,$16.63 per 1 kg,https://dm.apac.cms.aldi.cx/is/image/aldiprodapac/product/jpg/scaleWidth/232/41ffd218-35c6-4230-8fb9-1f9aecca8c9d/Plain%20Kransky%20300g
Liquid Hand Wash Refill 1L,$8.49,$0.85 per 100 ml,https://dm.apac.cms.aldi.cx/is/image/aldiprodapac/product/jpg/scaleWidth/232/50dc581c-1e82-4dd2-aec6-9bba69d7f56b/Liquid%20Hand%20Wash%20Refill%201L
Honey Pecan Paleo Granola 300g,$6.99,$2.33 per 100 g,https://dm.apac.cms.aldi.cx/is/image/aldiprodapac/product/jpg/scaleWidth/232/128abb3e-3394-46dd-8749-3391b032e65a/Honey%20Pecan%20Paleo%20Granola%20300g
Fruity Bursts 500g,$4.99,$1.00 per 100 g,https://dm.apac.cms.aldi.cx/is/image/aldiprodapac/product/jpg/scaleWidth/232/7f85f545-b827-4333-8b8d-f8cd0f3d976f/Fruity%20Bursts%20500g
Sriracha Mayonnaise Sauce 450ml,$3.79,$0.84 per 100 ml,https://dm.apac.cms.aldi.cx/is/image/aldiprodapac/product/jpg/scaleWidth/232/d7d6c153-9541-4a72-95ae-4f3d639dc9b1/Sriracha%20Mayonnaise%20Sauce%20450ml
4V Cordless Mini Cutter,$29.99,,https://dm.apac.cms.aldi.cx/is/image/aldiprodapac/product/jpg/scaleWidth/232/931bc95b-c4ae-4e97-bb22-a5a676cce5d1/4V%20Cordless%20Mini%20Cutter
Blueberries 170g,$3.99,$23.47 per 1 kg,https://dm.apac.cms.aldi.cx/is/image/aldiprodapac/product/jpg/scaleWidth/232/df8984d6-5072-452f-9bcf-e67cfece9063/Blueberries%20170g
On The Go Dry Roasted Honey Mixed Nuts 45g,$0.99,$22.00 per 1 kg,https://dm.apac.cms.aldi.cx/is/image/aldiprodapac/product/jpg/scaleWidth/232/a637d45f-0bf8-433d-a082-dc817cadc8f7/On%20The%20Go%20Dry%20Roasted%20Honey%20Mixed%20Nuts%2045g
Shredded Slaw Fine 400g,$2.99,$7.48 per 1 kg,https://dm.apac.cms.aldi.cx/is/image/aldiprodapac/product/jpg/scaleWidth/232/77b66b19-3810-44a7-b1f7-035a0ba146d1/Shredded%20Slaw%20Fine%20400g
Sour Cream & Cives Flavoured Rice Cakes 160g,$1.99,$1.24 per 100 g,https://dm.apac.cms.aldi.cx/is/image/aldiprodapac/product/jpg/scaleWidth/232/12eef84c-1d43-44ae-ade7-086275add2ac/Sour%20Cream%20%20Cives%20Flavoured%20Rice%20Cakes%20160g
Assorted Conditioner 400ml,$6.99,$1.75 per 100 ml,https://dm.apac.cms.aldi.cx/is/image/aldiprodapac/product/jpg/scaleWidth/232/b99217dd-e161-410f-af13-0e1648e7049d/Assorted%20Conditioner%20400ml
Parmesan & Basil Flatbread Dippers 130g,$2.25,$1.73 per 100 g,https://dm.apac.cms.aldi.cx/is/image/aldiprodapac/product/jpg/scaleWidth/232/564c665d-3f18-448d-aa0d-f8eef58ae4d5/Parmesan%20%20Basil%20Flatbread%20Dippers%20130g
Salami with Pork Belly 100g,$4.99,$49.90 per 1 kg,https://dm.apac.cms.aldi.cx/is/image/aldiprodapac/product/jpg/scaleWidth/232/f6de1b34-95cd-4b48-8dad-5e5d0acdfaea/Salami%20with%20Pork%20Belly%20100g
Macadamia Shortbread 300g,$4.99,$1.66 per 100 g,https://dm.apac.cms.aldi.cx/is/image/aldiprodapac/product/jpg/scaleWidth/232/78eca03a-0c52-426c-9dab-368275d6e48d/Macadamia%20Shortbread%20300g
Aioli And Cracked Pepper Salmon 95g,$1.49,$15.68 per 1 kg,https://dm.apac.cms.aldi.cx/is/image/aldiprodapac/product/jpg/scaleWidth/232/66ab9eae-0daf-402f-a4f7-4031503c2e2b/Aioli%20And%20Cracked%20Pepper%20Salmon%2095g
Apricot & Almond Muesli 750g,$3.79,$0.51 per 100 g,https://dm.apac.cms.aldi.cx/is/image/aldiprodapac/product/jpg/scaleWidth/232/be3ec45a-8297-4352-95a1-1b4875d1f96b/Apricot%20%20Almond%20Muesli%20750g
Assorted Cotton Waffle Blanket,$39.99,,https://dm.apac.cms.aldi.cx/is/image/aldiprodapac/product/jpg/scaleWidth/232/01c15e77-abca-4597-92b7-f493e087dfed/Assorted%20Cotton%20Waffle%20Blanket
Muesli Bars 6 Pack 185g,$2.49,$1.35 per 100 g,https://dm.apac.cms.aldi.cx/is/image/aldiprodapac/product/jpg/scaleWidth/232/aa84cdcb-fba8-4ba9-9679-b0d140ba8e87/Muesli%20Bars%206%20Pack%20185g
Drinking Chocolate 400g,$3.99,$1.00 per 100 g,https://dm.apac.cms.aldi.cx/is/image/aldiprodapac/product/jpg/scaleWidth/232/6bc3dc3d-e848-4e6e-82bc-3b54211e25b4/Drinking%20Chocolate%20400g
Roasted Hazelnut & Manuka Honey Nougat Bar 90g,$3.99,$4.43 per 100 g,https://dm.apac.cms.aldi.cx/is/image/aldiprodapac/product/jpg/scaleWidth/232/99ebc724-be13-414f-acdf-91c10a449f78/Roasted%20Hazelnut%20%20Manuka%20Honey%20Nougat%20Bar%2090g
Snack'N'Go Chick Peas with Zesty Vinaigarette 70g,$0.99,$14.14 per 1 kg,https://dm.apac.cms.aldi.cx/is/image/aldiprodapac/product/jpg/scaleWidth/232/bf6a50d2-5377-4cd4-8638-bc34218f8faf/SnackNGo%20Chick%20Peas%20with%20Zesty%20Vinaigarette%2070g
Pepperoni Pizza 310g,$5.99,$1.93 per 100 g,https://dm.apac.cms.aldi.cx/is/image/aldiprodapac/product/jpg/scaleWidth/232/2f8e3498-24f2-49a4-98e8-603a0ffebdf9/Pepperoni%20Pizza%20310g
Mini Capsicums 175g,$4.99,$28.51 per 1 kg,https://dm.apac.cms.aldi.cx/is/image/aldiprodapac/product/jpg/scaleWidth/232/049c0b0c-654d-46e9-adc7-eb5cf80a3a53/Mini%20Capsicums%20175g
Calabrese Gourmet Pasta Sauce 400g,$3.99,$1.00 per 100 g,https://dm.apac.cms.aldi.cx/is/image/aldiprodapac/product/jpg/scaleWidth/232/64d53627-4ff7-4d7f-b781-9bb1c9c6af87/Calabrese%20Gourmet%20Pasta%20Sauce%20400g
Teriyaki And Garlic Salmon 95g,$1.49,$15.68 per 1 kg,https://dm.apac.cms.aldi.cx/is/image/aldiprodapac/product/jpg/scaleWidth/232/0e3f8ae8-26fe-44f9-a64a-ace49405af7d/Teriyaki%20And%20Garlic%20Salmon%2095g
Green Tea and Mint 50 Pack 75g,$2.19,$0.04 per 1 each,https://dm.apac.cms.aldi.cx/is/image/aldiprodapac/product/jpg/scaleWidth/232/8e1ad9db-8291-4b5d-a023-35ecdb4fa232/Green%20Tea%20and%20Mint%2050%20Pack%2075g
Solar Shed Light,$14.99,,https://dm.apac.cms.aldi.cx/is/content/aldiprodapac/1001860-2_COMING-SOON-GREYSCALE_RGB_OUTLINED_1200x1200
Multigrain Sourdough 500g,$3.69,$0.74 per 100 g,https://dm.apac.cms.aldi.cx/is/image/aldiprodapac/product/jpg/scaleWidth/232/78cd3b48-60f9-4a56-bbc7-b053bc7b8576/Multigrain%20Sourdough%20500g
All Butter Croissants 3 Pack 189g,$2.49,$0.83 per 1 each,https://dm.apac.cms.aldi.cx/is/image/aldiprodapac/product/jpg/scaleWidth/232/3551c0ae-7fc2-482f-9405-e3c3ba613775/All%20Butter%20Croissants%203%20Pack%20189g
Gravy Beef,$10.19,$16.99 per 1 kg,https://dm.apac.cms.aldi.cx/is/image/aldiprodapac/product/jpg/scaleWidth/232/fd8bf125-5c9f-4cfb-aa97-b7834dfd798c/Gravy%20Beef
Brandy 700ml,$36.99,,https://dm.apac.cms.aldi.cx/is/image/aldiprodapac/product/jpg/scaleWidth/232/968d5a3c-f2e7-48ac-ae96-0a5f0939a6b9/Brandy%20700ml
Assorted Lyocell Cotton Quilt Cover Set - Queen Bed,$59.99,,https://dm.apac.cms.aldi.cx/is/image/aldiprodapac/product/jpg/scaleWidth/232/0315b3c4-238e-400b-b06f-99d4691c4f83/Assorted%20Lyocell%20Cotton%20Quilt%20Cover%20Set%20%20Queen%20Bed
Hair Removal Cream 100ml,$6.99,$6.99 per 100 ml,https://dm.apac.cms.aldi.cx/is/image/aldiprodapac/product/jpg/scaleWidth/232/bba5b178-c6b5-4ba3-815a-41cc1a0be034/Hair%20Removal%20Cream%20100ml
California BBQ Marinated Split RSPCA Approved Chicken,$9.66,$8.99 per 1 kg,https://dm.apac.cms.aldi.cx/is/image/aldiprodapac/product/jpg/scaleWidth/232/6bf626dd-705f-441b-bbc2-094f88ec1cc9/California%20BBQ%20Marinated%20Split%20RSPCA%20Approved%20Chicken
Cocktail Frankfurts 400g,$3.99,$9.98 per 1 kg,https://dm.apac.cms.aldi.cx/is/image/aldiprodapac/product/jpg/scaleWidth/232/f160d944-38db-4a66-8ba1-7f0a21313f99/Cocktail%20Frankfurts%20400g
Chicken & Bacon Macaroni Cheese 1.1kg,$10.99,$1.00 per 100 g,https://dm.apac.cms.aldi.cx/is/image/aldiprodapac/product/jpg/scaleWidth/232/322c8596-de68-4edf-804a-dd858858cf51/Chicken%20%20Bacon%20Macaroni%20Cheese%201.1kg
Coffee Capsules Renzo 16 Pack 124g,$7.99,$0.50 per 1 each,https://dm.apac.cms.aldi.cx/is/image/aldiprodapac/product/jpg/scaleWidth/232/93157b98-b2b9-4187-85ae-ec331e52ffb1/Coffee%20Capsules%20Renzo%2016%20Pack%20124g
Tasty Cheese Block 250g,$5.29,$21.16 per 1 kg,https://dm.apac.cms.aldi.cx/is/image/aldiprodapac/product/jpg/scaleWidth/232/5013b738-cbba-49a9-9f05-acc0a035a5df/Tasty%20Cheese%20Block%20250g
Chardonnay Pinot Noir & Prosecco 750ml,$7.79,,https://dm.apac.cms.aldi.cx/is/image/aldiprodapac/product/jpg/scaleWidth/232/770cb447-2c72-48c2-8161-c1308e4158e9/Chardonnay%20Pinot%20Noir%20%20Prosecco%20750ml
Cooked Chicken Breast Schnitzels 2 Pack 200g,$3.79,$18.95 per 1 kg,https://dm.apac.cms.aldi.cx/is/image/aldiprodapac/product/jpg/scaleWidth/232/17eae377-1716-404c-b0a1-a4f3ee036671/Cooked%20Chicken%20Breast%20Schnitzels%202%20Pack%20200g
Potato Gnocchi Mini 500g,$2.99,$0.60 per 100 g,https://dm.apac.cms.aldi.cx/is/image/aldiprodapac/product/jpg/scaleWidth/232/2677b2c0-8412-4bbf-878e-83dda4a8462e/Potato%20Gnocchi%20Mini%20500g
Assorted Children's Utensils and Travel Case,$5.99,,https://dm.apac.cms.aldi.cx/is/image/aldiprodapac/product/jpg/scaleWidth/232/aa0c8800-f555-46c5-b76e-3750cc7c2fe0/Assorted%20Childrens%20Utensils%20and%20Travel%20Case
Potato Bake 800g,$6.59,$8.24 per 1 kg,https://dm.apac.cms.aldi.cx/is/image/aldiprodapac/product/jpg/scaleWidth/232/7b69e03e-22b1-4469-9eed-56853ea38d1b/Potato%20Bake%20800g
Cracked Heel Balm 100ml,$4.99,$0.50 per 10 ml,https://dm.apac.cms.aldi.cx/is/image/aldiprodapac/product/jpg/scaleWidth/232/b5a3277b-eb6c-4568-b36a-af930f3248a4/Cracked%20Heel%20Balm%20100ml
Durif 750ml,$7.99,,https://dm.apac.cms.aldi.cx/is/image/aldiprodapac/product/jpg/scaleWidth/232/242bdaea-cc3f-4161-a14b-b05b64bceab9/Durif%20750ml
Crinkle Cut Potato Chips Salt & Vinegar 230g,$2.69,$1.17 per 100 g,https://dm.apac.cms.aldi.cx/is/image/aldiprodapac/product/jpg/scaleWidth/232/baa9733c-5f03-409e-adf7-957b456c1f05/Crinkle%20Cut%20Potato%20Chips%20Salt%20%20Vinegar%20230g
Skinless Hot Dogs 375g,$3.99,$10.64 per 1 kg,https://dm.apac.cms.aldi.cx/is/image/aldiprodapac/product/jpg/scaleWidth/232/1e6087c5-4b91-422d-8b62-4c9ed561ff90/Skinless%20Hot%20Dogs%20375g
Tonic Water No Sugar 1.25L,$1.09,$0.87 per 1 L,https://dm.apac.cms.aldi.cx/is/image/aldiprodapac/product/jpg/scaleWidth/232/6f5999ba-c38d-48ad-88fd-3a2fd5974032/Tonic%20Water%20No%20Sugar%201.25L
Grains & Seeds Bread Original 700g,$3.19,$0.46 per 100 g,https://dm.apac.cms.aldi.cx/is/image/aldiprodapac/product/jpg/scaleWidth/232/a55a13a9-1b3b-48cc-8954-0dfb2d5fb68d/Grains%20%20Seeds%20Bread%20Original%20700g
Smokey Chipotle Mayonnaise 252g,$1.99,$0.79 per 100 g,https://dm.apac.cms.aldi.cx/is/image/aldiprodapac/product/jpg/scaleWidth/232/35c20731-f02d-469f-b11f-434342d4a0a6/Smokey%20Chipotle%20Mayonnaise%20252g
Arlo 2K Video Doorbell 2nd Generation,$89.99,,https://dm.apac.cms.aldi.cx/is/image/aldiprodapac/product/jpg/scaleWidth/232/cb5d6be0-5661-4479-a7af-3b10f79fd46e/Arlo%202K%20Video%20Doorbell%202nd%20Generation
Sparkling Water with Raspberry 8 Pack 330ml,$6.99,$2.65 per 1 L,https://dm.apac.cms.aldi.cx/is/image/aldiprodapac/product/jpg/scaleWidth/232/d2be5784-7a46-4a64-85aa-e0dd49cbd3b3/Sparkling%20Water%20with%20Raspberry%208%20Pack%20330ml
Mini Panettone Limoncello 100g,$3.99,$3.99 per 100 g,https://dm.apac.cms.aldi.cx/is/image/aldiprodapac/product/jpg/scaleWidth/232/0d34e33d-4d8d-4102-8cad-929c885ac719/Mini%20Panettone%20Limoncello%20100g
Middle Bacon Rind On 250g,$3.79,$15.16 per 1 kg,https://dm.apac.cms.aldi.cx/is/image/aldiprodapac/product/jpg/scaleWidth/232/a29de21a-6b8b-4a0b-85bd-f644bedc44bb/Middle%20Bacon%20Rind%20On%20250g
Wooden Play Activity,$29.99,,https://dm.apac.cms.aldi.cx/is/image/aldiprodapac/product/jpg/scaleWidth/232/74d49dae-523f-4d31-9315-ba0af3fb3655/Wooden%20Play%20Activity
"75"" 4K UHD WebOS TV",$799.00,,https://dm.apac.cms.aldi.cx/is/image/aldiprodapac/product/jpg/scaleWidth/232/1f20a436-2176-448d-aa2f-428026848b12/75%204K%20UHD%20WebOS%20TV
RSPCA Approved Chicken Breast Fillets,$7.79,$12.99 per 1 kg,https://dm.apac.cms.aldi.cx/is/image/aldiprodapac/product/jpg/scaleWidth/232/806f680b-83ae-4e32-9ec8-c3f8a2dfacfb/RSPCA%20Approved%20Chicken%20Breast%20Fillets
Adult's Premium Gardening Shoes,$11.99,,https://dm.apac.cms.aldi.cx/is/image/aldiprodapac/product/jpg/scaleWidth/232/bc46244d-49a9-48a2-8c88-5e3cb7944f9d/Adults%20Premium%20Gardening%20Shoes
Gluten Free Raisin & Pumpkin Seeds Specialty Crackers 100g,$3.99,$3.99 per 100 g,https://dm.apac.cms.aldi.cx/is/image/aldiprodapac/product/jpg/scaleWidth/232/7dd176b2-30d5-44d0-ac16-58ca931c1fc5/Gluten%20Free%20Raisin%20%20Pumpkin%20Seeds%20Specialty%20Crackers%20100g
Roasted Almond & Manuka Honey Nougat Bar 90g,$3.99,$4.43 per 100 g,https://dm.apac.cms.aldi.cx/is/image/aldiprodapac/product/jpg/scaleWidth/232/9a4cbc8a-7a34-409f-a811-fd9eb62706cd/Roasted%20Almond%20%20Manuka%20Honey%20Nougat%20Bar%2090g
Iceberg Blend Salad Mix 300g,$2.49,$8.30 per 1 kg,https://dm.apac.cms.aldi.cx/is/image/aldiprodapac/product/jpg/scaleWidth/232/f7a7dbce-bf5f-4caf-ba56-5293ebf6ab62/Iceberg%20Blend%20Salad%20Mix%20300g
Assorted Adult Colouring Books,$6.99,,https://dm.apac.cms.aldi.cx/is/image/aldiprodapac/product/jpg/scaleWidth/232/5dbcfdc9-e661-4bdc-b0db-535b283cb12e/Assorted%20Adult%20Colouring%20Books
Eggplant Loose,$4.00/0.5 kg,$7.99 per 1 kg,https://dm.apac.cms.aldi.cx/is/image/aldiprodapac/product/jpg/scaleWidth/232/51746db9-15a8-468c-a34f-811a3c329ce3/Eggplant%20Loose
Crumbed Chicken Tenders 400g,$7.39,$18.48 per 1 kg,https://dm.apac.cms.aldi.cx/is/image/aldiprodapac/product/jpg/scaleWidth/232/0ca57549-580d-4a26-84f1-4c800f21d529/Crumbed%20Chicken%20Tenders%20400g
Extra Virgin Olive Oil 750ml,$10.49,$1.40 per 100 ml,https://dm.apac.cms.aldi.cx/is/image/aldiprodapac/product/jpg/scaleWidth/232/4d68184b-a714-4126-b3da-a9c1777f2f57/Extra%20Virgin%20Olive%20Oil%20750ml
Melting Moments 280g,$4.99,$1.78 per 100 g,https://dm.apac.cms.aldi.cx/is/image/aldiprodapac/product/jpg/scaleWidth/232/efcb9962-dd3d-4f84-ac8a-5813de4dfd60/Melting%20Moments%20280g
Multigrain Sandwich Sliced Bread 650g,$2.59,$0.40 per 100 g,https://dm.apac.cms.aldi.cx/is/image/aldiprodapac/product/jpg/scaleWidth/232/6e884152-d03e-4b6f-b4ad-4f728d73d8de/Multigrain%20Sandwich%20Sliced%20Bread%20650g
LED Light Therapy Mask 7+1,$219.00,$219.00 per 1 each,https://dm.apac.cms.aldi.cx/is/image/aldiprodapac/product/jpg/scaleWidth/232/85ef692b-6f26-4466-a89e-a9d50d250802/LED%20Light%20Therapy%20Mask%2071
Original Brioche Sliced Loaf 500g,$4.49,$0.90 per 100 g,https://dm.apac.cms.aldi.cx/is/image/aldiprodapac/product/jpg/scaleWidth/232/72a7fbf9-556f-43e8-bf9c-8eece246b608/Original%20Brioche%20Sliced%20Loaf%20500g
Strawberries 500g,$5.99,$11.98 per 1 kg,https://dm.apac.cms.aldi.cx/is/image/aldiprodapac/product/jpg/scaleWidth/232/8857ed16-ede2-431d-9129-3c108fe7e6d8/Strawberries%20500g
Apple Strudel 600g,$5.99,$1.00 per 100 g,https://dm.apac.cms.aldi.cx/is/image/aldiprodapac/product/jpg/scaleWidth/232/752fcfca-7d1b-42b3-a0c3-3542836c5b65/Apple%20Strudel%20600g
Colby Cheese Slices 500g,$7.49,$14.98 per 1 kg,https://dm.apac.cms.aldi.cx/is/image/aldiprodapac/product/jpg/scaleWidth/232/39000155-f2f3-4574-b9fc-20c4e5ede36e/Colby%20Cheese%20Slices%20500g
"Adult Dog Food Homestyle with Lamb, Pasta & Vegetables 1.2kg",$2.89,$0.24 per 100 g,https://dm.apac.cms.aldi.cx/is/image/aldiprodapac/product/jpg/scaleWidth/232/124998e3-35bd-4457-b909-a5b1b6d81b3c/Adult%20Dog%20Food%20Homestyle%20with%20Lamb%20Pasta%20%20Vegetables%201.2kg
Green Energy Drink 6 Pack 500ml,$14.99,$5.00 per 1 L,https://dm.apac.cms.aldi.cx/is/image/aldiprodapac/product/jpg/scaleWidth/232/c74d7407-4d91-4b85-ab52-76607f209d23/Green%20Energy%20Drink%206%20Pack%20500ml
Natural Mixed Nuts 500g,$11.99,$23.98 per 1 kg,https://dm.apac.cms.aldi.cx/is/image/aldiprodapac/product/jpg/scaleWidth/232/894748f1-2c8d-4478-a4a8-97e9e3211db8/Natural%20Mixed%20Nuts%20500g
Assorted Laundry Liquid Concentrate 2L,$5.99,$3.00 per 1 L,https://dm.apac.cms.aldi.cx/is/image/aldiprodapac/product/jpg/scaleWidth/232/6942b6a0-13a9-40e4-a016-6ff4a745361e/Assorted%20Laundry%20Liquid%20Concentrate%202L
Vitamins CoQ10 60 Pack 150mg,$17.99,$0.30 per 1 each,https://dm.apac.cms.aldi.cx/is/image/aldiprodapac/product/jpg/scaleWidth/232/43a84f6a-2549-4bef-a13e-ce97bd8ace55/Vitamins%20CoQ10%2060%20Pack%20150mg
Sardines in Springwater 125g,$0.89,$7.12 per 1 kg,https://dm.apac.cms.aldi.cx/is/image/aldiprodapac/product/jpg/scaleWidth/232/36cc7a69-6e50-4b65-8a3b-80afcc6ac77d/Sardines%20in%20Springwater%20125g
Creamy Porridge 6+ Months Baby Food 120g,$0.95,$0.79 per 100 g,https://dm.apac.cms.aldi.cx/is/image/aldiprodapac/product/jpg/scaleWidth/232/47d9ded5-2d87-4514-92c5-ea2e1d0d9717/Creamy%20Porridge%206%20Months%20Baby%20Food%20120g
Wheat Biscuits Value Pack 1.12kg,$4.59,$0.41 per 100 g,https://dm.apac.cms.aldi.cx/is/image/aldiprodapac/product/jpg/scaleWidth/232/95816def-75e3-45ea-ade6-e7e5ca1c525d/Wheat%20Biscuits%20Value%20Pack%201.12kg
Honey Soy Chicken Crackers 135g,$3.69,$2.73 per 100 g,https://dm.apac.cms.aldi.cx/is/image/aldiprodapac/product/jpg/scaleWidth/232/5da7dad6-835d-40dd-87df-e908acda288b/Honey%20Soy%20Chicken%20Crackers%20135g
Seed Tray 4 Pack,$9.99,,https://dm.apac.cms.aldi.cx/is/image/aldiprodapac/product/jpg/scaleWidth/232/7533ace6-a752-4c37-b87e-fc74fe9b7a5e/Seed%20Tray%204%20Pack
Port Wine Jelly 85g,$1.19,$1.40 per 100 g,https://dm.apac.cms.aldi.cx/is/image/aldiprodapac/product/jpg/scaleWidth/232/5c8c5fd7-268a-4044-bc12-8c46689650ee/Port%20Wine%20Jelly%2085g
Chocolate Traditional Cake with Icing Mix 440g,$2.29,$0.52 per 100 g,https://dm.apac.cms.aldi.cx/is/image/aldiprodapac/product/jpg/scaleWidth/232/c4404f7d-5bab-4011-b061-7fd8761e1bbe/Chocolate%20Traditional%20Cake%20with%20Icing%20Mix%20440g
Beef Stroganoff 280g,$4.49,$1.60 per 100 g,https://dm.apac.cms.aldi.cx/is/image/aldiprodapac/product/jpg/scaleWidth/232/c83ffde0-92e6-4ea8-89b4-adf33e7b86d0/Beef%20Stroganoff%20280g
3 in 1 Shower Gel 1L,$4.49,$0.45 per 100 ml,https://dm.apac.cms.aldi.cx/is/image/aldiprodapac/product/jpg/scaleWidth/232/378a06cc-6239-4f59-875d-a30cb27c704d/3%20in%201%20Shower%20Gel%201L
Cling Wrap 60m,$1.39,$0.02 per 1 m,https://dm.apac.cms.aldi.cx/is/image/aldiprodapac/product/jpg/scaleWidth/232/032e5180-9ba3-4cbb-9465-d6d49a8f5714/Cling%20Wrap%2060m
Yellowfin Tuna Slices In Olive Oil 125g,$2.59,$20.72 per 1 kg,https://dm.apac.cms.aldi.cx/is/image/aldiprodapac/product/jpg/scaleWidth/232/721e1c30-5181-4170-8ab8-df92bf7cf4c8/Yellowfin%20Tuna%20Slices%20In%20Olive%20Oil%20125g
Snack Stack Chips Original Flavour 45g,$1.49,$3.31 per 100 g,https://dm.apac.cms.aldi.cx/is/image/aldiprodapac/product/jpg/scaleWidth/232/47eebc1a-c9b5-4b0b-8709-8147b7c3f404/Snack%20Stack%20Chips%20Original%20Flavour%2045g
Refried Black Beans 454g,$2.39,$0.53 per 100 g,https://dm.apac.cms.aldi.cx/is/image/aldiprodapac/product/jpg/scaleWidth/232/d070472f-9dae-4f11-86a3-9dad734be0ca/Refried%20Black%20Beans%20454g
Roasted Garlic Wraps 8 Pack 560g,$3.69,$0.66 per 100 g,https://dm.apac.cms.aldi.cx/is/image/aldiprodapac/product/jpg/scaleWidth/232/f3160b6f-839a-4923-90c4-7315302e3a65/Roasted%20Garlic%20Wraps%208%20Pack%20560g
UK Red Leicester 200g,$4.49,$22.45 per 1 kg,https://dm.apac.cms.aldi.cx/is/image/aldiprodapac/product/jpg/scaleWidth/232/c500caa0-ddd7-4a05-8199-b23235ab7650/UK%20Red%20Leicester%20200g
Bakehouse Mixed Grain Bread 800g,$3.69,$0.46 per 100 g,https://dm.apac.cms.aldi.cx/is/image/aldiprodapac/product/jpg/scaleWidth/232/2470b46d-bba6-40d3-9e85-d43f4076c903/Bakehouse%20Mixed%20Grain%20Bread%20800g
Steak Cut Chips 750g,$2.99,$3.99 per 1 kg,https://dm.apac.cms.aldi.cx/is/image/aldiprodapac/product/jpg/scaleWidth/232/78ebf0c7-e6ec-4a76-9080-48113d88cf67/Steak%20Cut%20Chips%20750g
Lamb Leg Rolled Boneless,$34.00,$20.99 per 1 kg,https://dm.apac.cms.aldi.cx/is/image/aldiprodapac/product/jpg/scaleWidth/232/10c43aa8-6967-4b47-9897-9addc6045c9d/Lamb%20Leg%20Rolled%20Boneless
Christmas Fruit Cake Mix 450g,$3.99,$0.89 per 100 g,https://dm.apac.cms.aldi.cx/is/image/aldiprodapac/product/jpg/scaleWidth/232/5cb4056b-58b0-4d3b-847f-98eb6437b9ab/Christmas%20Fruit%20Cake%20Mix%20450g
Coke Zero Sugar Soft Drink 1.5L,$2.99,$1.99 per 1 L,https://dm.apac.cms.aldi.cx/is/image/aldiprodapac/product/jpg/scaleWidth/232/b1d27bcb-7b2a-4b0b-9844-c42d096fa9de/Coke%20Zero%20Sugar%20Soft%20Drink%201.5L
Ground Coffee Dark Roast 500g,$10.99,$2.20 per 100 g,https://dm.apac.cms.aldi.cx/is/image/aldiprodapac/product/jpg/scaleWidth/232/b66495b7-2ee5-4234-981b-e5c5bb68bfdb/Ground%20Coffee%20Dark%20Roast%20500g
"Gourmet Protein Bars Roasted Nuts, Coconut & Yoghurt 5 Pack 200g",$3.99,$2.00 per 100 g,https://dm.apac.cms.aldi.cx/is/image/aldiprodapac/product/jpg/scaleWidth/232/e0daa2d9-6619-48c8-9d02-d37b481dd867/Gourmet%20Protein%20Bars%20Roasted%20Nuts%20Coconut%20%20Yoghurt%205%20Pack%20200g
Knoppers Wafers 8 Pack 200g,$4.99,$2.50 per 100 g,https://dm.apac.cms.aldi.cx/is/image/aldiprodapac/product/jpg/scaleWidth/232/460d7622-f2dc-4322-bb9a-7e9f496c64f7/Knoppers%20Wafers%208%20Pack%20200g
Boneless Butterflied Chicken Spiced Mango,$10.99,$9.99 per 1 kg,https://dm.apac.cms.aldi.cx/is/image/aldiprodapac/product/jpg/scaleWidth/232/7f88b272-57c6-4d80-88d5-8ecfc0931f1f/Boneless%20Butterflied%20Chicken%20Spiced%20Mango
Mini's Sour Cream & Onion Potato Chips 5 Pack 19g,$3.49,$3.67 per 100 g,https://dm.apac.cms.aldi.cx/is/image/aldiprodapac/product/jpg/scaleWidth/232/86274cdf-05ff-4310-a13f-114f8b4a0fcb/Minis%20Sour%20Cream%20%20Onion%20Potato%20Chips%205%20Pack%2019g
Assorted Cat Food 75g,$0.99,$1.32 per 100 g,https://dm.apac.cms.aldi.cx/is/image/aldiprodapac/product/jpg/scaleWidth/232/de0a7be7-17d0-49f9-a663-a85249d088c1/Assorted%20Cat%20Food%2075g
Candy Sharepack 95-240g,$3.99,$1.66 per 100 g,https://dm.apac.cms.aldi.cx/is/image/aldiprodapac/product/jpg/scaleWidth/232/7397d448-eac5-4da3-a0d8-4fd6718d21a5/Candy%20Sharepack%2095240g
Truss Tomatoes 500g,$3.79,$7.58 per 1 kg,https://dm.apac.cms.aldi.cx/is/image/aldiprodapac/product/jpg/scaleWidth/232/4e218e2d-7df9-4c87-b67f-eb27a4b5d43e/Truss%20Tomatoes%20500g
Beef Scotch Fillet Aged 21 Days,$18.00,$44.99 per 1 kg,https://dm.apac.cms.aldi.cx/is/image/aldiprodapac/product/jpg/scaleWidth/232/5e42b2b2-95e4-4951-ac42-7d7b1a8a6090/Beef%20Scotch%20Fillet%20Aged%2021%20Days
Organic Red Kidney Beans 425g,$1.49,$3.51 per 1 kg,https://dm.apac.cms.aldi.cx/is/image/aldiprodapac/product/jpg/scaleWidth/232/8ed58dfe-964d-40d7-90cf-c4d9936718f4/Organic%20Red%20Kidney%20Beans%20425g
Chocolate Cones 4 Pack 475ml,$3.39,$0.71 per 100 ml,https://dm.apac.cms.aldi.cx/is/image/aldiprodapac/product/jpg/scaleWidth/232/04fdbd1a-1215-4139-83b5-d49053bf2a49/Chocolate%20Cones%204%20Pack%20475ml
Solar Rock Light,$5.99,,https://dm.apac.cms.aldi.cx/is/image/aldiprodapac/product/jpg/scaleWidth/232/c8a88589-ed66-4dc0-bf71-92fe77b3b210/Solar%20Rock%20Light
Lemon Pepper Chicken 435g,$8.99,$2.07 per 100 g,https://dm.apac.cms.aldi.cx/is/image/aldiprodapac/product/jpg/scaleWidth/232/df718091-b6b7-4d3c-91fd-2ed46c01e5b2/Lemon%20Pepper%20Chicken%20435g
White Sourdough 500g,$3.69,$0.74 per 100 g,https://dm.apac.cms.aldi.cx/is/image/aldiprodapac/product/jpg/scaleWidth/232/f362974a-8184-4ee1-9692-8f7f2b2c8d4c/White%20Sourdough%20500g
Retro Desk Fan,$39.99,,https://dm.apac.cms.aldi.cx/is/image/aldiprodapac/product/jpg/scaleWidth/232/e34b63c1-eaf6-48b3-b390-8b1633ef6134/Retro%20Desk%20Fan
Bourbon 700mL,$35.99,,https://dm.apac.cms.aldi.cx/is/image/aldiprodapac/product/jpg/scaleWidth/232/7de71100-8096-4569-9901-40489814d44a/Bourbon%20700mL
Cat Food Pouches Mixed Selection in Jelly 12 Pack 85g,$4.99,$0.49 per 100 g,https://dm.apac.cms.aldi.cx/is/image/aldiprodapac/product/jpg/scaleWidth/232/292fdcaa-9f32-45ab-8481-efeb7d4745c4/Cat%20Food%20Pouches%20Mixed%20Selection%20in%20Jelly%2012%20Pack%2085g
Beef Fillet Steak,$15.00,$49.99 per 1 kg,https://dm.apac.cms.aldi.cx/is/image/aldiprodapac/product/jpg/scaleWidth/232/edca6c5f-211c-4b89-b253-125cd0e720eb/Beef%20Fillet%20Steak
Premium Napoletana Sauce 500g,$2.69,$0.54 per 100 g,https://dm.apac.cms.aldi.cx/is/image/aldiprodapac/product/jpg/scaleWidth/232/05ce5df3-d7c3-4b02-aa86-489b5ca58da3/Premium%20Napoletana%20Sauce%20500g
Marinated Goat Cheese 350g,$10.99,$31.40 per 1 kg,https://dm.apac.cms.aldi.cx/is/image/aldiprodapac/product/jpg/scaleWidth/232/b8269a23-8ddf-4fd3-8451-648974dd4506/Marinated%20Goat%20Cheese%20350g
Max Fresh Toothpaste 3 Pack 200g,$14.99,$2.50 per 100 g,https://dm.apac.cms.aldi.cx/is/image/aldiprodapac/product/jpg/scaleWidth/232/71dd6d8a-a32c-4e24-82ee-eb894eda4038/Max%20Fresh%20Toothpaste%203%20Pack%20200g
Special Release Shiraz 750ml,$15.99,,https://dm.apac.cms.aldi.cx/is/image/aldiprodapac/product/jpg/scaleWidth/232/ec67a2d9-5c82-4935-9aa0-d97c95d9a663/Special%20Release%20Shiraz%20750ml
Paint Brush Set 5 Piece Set,$9.99,,https://dm.apac.cms.aldi.cx/is/image/aldiprodapac/product/jpg/scaleWidth/232/aa00d60b-4cb7-44a2-8b48-3d867d926f9f/Paint%20Brush%20Set%205%20Piece%20Set
Microwave Rice Brown Rice & Chia 250g,$1.99,$0.80 per 100 g,https://dm.apac.cms.aldi.cx/is/image/aldiprodapac/product/jpg/scaleWidth/232/106262b0-2c92-4aa3-a067-a99c5db2c0c5/Microwave%20Rice%20Brown%20Rice%20%20Chia%20250g
Teriyaki Marinade 375g,$2.09,$0.56 per 100 g,https://dm.apac.cms.aldi.cx/is/image/aldiprodapac/product/jpg/scaleWidth/232/8b5eb652-dd3b-4724-8190-728deb646248/Teriyaki%20Marinade%20375g
Assorted Tritan Drink Bottle,$16.99,,https://dm.apac.cms.aldi.cx/is/image/aldiprodapac/product/jpg/scaleWidth/232/5c51b712-0893-4726-a616-4c4c6a503041/Assorted%20Tritan%20Drink%20Bottle
Muesli Clusters Fruity 500g,$3.89,$0.78 per 100 g,https://dm.apac.cms.aldi.cx/is/image/aldiprodapac/product/jpg/scaleWidth/232/7fcca9a0-c045-4d60-87c6-120d4ab27452/Muesli%20Clusters%20Fruity%20500g
Tomatoes 800g,$4.49,$5.61 per 1 kg,https://dm.apac.cms.aldi.cx/is/image/aldiprodapac/product/jpg/scaleWidth/232/a77d82a1-4987-49cc-8f25-f7bc4326da5f/Tomatoes%20800g
Heart Active Milk 1L,$3.99,$3.99 per 1 L,https://dm.apac.cms.aldi.cx/is/image/aldiprodapac/product/jpg/scaleWidth/232/a6f32eea-74d7-4e3d-b2e2-cc5d5c0c8abb/Heart%20Active%20Milk%201L
Light & Tangy 175g,$2.49,$1.42 per 100 g,https://dm.apac.cms.aldi.cx/is/image/aldiprodapac/product/jpg/scaleWidth/232/cf630b8d-3e63-41a0-a805-bcc205b0cdfe/Light%20%20Tangy%20175g
Roasted & Salted Sunflower Seeds 500g,$5.99,$11.98 per 1 kg,https://dm.apac.cms.aldi.cx/is/image/aldiprodapac/product/jpg/scaleWidth/232/d6f5573f-714c-454c-a3c9-cb0abde96fd2/Roasted%20%20Salted%20Sunflower%20Seeds%20500g
Merci Milk Chocolate Mix 200g,$6.99,$3.50 per 100 g,https://dm.apac.cms.aldi.cx/is/image/aldiprodapac/product/jpg/scaleWidth/232/1d710305-8d50-4143-9ae1-073c57f6029f/Merci%20Milk%20Chocolate%20Mix%20200g
Meal Replacement Shake 55g,$2.99,$5.44 per 100 g,https://dm.apac.cms.aldi.cx/is/image/aldiprodapac/product/jpg/scaleWidth/232/b0ef78ae-6953-46d1-bc4c-b85d9d3cd73b/Meal%20Replacement%20Shake%2055g
Marinated Split Green Olives 130g,$3.29,$2.53 per 100 g,https://dm.apac.cms.aldi.cx/is/image/aldiprodapac/product/jpg/scaleWidth/232/f8191883-c6b7-422f-ade5-1507065107d8/Marinated%20Split%20Green%20Olives%20130g
Balla Stixx Lollies 200g,$2.49,$1.25 per 100 g,https://dm.apac.cms.aldi.cx/is/image/aldiprodapac/product/jpg/scaleWidth/232/4cbae86e-3998-4e4a-a33a-1fe276bfb11b/Balla%20Stixx%20Lollies%20200g
Vanilla Flavoured Cr√®me Wafers 125g,$0.79,$0.63 per 100 g,https://dm.apac.cms.aldi.cx/is/image/aldiprodapac/product/jpg/scaleWidth/232/b05988ac-16e8-4222-9980-3279b610918d/Vanilla%20Flavoured%20Crme%20Wafers%20125g
Basil Pesto 190g,$1.89,$0.99 per 100 g,https://dm.apac.cms.aldi.cx/is/image/aldiprodapac/product/jpg/scaleWidth/232/811290eb-12a1-4bca-afb8-ee096da0bbe7/Basil%20Pesto%20190g
Japanese Premium Beer 6 Pack,$16.99,,https://dm.apac.cms.aldi.cx/is/image/aldiprodapac/product/jpg/scaleWidth/232/eb361517-d90b-46e9-8491-6330872a4cd0/Japanese%20Premium%20Beer%206%20Pack
Chipotle Chicken Burrito Bowl 450g,$8.49,$1.89 per 100 g,https://dm.apac.cms.aldi.cx/is/image/aldiprodapac/product/jpg/scaleWidth/232/29f4af6c-3d78-4480-8b92-e9e22ca25a4c/Chipotle%20Chicken%20Burrito%20Bowl%20450g
Peanut Butter Chocolate Block 200g,$4.99,$2.50 per 100 g,https://dm.apac.cms.aldi.cx/is/image/aldiprodapac/product/jpg/scaleWidth/232/b84b8b3c-36c0-4798-9b13-c5669ca34822/Peanut%20Butter%20Chocolate%20Block%20200g
Creamy Pumpkin Pouch Soup 430g,$2.99,$0.70 per 100 g,https://dm.apac.cms.aldi.cx/is/image/aldiprodapac/product/jpg/scaleWidth/232/1aa62f22-5808-42bc-9852-78d196af7bc4/Creamy%20Pumpkin%20Pouch%20Soup%20430g
Apple Rounds 6 Pack 280g,$4.29,$1.53 per 100 g,https://dm.apac.cms.aldi.cx/is/image/aldiprodapac/product/jpg/scaleWidth/232/ee2ce99f-0b6f-43ce-af91-8140690a2398/Apple%20Rounds%206%20Pack%20280g
Oyster Sauce 300ml,$2.19,$0.73 per 100 ml,https://dm.apac.cms.aldi.cx/is/image/aldiprodapac/product/jpg/scaleWidth/232/6c788eb9-c1f3-4c22-a0cf-3002424fc884/Oyster%20Sauce%20300ml
Size 4 Nappy Pants 9-14kg 29 Pack,$10.49,$0.36 per 1 each,https://dm.apac.cms.aldi.cx/is/image/aldiprodapac/product/jpg/scaleWidth/232/47618173-7385-4526-aa72-598224fd197b/Size%204%20Nappy%20Pants%20914kg%2029%20Pack
Maria Biscuits 250g,$1.49,$0.60 per 100 g,https://dm.apac.cms.aldi.cx/is/image/aldiprodapac/product/jpg/scaleWidth/232/b10b7c1b-8635-405f-809d-6c23532c3a33/Maria%20Biscuits%20250g
Classic Veggie Burger 220g,$4.49,$2.04 per 100 g,https://dm.apac.cms.aldi.cx/is/image/aldiprodapac/product/jpg/scaleWidth/232/dab307b0-9805-4c26-a4a5-7ad67681caa9/Classic%20Veggie%20Burger%20220g
Potato Rosti 500g,$5.99,$1.20 per 1 kg,https://dm.apac.cms.aldi.cx/is/image/aldiprodapac/product/jpg/scaleWidth/232/ad4691e5-8e65-4aa7-8397-e1fa37862b76/Potato%20Rosti%20500g
Pho Cup Soup 100g,$1.35,$1.35 per 100 g,https://dm.apac.cms.aldi.cx/is/image/aldiprodapac/product/jpg/scaleWidth/232/f5ac86dd-0dd9-4fb1-a7c3-c2e40bdc6141/Pho%20Cup%20Soup%20100g
Apple And Mango Juice 2L,$2.59,$1.30 per 1 L,https://dm.apac.cms.aldi.cx/is/image/aldiprodapac/product/jpg/scaleWidth/232/d0b1c842-f2a7-4f6e-88f5-88161f7daef9/Apple%20And%20Mango%20Juice%202L
Boneless Chicken Kiev Creamy Garlic 700g,$7.00,$10.00 per 1 kg,https://dm.apac.cms.aldi.cx/is/image/aldiprodapac/product/jpg/scaleWidth/232/e37c349d-8e47-4522-948d-dfc91d8daddc/Boneless%20Chicken%20Kiev%20Creamy%20Garlic%20700g
Garlic Dip 200g,$2.39,$1.20 per 100 g,https://dm.apac.cms.aldi.cx/is/image/aldiprodapac/product/jpg/scaleWidth/232/a7f5d95a-714a-4086-a5d3-7c7dffa476a8/Garlic%20Dip%20200g
European Style Pickled Cucumbers 680g,$2.99,$4.40 per 1 kg,https://dm.apac.cms.aldi.cx/is/image/aldiprodapac/product/jpg/scaleWidth/232/62ecba09-706d-47a5-9a3e-2332d5df77a4/European%20Style%20Pickled%20Cucumbers%20680g
Oregano Leaves 14g,$2.79,$1.99 per 10 g,https://dm.apac.cms.aldi.cx/is/image/aldiprodapac/product/jpg/scaleWidth/232/67015326-cf7c-4c90-b0ec-4e4d12e48e29/Oregano%20Leaves%2014g
Spearmint Gum 64g,$4.69,$7.33 per 100 g,https://dm.apac.cms.aldi.cx/is/image/aldiprodapac/product/jpg/scaleWidth/232/6860e3ca-d1f3-4354-a1eb-a3471bfe354d/Spearmint%20Gum%2064g
Peach Iced Tea 1.25L,$1.99,$1.59 per 1 L,https://dm.apac.cms.aldi.cx/is/image/aldiprodapac/product/jpg/scaleWidth/232/a9a7562c-7969-4a8c-94cb-f6b1e572a79b/Peach%20Iced%20Tea%201.25L
BBQ Tray 20 Pack,$12.99,,https://dm.apac.cms.aldi.cx/is/image/aldiprodapac/product/jpg/scaleWidth/232/e00d4dd1-d1da-4a82-b6a1-1cd098ab358a/BBQ%20Tray%2020%20Pack
Shepherd's Pie 400g,$4.49,$1.12 per 100 g,https://dm.apac.cms.aldi.cx/is/image/aldiprodapac/product/jpg/scaleWidth/232/191b2f5b-bce7-4a95-a63d-99a525f2e8f9/Shepherds%20Pie%20400g
Plat-A-Pops Bubblegum 8 Pack 560ml,$3.99,$0.71 per 100 ml,https://dm.apac.cms.aldi.cx/is/image/aldiprodapac/product/jpg/scaleWidth/232/f088b01b-4624-4074-9e8c-13c22d0e6bcf/PlatAPops%20Bubblegum%208%20Pack%20560ml
Whitening 3D White Luxe Toothpaste 95g 2 Pack,$9.99,$5.26 per 100 g,https://dm.apac.cms.aldi.cx/is/image/aldiprodapac/product/jpg/scaleWidth/232/82404240-2a36-4623-8d59-c206437c3573/Whitening%203D%20White%20Luxe%20Toothpaste%2095g%202%20Pack
Superwine Biscuits 250g,$2.49,$1.00 per 100 g,https://dm.apac.cms.aldi.cx/is/image/aldiprodapac/product/jpg/scaleWidth/232/267b8674-1003-4009-a42a-a820a93afa9c/Superwine%20Biscuits%20250g
In A Biskit Chicken Crackers 160g,$2.99,$1.87 per 100 g,https://dm.apac.cms.aldi.cx/is/image/aldiprodapac/product/jpg/scaleWidth/232/156f1de5-fd66-4164-b39e-b50b5cf57f1b/In%20A%20Biskit%20Chicken%20Crackers%20160g
Smoked Mussels in Oil 85g,$1.69,$19.88 per 1 kg,https://dm.apac.cms.aldi.cx/is/image/aldiprodapac/product/jpg/scaleWidth/232/b4e7c584-e611-44bb-add7-33869731643a/Smoked%20Mussels%20in%20Oil%2085g
Butter Chicken 350g,$6.99,$2.00 per 100 g,https://dm.apac.cms.aldi.cx/is/image/aldiprodapac/product/jpg/scaleWidth/232/7c3602b2-f712-45b2-843d-30e442972b7b/Butter%20Chicken%20350g
Italian Fat Free Salad Dressing 330ml,$1.79,$0.54 per 100 ml,https://dm.apac.cms.aldi.cx/is/image/aldiprodapac/product/jpg/scaleWidth/232/dc069ffa-d5c6-4040-85ee-8a6ea7a6661e/Italian%20Fat%20Free%20Salad%20Dressing%20330ml
Choco Air Orange 100g,$2.49,$2.49 per 100 g,https://dm.apac.cms.aldi.cx/is/image/aldiprodapac/product/jpg/scaleWidth/232/7ba7848b-fdb5-41a9-a178-063f89fbdec1/Choco%20Air%20Orange%20100g
Assorted Reusable Swim Pant 5-15kg,$19.99,,https://dm.apac.cms.aldi.cx/is/image/aldiprodapac/product/jpg/scaleWidth/232/8a352192-cd03-4fe4-a69f-f372e791dab7/Assorted%20Reusable%20Swim%20Pant%20515kg
Extra Beer 12x355ml,$31.99,,https://dm.apac.cms.aldi.cx/is/image/aldiprodapac/product/jpg/scaleWidth/232/d04d9989-4bb6-421a-9f1b-9bb969d59aa8/Extra%20Beer%2012x355ml
Salted Peanuts 375g,$2.79,$7.44 per 1 kg,https://dm.apac.cms.aldi.cx/is/image/aldiprodapac/product/jpg/scaleWidth/232/2859a261-11c0-4401-a0e3-15797e4032cb/Salted%20Peanuts%20375g
Cooler Bag,$2.49,$2.49 per 1 each,https://dm.apac.cms.aldi.cx/is/image/aldiprodapac/product/jpg/scaleWidth/232/1cbe270b-1bbe-431f-889b-514dbe049d60/Cooler%20Bag
Traditional Fruit Panettone 900g,$9.99,$1.11 per 100 g,https://dm.apac.cms.aldi.cx/is/image/aldiprodapac/product/jpg/scaleWidth/232/97cb4f69-f58e-4ad9-890c-d0512b527b53/Traditional%20Fruit%20Panettone%20900g
Blended Malt Scotch Whisky 700mL,$62.99,,https://dm.apac.cms.aldi.cx/is/image/aldiprodapac/product/jpg/scaleWidth/232/9ed2e677-39b7-4c77-a490-0e22fd19c5d3/Blended%20Malt%20Scotch%20Whisky%20700mL
Antibacterial Hand & Face Wipes 20 Pack,$0.99,$4.95 per 100 each,https://dm.apac.cms.aldi.cx/is/image/aldiprodapac/product/jpg/scaleWidth/232/17f10734-d59d-4b20-8148-840ba84fba91/Antibacterial%20Hand%20%20Face%20Wipes%2020%20Pack
Rashuns 150g,$2.99,$1.99 per 100 g,https://dm.apac.cms.aldi.cx/is/image/aldiprodapac/product/jpg/scaleWidth/232/5e82f08d-f487-403a-8dee-78c62885051b/Rashuns%20150g
Australian Honey 500g,$5.99,$1.20 per 100 g,https://dm.apac.cms.aldi.cx/is/image/aldiprodapac/product/jpg/scaleWidth/232/3b258f88-b61d-43c3-bbfc-22b91436a1d4/Australian%20Honey%20500g
Cooked Pork Shoulder 500g,$10.99,$21.98 per 1 kg,https://dm.apac.cms.aldi.cx/is/image/aldiprodapac/product/jpg/scaleWidth/232/37c619df-6428-4371-a4af-2337f2a29152/Cooked%20Pork%20Shoulder%20500g
Brussels Sprouts 500g,$5.99,$11.98 per 1 kg,https://dm.apac.cms.aldi.cx/is/image/aldiprodapac/product/jpg/scaleWidth/232/ef15265b-fa92-4d78-95d4-438d2c287108/Brussels%20Sprouts%20500g
Salmon Wellington 2 Pack 280g,$7.99,$28.54 per 1 kg,https://dm.apac.cms.aldi.cx/is/image/aldiprodapac/product/jpg/scaleWidth/232/9f98b878-a447-4ec8-bc74-5174fc4d199b/Salmon%20Wellington%202%20Pack%20280g
Drizzle Stars 250g,$5.99,$2.40 per 100 g,https://dm.apac.cms.aldi.cx/is/image/aldiprodapac/product/jpg/scaleWidth/232/c71c6b06-4c06-49bb-9fa5-697787e4a889/Drizzle%20Stars%20250g
Coffee & Cream Chocolate Block 200g,$4.99,$2.50 per 100 g,https://dm.apac.cms.aldi.cx/is/image/aldiprodapac/product/jpg/scaleWidth/232/2b566125-3d7e-4a63-933f-f3d771446b44/Coffee%20%20Cream%20Chocolate%20Block%20200g
Triple Choc Muffin Mix 500g,$3.99,$0.80 per 100 g,https://dm.apac.cms.aldi.cx/is/image/aldiprodapac/product/jpg/scaleWidth/232/ca87e859-fe7d-48e5-b8bf-7d8832a4b700/Triple%20Choc%20Muffin%20Mix%20500g
Greek Style Thick & Creamy Natural Yogurt 500g,$2.99,$0.60 per 100 g,https://dm.apac.cms.aldi.cx/is/image/aldiprodapac/product/jpg/scaleWidth/232/d6dc7dbb-f74c-494c-8260-a69db52655cb/Greek%20Style%20Thick%20%20Creamy%20Natural%20Yogurt%20500g
Outdoor Sofa Day Bed,$199.00,,https://dm.apac.cms.aldi.cx/is/image/aldiprodapac/product/jpg/scaleWidth/232/549db1a0-b8ff-472d-8ef5-ffe3f0d88118/Outdoor%20Sofa%20Day%20Bed
Orange & Poppyseed Baby Cake 300g,$3.29,$1.10 per 100 g,https://dm.apac.cms.aldi.cx/is/image/aldiprodapac/product/jpg/scaleWidth/232/6485612d-d515-4363-b444-a5af92423ade/Orange%20%20Poppyseed%20Baby%20Cake%20300g
Honeydew each,$2.99,$2.99 per 1 each,https://dm.apac.cms.aldi.cx/is/image/aldiprodapac/product/jpg/scaleWidth/232/68499971-5832-49bf-aaaf-b195d28d746d/Honeydew%20each
Avocados 1kg,$4.49,$4.49 per 1 kg,https://dm.apac.cms.aldi.cx/is/image/aldiprodapac/product/jpg/scaleWidth/232/64736844-2289-4cf1-9ec5-775f481508e1/Avocados%201kg
Thin & Crispy Sour Cream & Chives Flavoured Rice Crackers 90g,$1.15,$1.28 per 100 g,https://dm.apac.cms.aldi.cx/is/image/aldiprodapac/product/jpg/scaleWidth/232/b48d71a7-3464-4c18-b89a-550b60ad23e5/Thin%20%20Crispy%20Sour%20Cream%20%20Chives%20Flavoured%20Rice%20Crackers%2090g
Pepsi Max 2L,$3.79,$1.90 per 1 L,https://dm.apac.cms.aldi.cx/is/image/aldiprodapac/product/jpg/scaleWidth/232/2dc20d28-9ed3-4e69-8d94-ee7be62e3f82/Pepsi%20Max%202L
Chicken Sliced 80g,$1.99,$24.88 per 1 kg,https://dm.apac.cms.aldi.cx/is/image/aldiprodapac/product/jpg/scaleWidth/232/0c7fe05f-3178-4476-85b2-fec0179097e6/Chicken%20Sliced%2080g
Truss Tomatoes Loose,$0.98/0.14 kg,$6.99 per 1 kg,https://dm.apac.cms.aldi.cx/is/image/aldiprodapac/product/jpg/scaleWidth/232/786eda00-ff62-4348-a763-cd685bd1e0d9/Truss%20Tomatoes%20Loose
ALD IPA 4x375ml,$12.99,,https://dm.apac.cms.aldi.cx/is/image/aldiprodapac/product/jpg/scaleWidth/232/76829bc9-7a63-472b-9f95-6b1754e1c660/ALD%20IPA%204x375ml
3 Ply White Toilet Tissue 18 Pack,$9.89,$0.31 per 100 sheets,https://dm.apac.cms.aldi.cx/is/image/aldiprodapac/product/jpg/scaleWidth/232/ed218bb1-3e0b-43e1-8a6c-2a6697be9e94/3%20Ply%20White%20Toilet%20Tissue%2018%20Pack
Soup Mix 650g,$1.99,$0.31 per 100 g,https://dm.apac.cms.aldi.cx/is/image/aldiprodapac/product/jpg/scaleWidth/232/09457b75-bdf8-4490-afb8-c711b1363e1d/Soup%20Mix%20650g
Specialty Crackers Fig & Pumpkin Seeds 100g,$3.29,$3.29 per 100 g,https://dm.apac.cms.aldi.cx/is/image/aldiprodapac/product/jpg/scaleWidth/232/f2e7a456-408f-43e6-b591-82fd2bfeacb4/Specialty%20Crackers%20Fig%20%20Pumpkin%20Seeds%20100g
Rustic White Sourdough Loaf 640g,$5.99,$0.94 per 100 g,https://dm.apac.cms.aldi.cx/is/image/aldiprodapac/product/jpg/scaleWidth/232/a9a6ebdd-a0f6-4129-85fd-be18954c4c0c/Rustic%20White%20Sourdough%20Loaf%20640g
Sour Raspberry Ropes 8 Pack 160g,$3.99,$2.49 per 100 g,https://dm.apac.cms.aldi.cx/is/image/aldiprodapac/product/jpg/scaleWidth/232/83fa522e-fd98-4306-b0f7-ff01880ae16e/Sour%20Raspberry%20Ropes%208%20Pack%20160g
Shiraz 1L,$5.99,,https://dm.apac.cms.aldi.cx/is/image/aldiprodapac/product/jpg/scaleWidth/232/438ffb17-f4dd-4bc0-badf-3cb908ba546f/Shiraz%201L
Utopia Honeycomb 4 Pack 428ml,$4.99,$1.17 per 100 ml,https://dm.apac.cms.aldi.cx/is/image/aldiprodapac/product/jpg/scaleWidth/232/f3f88aef-2a3a-4d31-995c-e2ebdc6dabf1/Utopia%20Honeycomb%204%20Pack%20428ml
Cherry Truss Tomatoes 200g,$3.29,$16.45 per 1 kg,https://dm.apac.cms.aldi.cx/is/image/aldiprodapac/product/jpg/scaleWidth/232/f2aa633b-9bc0-4ae7-8cbe-537591bc354c/Cherry%20Truss%20Tomatoes%20200g
Condensed Tomato Soup 420g,$1.29,$0.31 per 100 g,https://dm.apac.cms.aldi.cx/is/image/aldiprodapac/product/jpg/scaleWidth/232/7118f744-e421-43c8-a93e-b004ed33cd26/Condensed%20Tomato%20Soup%20420g
Organic Coconut Milk 1L,$2.25,$2.25 per 1 L,https://dm.apac.cms.aldi.cx/is/image/aldiprodapac/product/jpg/scaleWidth/232/6ad6a87e-c5cd-4f05-9ec7-a4fe5378e376/Organic%20Coconut%20Milk%201L
Pasta Fettuccine 500g,$0.99,$0.20 per 100 g,https://dm.apac.cms.aldi.cx/is/image/aldiprodapac/product/jpg/scaleWidth/232/117f62f0-e66f-4aaa-9f4b-91f914bbc9dd/Pasta%20Fettuccine%20500g
Spaghetti in Tomato Sauce 420g,$0.89,$0.21 per 100 g,https://dm.apac.cms.aldi.cx/is/image/aldiprodapac/product/jpg/scaleWidth/232/54490eee-7ae1-4cc4-bc46-801a59ff0299/Spaghetti%20in%20Tomato%20Sauce%20420g
Dare Espresso 500ml,$3.39,$6.78 per 1 L,https://dm.apac.cms.aldi.cx/is/image/aldiprodapac/product/jpg/scaleWidth/232/54b232e2-f53f-4440-922c-0f03ae1b38af/Dare%20Espresso%20500ml
Chicken Breast with Garlic Butter 500g,$8.99,$17.98 per 1 kg,https://dm.apac.cms.aldi.cx/is/image/aldiprodapac/product/jpg/scaleWidth/232/2262d879-a161-45b3-8037-a481b7153822/Chicken%20Breast%20with%20Garlic%20Butter%20500g
Tikka Masala Indian Meal Kit 375g,$4.49,$1.20 per 100 g,https://dm.apac.cms.aldi.cx/is/image/aldiprodapac/product/jpg/scaleWidth/232/887f2aef-e09e-4d70-b802-71508104e697/Tikka%20Masala%20Indian%20Meal%20Kit%20375g
Beef Rendang 350g,$6.99,$2.00 per 100 g,https://dm.apac.cms.aldi.cx/is/image/aldiprodapac/product/jpg/scaleWidth/232/72b950aa-543e-47b1-b2c9-ed1bfdf204a8/Beef%20Rendang%20350g
Protein Bar Cookies & Cream 30g,$2.29,$7.63 per 100 g,https://dm.apac.cms.aldi.cx/is/image/aldiprodapac/product/jpg/scaleWidth/232/8b2c5eb7-21b5-4e0a-b704-739d20a8a63e/Protein%20Bar%20Cookies%20%20Cream%2030g
Stone Baked BBQ Chicken & Bacon Pizza 490g,$6.49,$1.32 per 100 g,https://dm.apac.cms.aldi.cx/is/image/aldiprodapac/product/jpg/scaleWidth/232/862464f2-47c8-4ec3-9490-8dc4cc2a7bda/Stone%20Baked%20BBQ%20Chicken%20%20Bacon%20Pizza%20490g
Assorted Packet Seeds,$1.39,,https://dm.apac.cms.aldi.cx/is/image/aldiprodapac/product/jpg/scaleWidth/232/9cc3882d-3ec9-42b0-a404-3984e02eac46/Assorted%20Packet%20Seeds
Orbit Premium Toothbrush Soft or Medium 2 Pack,$2.99,$1.50 per 1 each,https://dm.apac.cms.aldi.cx/is/image/aldiprodapac/product/jpg/scaleWidth/232/97e69683-41c2-4936-ae5b-40a48332f3f9/Orbit%20Premium%20Toothbrush%20Soft%20or%20Medium%202%20Pack
Starmix 300g,$3.69,$1.23 per 100 g,https://dm.apac.cms.aldi.cx/is/image/aldiprodapac/product/jpg/scaleWidth/232/9a292f7e-a75b-4abf-ab6c-885b6c767937/Starmix%20300g
Hefeweizen 4x500ml,$17.99,,https://dm.apac.cms.aldi.cx/is/image/aldiprodapac/product/jpg/scaleWidth/232/35290a66-2204-444c-9d86-35ca4b83b316/Hefeweizen%204x500ml
Mediterranean Style Spinach Dip 200g,$2.39,$1.20 per 100 g,https://dm.apac.cms.aldi.cx/is/image/aldiprodapac/product/jpg/scaleWidth/232/729a4628-2605-46e2-8972-4825618f9682/Mediterranean%20Style%20Spinach%20Dip%20200g
Muesli Apricot Coconut 400g,$4.99,$1.25 per 100 g,https://dm.apac.cms.aldi.cx/is/image/aldiprodapac/product/jpg/scaleWidth/232/591a86f1-ee00-41c9-b603-73db7e3b691c/Muesli%20Apricot%20Coconut%20400g
Table Spread 1kg,$2.59,$0.26 per 100 g,https://dm.apac.cms.aldi.cx/is/image/aldiprodapac/product/jpg/scaleWidth/232/da4128e6-17c6-48d1-bd91-8531e1397525/Table%20Spread%201kg
Yellowfin Tuna Chunks with Puttanesca 95g,$1.29,$13.58 per 1 kg,https://dm.apac.cms.aldi.cx/is/image/aldiprodapac/product/jpg/scaleWidth/232/65883e5b-d5ad-4ca1-a8c2-0326585cb352/Yellowfin%20Tuna%20Chunks%20with%20Puttanesca%2095g
Chicken Breast Tenders Original Crumb 1kg,$8.49,$8.49 per 1 kg,https://dm.apac.cms.aldi.cx/is/image/aldiprodapac/product/jpg/scaleWidth/232/8c5783fa-0d64-440f-8b67-3c896898ed38/Chicken%20Breast%20Tenders%20Original%20Crumb%201kg
Quiche Lorraine 700g,$8.69,$1.24 per 100 g,https://dm.apac.cms.aldi.cx/is/image/aldiprodapac/product/jpg/scaleWidth/232/b8cbf3a2-6b7e-4107-967c-dee6b1c1e4eb/Quiche%20Lorraine%20700g
Southern Style RSPCA Approved Chicken Thigh Fillet Burger 350g,$7.49,$21.40 per 1 kg,https://dm.apac.cms.aldi.cx/is/image/aldiprodapac/product/jpg/scaleWidth/232/790de2a9-52a8-46c1-9799-78d594175f3f/Southern%20Style%20RSPCA%20Approved%20Chicken%20Thigh%20Fillet%20Burger%20350g
Mars 2 Pack 64g,$2.19,$3.42 per 100 g,https://dm.apac.cms.aldi.cx/is/image/aldiprodapac/product/jpg/scaleWidth/232/8108a453-4798-4812-b57f-65244cb0f091/Mars%202%20Pack%2064g
Natural Peanut Butter Smooth 375g,$3.99,$1.06 per 100 g,https://dm.apac.cms.aldi.cx/is/image/aldiprodapac/product/jpg/scaleWidth/232/54c0aa05-1d64-4403-b631-c3e8d210385d/Natural%20Peanut%20Butter%20Smooth%20375g
Light Beer 12x330ml,$14.99,,https://dm.apac.cms.aldi.cx/is/image/aldiprodapac/product/jpg/scaleWidth/232/8f6145f7-9099-484d-af75-fe7e2261ca7c/Light%20Beer%2012x330ml
Multi Vitamin Juice 2L,$2.59,$1.30 per 1 L,https://dm.apac.cms.aldi.cx/is/image/aldiprodapac/product/jpg/scaleWidth/232/83358f45-ca95-41c7-b6ff-66e2cc470b64/Multi%20Vitamin%20Juice%202L
Pizza Sauce 400g,$2.29,$0.57 per 100 g,https://dm.apac.cms.aldi.cx/is/image/aldiprodapac/product/jpg/scaleWidth/232/c367cf16-1c4b-4bdd-bb0a-177b513b058a/Pizza%20Sauce%20400g
Corned Beef 340g,$3.29,$9.68 per 1 kg,https://dm.apac.cms.aldi.cx/is/image/aldiprodapac/product/jpg/scaleWidth/232/c6368e47-7fd1-43d4-9bfa-906d2888b6c8/Corned%20Beef%20340g
Chocolate Flavoured Cr√®me Wafers 125g,$0.79,$0.63 per 100 g,https://dm.apac.cms.aldi.cx/is/image/aldiprodapac/product/jpg/scaleWidth/232/b1d96b92-ed21-40ae-9d9b-acac62d9e735/Chocolate%20Flavoured%20Crme%20Wafers%20125g
Potted Herb Each,$3.49,$3.49 per 1 each,https://dm.apac.cms.aldi.cx/is/image/aldiprodapac/product/jpg/scaleWidth/232/9f0b8138-13ac-44ef-91f1-bd65711a7ad1/Potted%20Herb%20Each
Peppermint Sugar Free Gum 27g,$2.29,$8.48 per 100 g,https://dm.apac.cms.aldi.cx/is/image/aldiprodapac/product/jpg/scaleWidth/232/540c9750-2e24-4729-bc21-4412944c3375/Peppermint%20Sugar%20Free%20Gum%2027g
Instant Hand Sanitiser 250ml,$4.99,$2.00 per 100 ml,https://dm.apac.cms.aldi.cx/is/image/aldiprodapac/product/jpg/scaleWidth/232/0bafbfef-37fc-4491-9f65-8d61c141fee2/Instant%20Hand%20Sanitiser%20250ml
Bao Buns 8 Pack 256g,$2.99,$1.17 per 100 g,https://dm.apac.cms.aldi.cx/is/image/aldiprodapac/product/jpg/scaleWidth/232/ab06db17-a7a0-4ce4-8297-4118edfff1f3/Bao%20Buns%208%20Pack%20256g
Harvest Snaps 15 Pack 270g,$7.49,$2.77 per 100 g,https://dm.apac.cms.aldi.cx/is/image/aldiprodapac/product/jpg/scaleWidth/232/782eaaf2-1173-43f9-9f84-bb075efd65e2/Harvest%20Snaps%2015%20Pack%20270g
Organic Black Beans 425g,$1.49,$3.51 per 1 kg,https://dm.apac.cms.aldi.cx/is/image/aldiprodapac/product/jpg/scaleWidth/232/ed00887b-8032-4817-9186-ea491e6ff1f6/Organic%20Black%20Beans%20425g
Purple Shampoo or Conditioner 600ml,$14.99,$2.50 per 100 ml,https://dm.apac.cms.aldi.cx/is/image/aldiprodapac/product/jpg/scaleWidth/232/4085499b-3b3a-4a60-8011-4149087b0c38/Purple%20Shampoo%20or%20Conditioner%20600ml
Chicken Breast Tenders Southern Style 1kg,$9.99,$9.99 per 1 kg,https://dm.apac.cms.aldi.cx/is/image/aldiprodapac/product/jpg/scaleWidth/232/3e9cfc7f-bdcd-4d31-b49b-8f2480794dd4/Chicken%20Breast%20Tenders%20Southern%20Style%201kg
On The Go Dry Roasted Honey Mixed Nuts 5 Pack 225g,$4.69,$20.84 per 1 kg,https://dm.apac.cms.aldi.cx/is/image/aldiprodapac/product/jpg/scaleWidth/232/a1e95f8f-a899-4b87-8554-a8d57e2cc8a6/On%20The%20Go%20Dry%20Roasted%20Honey%20Mixed%20Nuts%205%20Pack%20225g
Apple Beetroot Carrot Celery Juice 1L,$4.49,$4.49 per 1 L,https://dm.apac.cms.aldi.cx/is/image/aldiprodapac/product/jpg/scaleWidth/232/5e6874b8-44cf-4035-b66c-c1fb7898829e/Apple%20Beetroot%20Carrot%20Celery%20Juice%201L
20V Brushless Hammer Drill & Impact Driver Kit,$99.99,,https://dm.apac.cms.aldi.cx/is/image/aldiprodapac/product/jpg/scaleWidth/232/8a89dcc4-b96f-43e5-b689-7f52ce21a4c0/20V%20Brushless%20Hammer%20Drill%20%20Impact%20Driver%20Kit
Cottage Pie 350g,$6.99,$2.00 per 100 g,https://dm.apac.cms.aldi.cx/is/image/aldiprodapac/product/jpg/scaleWidth/232/f455735e-95ad-4691-9d7c-f81397a208bc/Cottage%20Pie%20350g
Washed Red Potatoes 2kg,$7.99,$4.00 per 1 kg,https://dm.apac.cms.aldi.cx/is/image/aldiprodapac/product/jpg/scaleWidth/232/69aecad5-3ff3-447e-a0cf-9fbaeedc7394/Washed%20Red%20Potatoes%202kg
Pasta Salad 800g,$5.99,$7.49 per 1 kg,https://dm.apac.cms.aldi.cx/is/image/aldiprodapac/product/jpg/scaleWidth/232/c20a9ff8-6e04-4e7b-a96a-96a19326b73b/Pasta%20Salad%20800g
Shredded Coconut 375g,$3.29,$8.77 per 1 kg,https://dm.apac.cms.aldi.cx/is/image/aldiprodapac/product/jpg/scaleWidth/232/3da52bd7-1bea-4869-bc96-06990e8fa57a/Shredded%20Coconut%20375g
Pine Nut Topped Hommus 200g,$2.99,$1.50 per 100 g,https://dm.apac.cms.aldi.cx/is/image/aldiprodapac/product/jpg/scaleWidth/232/91a9c09f-8a8f-4b88-ae31-6096247321cd/Pine%20Nut%20Topped%20Hommus%20200g
Organic Blueberry Baby Puffs 12g,$1.49,$12.42 per 100 g,https://dm.apac.cms.aldi.cx/is/image/aldiprodapac/product/jpg/scaleWidth/232/a4c83961-0fbd-48ea-a2e6-b38c40bb67ce/Organic%20Blueberry%20Baby%20Puffs%2012g
Towel 4 Piece Set,$34.99,,https://dm.apac.cms.aldi.cx/is/image/aldiprodapac/product/jpg/scaleWidth/232/6a705582-0f8f-46a0-bdb2-783669ccfa21/Towel%204%20Piece%20Set
Mixed Sherbert Fizz Stix Lollies 200g,$3.49,$1.75 per 100 g,https://dm.apac.cms.aldi.cx/is/image/aldiprodapac/product/jpg/scaleWidth/232/1095c79e-4f34-428c-9fc7-2da6c8c3ab2f/Mixed%20Sherbert%20Fizz%20Stix%20Lollies%20200g
Baking Accessories,$4.99,,https://dm.apac.cms.aldi.cx/is/image/aldiprodapac/product/jpg/scaleWidth/232/37cec695-c416-4b40-9efc-6660523cede7/Baking%20Accessories
Chunky Beef Soup 505g,$2.19,$0.43 per 100 g,https://dm.apac.cms.aldi.cx/is/image/aldiprodapac/product/jpg/scaleWidth/232/6863c514-6c03-4c97-9adf-ad4b07e201b9/Chunky%20Beef%20Soup%20505g
5 in 1 Petrol Garden Tool,$199.00,,https://dm.apac.cms.aldi.cx/is/image/aldiprodapac/product/jpg/scaleWidth/232/47f4d223-83ac-4954-a333-fb854a9799ca/5%20in%201%20Petrol%20Garden%20Tool
Paprika Smoked 40g,$2.59,$0.65 per 10 g,https://dm.apac.cms.aldi.cx/is/image/aldiprodapac/product/jpg/scaleWidth/232/e8abce1a-a6ae-49ed-87bb-4e7140f04dc5/Paprika%20Smoked%2040g
Sour Bears Gummies 35g,$1.79,$5.11 per 100 g,https://dm.apac.cms.aldi.cx/is/image/aldiprodapac/product/jpg/scaleWidth/232/f45d4128-5610-4f26-a56d-84772751c6cf/Sour%20Bears%20Gummies%2035g
Assorted Adult Drawing Books,$6.99,,https://dm.apac.cms.aldi.cx/is/image/aldiprodapac/product/jpg/scaleWidth/232/973b3832-1fa7-4ebc-9873-667a6b030dc1/Assorted%20Adult%20Drawing%20Books
LSA Mix 250g,$2.89,$1.16 per 100 g,https://dm.apac.cms.aldi.cx/is/image/aldiprodapac/product/jpg/scaleWidth/232/7439b2cc-fcdd-4560-893f-413b5c71a204/LSA%20Mix%20250g
Chocolate Rice Cereal 650g,$5.99,$0.92 per 100 g,https://dm.apac.cms.aldi.cx/is/content/aldiprodapac/1001860-2_COMING-SOON-GREYSCALE_RGB_OUTLINED_1200x1200
Assorted Countertop Compost Bin,$11.99,,https://dm.apac.cms.aldi.cx/is/image/aldiprodapac/product/jpg/scaleWidth/232/adcfc31e-d69e-4a16-9ef2-d536665e1ca9/Assorted%20Countertop%20Compost%20Bin
Diced Peaches in Juice 4 Pack 125g,$1.99,$3.98 per 1 kg,https://dm.apac.cms.aldi.cx/is/image/aldiprodapac/product/jpg/scaleWidth/232/e5efb6d6-b499-4b22-a5a9-13df0d2222c8/Diced%20Peaches%20in%20Juice%204%20Pack%20125g
Swing Arm TV Bracket or Single Arm Monitor Mount,$59.99,,https://dm.apac.cms.aldi.cx/is/image/aldiprodapac/product/jpg/scaleWidth/232/3a4eb371-9a3a-437b-8d2a-3d5553e9b9a5/Swing%20Arm%20TV%20Bracket%20or%20Single%20Arm%20Monitor%20Mount
Smoked Mussels in Escabeche Style Sauce 85g,$1.69,$19.88 per 1 kg,https://dm.apac.cms.aldi.cx/is/image/aldiprodapac/product/jpg/scaleWidth/232/27a2b6ee-319d-4ff4-94ee-5f729d9ac4a8/Smoked%20Mussels%20in%20Escabeche%20Style%20Sauce%2085g
Weed & Feed Extra Strength 2L,$11.99,,https://dm.apac.cms.aldi.cx/is/image/aldiprodapac/product/jpg/scaleWidth/232/81c444f0-098e-41b8-bf0b-419a207007ac/Weed%20%20Feed%20Extra%20Strength%202L
Fresh Tasmanian Salmon Fillets Skin On 4 Pack 460g,$15.99,$34.76 per 1 kg,https://dm.apac.cms.aldi.cx/is/image/aldiprodapac/product/jpg/scaleWidth/232/39ae0862-7694-47e6-9772-c35f4e67d2aa/Fresh%20Tasmanian%20Salmon%20Fillets%20Skin%20On%204%20Pack%20460g
Pasta Macaroni 500g,$0.99,$0.20 per 100 g,https://dm.apac.cms.aldi.cx/is/image/aldiprodapac/product/jpg/scaleWidth/232/ab861680-5478-484b-9bb8-492670efc1ce/Pasta%20Macaroni%20500g
Pork Ribs,$15.19,$18.99 per 1 kg,https://dm.apac.cms.aldi.cx/is/image/aldiprodapac/product/jpg/scaleWidth/232/cf23a44a-6c02-4cd2-a067-00a7fdcbc150/Pork%20Ribs
Lemon Cordial No Added Sugar 1L,$2.99,$2.99 per 1 L,https://dm.apac.cms.aldi.cx/is/image/aldiprodapac/product/jpg/scaleWidth/232/d2a8042f-90e6-4b51-90f5-e280b6788758/Lemon%20Cordial%20No%20Added%20Sugar%201L
Chocolate Chip Brioche Sliced Loaf 500g,$4.49,$0.90 per 100 g,https://dm.apac.cms.aldi.cx/is/image/aldiprodapac/product/jpg/scaleWidth/232/04f35542-d24b-4be0-bad1-603b650d29c2/Chocolate%20Chip%20Brioche%20Sliced%20Loaf%20500g
Antibacterial Foaming Hand Wash 250 mL,$2.29,$0.92 per 100 ml,https://dm.apac.cms.aldi.cx/is/image/aldiprodapac/product/jpg/scaleWidth/232/61ad6d38-99b1-438f-a375-bad8cabaaac5/Antibacterial%20Foaming%20Hand%20Wash%20250%20mL
Gherkins 670g,$4.99,$7.45 per 1 kg,https://dm.apac.cms.aldi.cx/is/image/aldiprodapac/product/jpg/scaleWidth/232/a8c57399-2897-4177-8b20-ef7c7a17bd2c/Gherkins%20670g
"Adult Dog Food Casserole with Beef, Vegetables & Gravy 700g",$2.29,$0.33 per 100 g,https://dm.apac.cms.aldi.cx/is/image/aldiprodapac/product/jpg/scaleWidth/232/99fdea64-2015-4498-af26-da7ef517e2cd/Adult%20Dog%20Food%20Casserole%20with%20Beef%20Vegetables%20%20Gravy%20700g
Mayo And Wholegrain Mustard Tuna Treats with Crackers 112g,$1.99,$17.77 per 1 kg,https://dm.apac.cms.aldi.cx/is/image/aldiprodapac/product/jpg/scaleWidth/232/bb1b2fa3-3599-43b0-9b32-4b01a9587ab5/Mayo%20And%20Wholegrain%20Mustard%20Tuna%20Treats%20with%20Crackers%20112g
Basket Assortment,$12.99,,https://dm.apac.cms.aldi.cx/is/image/aldiprodapac/product/jpg/scaleWidth/232/f11fbe6e-4779-4f91-84c6-13c406476964/Basket%20Assortment
Super Blend Microwave Rice Pouch 250g,$1.99,$0.80 per 100 g,https://dm.apac.cms.aldi.cx/is/image/aldiprodapac/product/jpg/scaleWidth/232/6da3ffa8-7d1b-4f37-83d8-b200803f01fd/Super%20Blend%20Microwave%20Rice%20Pouch%20250g
Mini's Frozen Yoghurt Dessert 4 Pack 480ml,$6.49,$1.35 per 100 ml,https://dm.apac.cms.aldi.cx/is/image/aldiprodapac/product/jpg/scaleWidth/232/36174f80-a5ff-4883-8e25-041b7808cf16/Minis%20Frozen%20Yoghurt%20Dessert%204%20Pack%20480ml
Ultimate Laundry Liquid 4L,$24.99,$6.25 per 1 L,https://dm.apac.cms.aldi.cx/is/image/aldiprodapac/product/jpg/scaleWidth/232/22f9e8cd-9c4a-41c0-9ff1-02beb4a9e08d/Ultimate%20Laundry%20Liquid%204L
Apple Raspberry Drink 6x250ml,$3.49,$2.33 per 1 L,https://dm.apac.cms.aldi.cx/is/image/aldiprodapac/product/jpg/scaleWidth/232/9151894f-e3af-4a8b-85cd-afbc3df59d1b/Apple%20Raspberry%20Drink%206x250ml
Chicken & Chorizo Paella 1.1kg,$11.99,$1.09 per 100 g,https://dm.apac.cms.aldi.cx/is/image/aldiprodapac/product/jpg/scaleWidth/232/ed9c406c-7ed7-44e2-ba08-129ad883bdce/Chicken%20%20Chorizo%20Paella%201.1kg
Men's Gardening Trousers,$24.99,,https://dm.apac.cms.aldi.cx/is/image/aldiprodapac/product/jpg/scaleWidth/232/03d0137a-b788-40fa-a97a-21f2842f6df5/Mens%20Gardening%20Trousers
Frothy Cappuccino Sachets 10 Pack 132g,$3.69,$0.37 per 1 each,https://dm.apac.cms.aldi.cx/is/image/aldiprodapac/product/jpg/scaleWidth/232/e3392183-a6ef-421a-9154-08a4997f36b2/Frothy%20Cappuccino%20Sachets%2010%20Pack%20132g
Gourmet Caramelised Onion & Oregano Hommus 200g,$2.69,$1.35 per 100 g,https://dm.apac.cms.aldi.cx/is/image/aldiprodapac/product/jpg/scaleWidth/232/dfdb14e2-b263-4182-8334-345fd866f878/Gourmet%20Caramelised%20Onion%20%20Oregano%20Hommus%20200g
Brussels Sprouts 500g,$2.49,$4.98 per 1 kg,https://dm.apac.cms.aldi.cx/is/image/aldiprodapac/product/jpg/scaleWidth/232/c04a4e10-6be1-4599-aea2-ce678b542de0/Brussels%20Sprouts%20500g
Canvas Storage Bags,$19.99,,https://dm.apac.cms.aldi.cx/is/image/aldiprodapac/product/jpg/scaleWidth/232/6c1b9fcf-02ad-4e27-a3c8-df07690f39e1/Canvas%20Storage%20Bags
Beef Burrito Family Bake 1.1kg,$11.99,$1.09 per 100 g,https://dm.apac.cms.aldi.cx/is/image/aldiprodapac/product/jpg/scaleWidth/232/eb08f76c-3573-4ea7-8070-556a4563af12/Beef%20Burrito%20Family%20Bake%201.1kg
Brioche Hot Dog Rolls 6 Pack 270g,$3.79,$0.63 per 1 each,https://dm.apac.cms.aldi.cx/is/image/aldiprodapac/product/jpg/scaleWidth/232/dd493802-3633-476e-adbd-0486bf223b35/Brioche%20Hot%20Dog%20Rolls%206%20Pack%20270g
Yellowfin Tuna & Kale Quinoa Salad Ready Meal 190g,$3.29,$17.32 per 1 kg,https://dm.apac.cms.aldi.cx/is/image/aldiprodapac/product/jpg/scaleWidth/232/84f46f69-e981-4c35-bb8a-5461bdb8d5cf/Yellowfin%20Tuna%20%20Kale%20Quinoa%20Salad%20Ready%20Meal%20190g
Linguine 500g,$2.69,$0.54 per 100 g,https://dm.apac.cms.aldi.cx/is/image/aldiprodapac/product/jpg/scaleWidth/232/a9ac2c27-6680-485c-9e36-962a24ab3964/Linguine%20500g
Rice Milk 1L,$1.85,$1.85 per 1 L,https://dm.apac.cms.aldi.cx/is/image/aldiprodapac/product/jpg/scaleWidth/232/debf229e-a790-4223-927c-25e4334a1d74/Rice%20Milk%201L
Coffee Classic Medium Roast 150g,$13.99,$9.33 per 100 g,https://dm.apac.cms.aldi.cx/is/image/aldiprodapac/product/jpg/scaleWidth/232/68b6e667-c072-497f-920e-68ccbeb3ca5f/Coffee%20Classic%20Medium%20Roast%20150g
Organic Chai Tea Bags 50 Pack 90g,$2.99,$0.06 per 1 each,https://dm.apac.cms.aldi.cx/is/image/aldiprodapac/product/jpg/scaleWidth/232/a2e6881f-fb90-403a-9685-fcc7b2aa8aec/Organic%20Chai%20Tea%20Bags%2050%20Pack%2090g
Delightful Flaked Truffles Milk 200g,$6.99,$3.50 per 100 g,https://dm.apac.cms.aldi.cx/is/image/aldiprodapac/product/jpg/scaleWidth/232/2f54431d-6aae-4471-8c3a-781b7429aaf1/Delightful%20Flaked%20Truffles%20Milk%20200g
Rice Crackers BBQ 100g,$0.95,$0.95 per 100 g,https://dm.apac.cms.aldi.cx/is/image/aldiprodapac/product/jpg/scaleWidth/232/fd71cf15-df4b-4b70-ac50-d12091614b1f/Rice%20Crackers%20BBQ%20100g
Rustic Baguette 1 Pack 280g,$2.49,$0.89 per 100 g,https://dm.apac.cms.aldi.cx/is/image/aldiprodapac/product/jpg/scaleWidth/232/9acaefdd-2416-4c97-b9ef-195c3b344a93/Rustic%20Baguette%201%20Pack%20280g
On The Go Salted Mixed Nuts 45g,$0.99,$22.00 per 1 kg,https://dm.apac.cms.aldi.cx/is/image/aldiprodapac/product/jpg/scaleWidth/232/c3faa3ef-edd5-436a-9a84-b5870c958b03/On%20The%20Go%20Salted%20Mixed%20Nuts%2045g
Assorted Children's Licensed Sheet Set King Single Size,$39.99,,https://dm.apac.cms.aldi.cx/is/image/aldiprodapac/product/jpg/scaleWidth/232/317fb17d-79b2-4ab2-81ad-1ec14bd62ba0/Assorted%20Childrens%20Licensed%20Sheet%20Set%20King%20Single%20Size
Napkins 1 Ply 200 Pack,$1.89,$0.95 per 100 sheets,https://dm.apac.cms.aldi.cx/is/image/aldiprodapac/product/jpg/scaleWidth/232/67f9abc2-5e7f-4d0d-92d6-568be314f12f/Napkins%201%20Ply%20200%20Pack
Honey Nut Corn Flakes 670g,$4.69,$0.70 per 100 g,https://dm.apac.cms.aldi.cx/is/image/aldiprodapac/product/jpg/scaleWidth/232/6d4c463b-9cfe-4592-b102-cb41c00fc737/Honey%20Nut%20Corn%20Flakes%20670g
Pastrami Sliced 100g,$3.49,$34.90 per 1 kg,https://dm.apac.cms.aldi.cx/is/image/aldiprodapac/product/jpg/scaleWidth/232/b7cccba3-2072-4575-be10-8112c7d6412e/Pastrami%20Sliced%20100g
BBQ Floor Mat,$14.99,,https://dm.apac.cms.aldi.cx/is/image/aldiprodapac/product/jpg/scaleWidth/232/e7e2dc8f-fc3b-4eed-8955-402b643a5b9b/BBQ%20Floor%20Mat
2 in 1 Air Fryer,$99.99,,https://dm.apac.cms.aldi.cx/is/image/aldiprodapac/product/jpg/scaleWidth/232/33bbd9eb-c777-4504-87d7-1839690b919c/2%20in%201%20Air%20Fryer
Assorted Ratchet and Socket Sets,$19.99,,https://dm.apac.cms.aldi.cx/is/image/aldiprodapac/product/jpg/scaleWidth/232/15feadb1-36d7-4129-8d2c-89702e4701ad/Assorted%20Ratchet%20and%20Socket%20Sets
Liquid Foundation or Primer 50ml,$7.99,$1.60 per 10 ml,https://dm.apac.cms.aldi.cx/is/image/aldiprodapac/product/jpg/scaleWidth/232/eea3b360-342c-4d60-a26b-b80053de4c43/Liquid%20Foundation%20or%20Primer%2050ml
Shredded Chicken Breast 500g,$7.49,$14.98 per 1 kg,https://dm.apac.cms.aldi.cx/is/image/aldiprodapac/product/jpg/scaleWidth/232/32ce4420-dd2a-4cd6-939d-886143856f75/Shredded%20Chicken%20Breast%20500g
Freezer Chest 198L,$299.00,,https://dm.apac.cms.aldi.cx/is/image/aldiprodapac/product/jpg/scaleWidth/232/893414ea-9157-4a9e-896f-2a8f20c51693/Freezer%20Chest%20198L
Tasty Cheese Block 1kg,$8.99,$8.99 per 1 kg,https://dm.apac.cms.aldi.cx/is/image/aldiprodapac/product/jpg/scaleWidth/232/aceedb89-0a9c-440b-abdf-524ce142e2ae/Tasty%20Cheese%20Block%201kg
Honey Roasted Mixed Nuts 900g,$9.99,$11.10 per 1 kg,https://dm.apac.cms.aldi.cx/is/image/aldiprodapac/product/jpg/scaleWidth/232/6f3faa9e-3c7e-4056-9144-95fd383cc032/Honey%20Roasted%20Mixed%20Nuts%20900g
Korma Curry Paste 195g,$1.99,$1.02 per 100 g,https://dm.apac.cms.aldi.cx/is/image/aldiprodapac/product/jpg/scaleWidth/232/7eccc80b-6093-442c-a602-e78989d051ff/Korma%20Curry%20Paste%20195g
Vegetable Flavour Stock Powder 168g,$2.99,$0.18 per 10 g,https://dm.apac.cms.aldi.cx/is/image/aldiprodapac/product/jpg/scaleWidth/232/48058457-80f7-4518-bf57-1f3cb968f1dc/Vegetable%20Flavour%20Stock%20Powder%20168g
Cauliflower 500g,$2.79,$5.58 per 1 kg,https://dm.apac.cms.aldi.cx/is/image/aldiprodapac/product/jpg/scaleWidth/232/063d5a17-6725-49da-a2c5-ebeda7b435f9/Cauliflower%20500g
Finest Madagascan Vanilla Chocolate 5 Pack 125g,$4.99,$3.99 per 100 g,https://dm.apac.cms.aldi.cx/is/image/aldiprodapac/product/jpg/scaleWidth/232/a54995ec-85a2-4135-b84f-174fe655d2c9/Finest%20Madagascan%20Vanilla%20Chocolate%205%20Pack%20125g
Solar Path Light 2 Pack,$9.99,,https://dm.apac.cms.aldi.cx/is/image/aldiprodapac/product/jpg/scaleWidth/232/c668d2ed-83d2-4234-b77f-c5c376a1b9ad/Solar%20Path%20Light%202%20Pack
Chicken Breast Kyiv 2 Pack 350g,$6.99,$19.97 per 1 kg,https://dm.apac.cms.aldi.cx/is/image/aldiprodapac/product/jpg/scaleWidth/232/12ae775f-f0d2-4506-ad9d-a6ea258c4fe8/Chicken%20Breast%20Kyiv%202%20Pack%20350g
Mini White Wraps 8 Pack 360g,$2.19,$0.61 per 100 g,https://dm.apac.cms.aldi.cx/is/image/aldiprodapac/product/jpg/scaleWidth/232/15e3f91a-96cd-459b-a13a-fba76c80d567/Mini%20White%20Wraps%208%20Pack%20360g
Baking Spices 255g-270g,$4.99,$0.20 per 10 g,https://dm.apac.cms.aldi.cx/is/image/aldiprodapac/product/jpg/scaleWidth/232/0e324242-39d7-4dcb-9e9a-4a9ec62caaa2/Baking%20Spices%20255g270g
Stir Fry 500g,$1.99,$0.40 per 100 g,https://dm.apac.cms.aldi.cx/is/content/aldiprodapac/1001860-2_COMING-SOON-GREYSCALE_RGB_OUTLINED_1200x1200
20V Mini Chainsaw Skin,$49.99,,https://dm.apac.cms.aldi.cx/is/image/aldiprodapac/product/jpg/scaleWidth/232/9281b1dc-12fe-4b04-8f7d-0bd6676806b7/20V%20Mini%20Chainsaw%20Skin
Assorted Children's Swim Set,$14.99,,https://dm.apac.cms.aldi.cx/is/image/aldiprodapac/product/jpg/scaleWidth/232/5b6def5b-ce65-4cf2-88bc-3e8298cf4d65/Assorted%20Childrens%20Swim%20Set
"55"" 4K Ultra HD Smart TV with webOS",$429.00,,https://dm.apac.cms.aldi.cx/is/image/aldiprodapac/product/jpg/scaleWidth/232/3377e2b3-c25f-4b1f-9ba0-3dbe9cb06237/55%204K%20Ultra%20HD%20Smart%20TV%20with%20webOS
Calorie Control Chicken Tikka 350g,$8.99,$2.57 per 100 g,https://dm.apac.cms.aldi.cx/is/image/aldiprodapac/product/jpg/scaleWidth/232/1336a74d-4a58-40bb-8660-4db001d0c42e/Calorie%20Control%20Chicken%20Tikka%20350g
Gouda Cheese Bites 5 Pack 20g,$2.99,$29.90 per 1 kg,https://dm.apac.cms.aldi.cx/is/image/aldiprodapac/product/jpg/scaleWidth/232/0d634061-1040-4027-adf5-402e38b8563b/Gouda%20Cheese%20Bites%205%20Pack%2020g
Singapore Noodles 450g,$2.49,$0.55 per 100 g,https://dm.apac.cms.aldi.cx/is/image/aldiprodapac/product/jpg/scaleWidth/232/2b2c6993-3310-4c30-a1af-0cbe00187c09/Singapore%20Noodles%20450g
White Sugar 2kg,$2.59,$0.13 per 100 g,https://dm.apac.cms.aldi.cx/is/image/aldiprodapac/product/jpg/scaleWidth/232/b0db4668-a2d1-42ae-8b17-d45d5981e789/White%20Sugar%202kg
Nuttelex Original Spread 375g,$3.69,$0.98 per 100 g,https://dm.apac.cms.aldi.cx/is/image/aldiprodapac/product/jpg/scaleWidth/232/2d093cb7-6c29-48f3-a258-89f2f06ad970/Nuttelex%20Original%20Spread%20375g
Pineapple Slices 432g,$1.89,$4.38 per 1 kg,https://dm.apac.cms.aldi.cx/is/image/aldiprodapac/product/jpg/scaleWidth/232/1ceee1e2-5a2a-4692-a2af-aa60396e6908/Pineapple%20Slices%20432g
Free Range Chicken Drumsticks,$4.99,$4.99 per 1 kg,https://dm.apac.cms.aldi.cx/is/image/aldiprodapac/product/jpg/scaleWidth/232/124819fa-0c1d-4719-81ca-131b6acbf7cc/Free%20Range%20Chicken%20Drumsticks
Bulk XXL Toilet Block 6 Pack Lemon,$13.99,,https://dm.apac.cms.aldi.cx/is/image/aldiprodapac/product/jpg/scaleWidth/232/8d9b8259-1ffd-4190-8f08-93d6b3114e11/Bulk%20XXL%20Toilet%20Block%206%20Pack%20Lemon
McLaren Vale Organic Shiraz 2024 750ml,$10.99,,https://dm.apac.cms.aldi.cx/is/image/aldiprodapac/product/jpg/scaleWidth/232/b38df72f-e050-4cad-9261-3cf8940c9115/McLaren%20Vale%20Organic%20Shiraz%202024%20750ml
Lite Yellowfin Tuna Chunks 95g,$1.29,$13.58 per 1 kg,https://dm.apac.cms.aldi.cx/is/image/aldiprodapac/product/jpg/scaleWidth/232/cdff9974-812c-407c-912a-4528ddc373b5/Lite%20Yellowfin%20Tuna%20Chunks%2095g
Fruit Snack Cereal Bars Blueberry 12+ Months 8 Pack 128g,$3.99,$3.12 per 100 g,https://dm.apac.cms.aldi.cx/is/image/aldiprodapac/product/jpg/scaleWidth/232/8f6ac0a0-19fa-4a37-832f-49521cd49811/Fruit%20Snack%20Cereal%20Bars%20Blueberry%2012%20Months%208%20Pack%20128g
Adult Vita Gummies Hair Skin Nails,$13.99,$0.23 per 1 each,https://dm.apac.cms.aldi.cx/is/image/aldiprodapac/product/jpg/scaleWidth/232/c2cf9938-10d8-41b8-b039-875181e33952/Adult%20Vita%20Gummies%20Hair%20Skin%20Nails
Rogan Josh Indian Simmer Sauce with Spice Cap 360g,$3.49,$0.97 per 100 g,https://dm.apac.cms.aldi.cx/is/image/aldiprodapac/product/jpg/scaleWidth/232/7a9a6bff-7ad6-4ab9-b4ae-104568fabb05/Rogan%20Josh%20Indian%20Simmer%20Sauce%20with%20Spice%20Cap%20360g
Semillon Sauvignon Blanc 750ml,$3.49,,https://dm.apac.cms.aldi.cx/is/image/aldiprodapac/product/jpg/scaleWidth/232/cabd642d-bb67-4ae8-a2ca-dd3ac7a82456/Semillon%20Sauvignon%20Blanc%20750ml
Skadoos Buttonbix Biscuit Bars 162g,$2.79,$1.72 per 100 g,https://dm.apac.cms.aldi.cx/is/image/aldiprodapac/product/jpg/scaleWidth/232/d69063f7-af81-4e03-b33b-bc4ae0d59866/Skadoos%20Buttonbix%20Biscuit%20Bars%20162g
No Added Sugar Blueberry Yogurt Pouch 110g,$1.19,$1.08 per 100 g,https://dm.apac.cms.aldi.cx/is/image/aldiprodapac/product/jpg/scaleWidth/232/39d96541-abf7-49f1-a189-0563cdfa8367/No%20Added%20Sugar%20Blueberry%20Yogurt%20%20Pouch%20110g
LED Ceiling Fan with Remote,$149.00,,https://dm.apac.cms.aldi.cx/is/image/aldiprodapac/product/jpg/scaleWidth/232/4203126e-2bd2-4929-9655-5ad83dd880c3/LED%20Ceiling%20Fan%20with%20Remote
Assorted Lip Balm 4.8g,$2.99,$6.23 per 10 g,https://dm.apac.cms.aldi.cx/is/image/aldiprodapac/product/jpg/scaleWidth/232/770bbff2-c468-4f89-b831-a7edc45a517f/Assorted%20Lip%20Balm%204.8g
Crunchie Bars 4 Pack 300ml,$5.99,$2.00 per 100 ml,https://dm.apac.cms.aldi.cx/is/image/aldiprodapac/product/jpg/scaleWidth/232/4fe2e519-0a9b-455b-b967-c754b76a259f/Crunchie%20Bars%204%20Pack%20300ml
Lemon Lime Vodka Crush 4x275ml,$12.99,,https://dm.apac.cms.aldi.cx/is/image/aldiprodapac/product/jpg/scaleWidth/232/26396bf6-3fb9-4ae2-a98e-92760b3d03e7/Lemon%20Lime%20Vodka%20Crush%204x275ml
Curried Sausages Recipe Base175g,$2.49,$1.42 per 100 g,https://dm.apac.cms.aldi.cx/is/image/aldiprodapac/product/jpg/scaleWidth/232/d117ae7b-004a-4c09-be9e-fdacda3d4040/Curried%20Sausages%20Recipe%20Base175g
Garden Metal Clock,$29.99,,https://dm.apac.cms.aldi.cx/is/image/aldiprodapac/product/jpg/scaleWidth/232/51ff43ed-9995-47d8-899a-0aafd8b46d37/Garden%20Metal%20Clock
Pad Thai Meal Kit 368g,$4.99,$1.36 per 100 g,https://dm.apac.cms.aldi.cx/is/image/aldiprodapac/product/jpg/scaleWidth/232/e0525b8a-0527-42e2-8248-9eb27c56fba4/Pad%20Thai%20Meal%20Kit%20368g
Women's Invisible Black & White Clear Roll On 50ml,$2.49,$4.98 per 100 ml,https://dm.apac.cms.aldi.cx/is/image/aldiprodapac/product/jpg/scaleWidth/232/6cd9100c-5b7f-4f2b-a892-779c2bd2e3df/Womens%20Invisible%20Black%20%20White%20Clear%20Roll%20On%2050ml
Coffee Beans Medium 1kg,$21.99,$2.20 per 100 g,https://dm.apac.cms.aldi.cx/is/image/aldiprodapac/product/jpg/scaleWidth/232/96f09a52-56d0-4d04-9a60-2f9b69bab9c6/Coffee%20Beans%20Medium%201kg
Butternut Snap 250g,$2.49,$1.00 per 100 g,https://dm.apac.cms.aldi.cx/is/image/aldiprodapac/product/jpg/scaleWidth/232/0b1a2d87-9588-4b2e-9996-80012c460102/Butternut%20Snap%20250g
Hemp Seeds 200g,$5.99,$3.00 per 100 g,https://dm.apac.cms.aldi.cx/is/image/aldiprodapac/product/jpg/scaleWidth/232/9ca30381-306c-48eb-b54f-b0e65ba7e828/Hemp%20Seeds%20200g
Drain Cleaner Crystals 500g,$6.49,$1.30 per 100 g,https://dm.apac.cms.aldi.cx/is/image/aldiprodapac/product/jpg/scaleWidth/232/aaa2ee39-f391-404b-a419-b06710933d73/Drain%20Cleaner%20Crystals%20500g
Cauliflower Rice 500g,$2.99,$5.98 per 1 kg,https://dm.apac.cms.aldi.cx/is/image/aldiprodapac/product/jpg/scaleWidth/232/575c3cae-8709-471d-844b-048eadb1bca1/Cauliflower%20Rice%20500g
Camembert Cheese 125g,$2.49,$19.92 per 1 kg,https://dm.apac.cms.aldi.cx/is/image/aldiprodapac/product/jpg/scaleWidth/232/c7dcbafa-3a59-481d-b116-8f4266ffca19/Camembert%20Cheese%20125g
Lite Coconut Cream 400ml,$1.69,$0.42 per 100 ml,https://dm.apac.cms.aldi.cx/is/image/aldiprodapac/product/jpg/scaleWidth/232/d6a37a80-941b-4279-bc9b-6632334edb71/Lite%20Coconut%20Cream%20400ml
Fetta & Spinach Gozleme 300g,$4.99,$1.66 per 100 g,https://dm.apac.cms.aldi.cx/is/image/aldiprodapac/product/jpg/scaleWidth/232/e5ec06f3-3210-4eff-b612-3b381988dba1/Fetta%20%20Spinach%20Gozleme%20300g
Toilet Tissue Double Length 3 Ply 8 Pack,$7.39,$0.26 per 100 sheets,https://dm.apac.cms.aldi.cx/is/image/aldiprodapac/product/jpg/scaleWidth/232/13a4f8d7-7eef-4b18-b6ea-2146f77a0af0/Toilet%20Tissue%20Double%20Length%203%20Ply%208%20Pack
Gluten Free Scotch Finger Biscuits 175g,$3.49,$1.99 per 100 g,https://dm.apac.cms.aldi.cx/is/image/aldiprodapac/product/jpg/scaleWidth/232/9b1f4f56-a98d-4836-a407-2da0e1e75fc4/Gluten%20Free%20Scotch%20Finger%20Biscuits%20175g
Garlic Aioli 260g,$1.99,$0.77 per 100 g,https://dm.apac.cms.aldi.cx/is/image/aldiprodapac/product/jpg/scaleWidth/232/20923d7e-dbc7-4d9e-b5ba-7912a3897fe6/Garlic%20Aioli%20260g
Delightful Chocolate Sticks Mint 125g,$4.99,$3.99 per 100 g,https://dm.apac.cms.aldi.cx/is/image/aldiprodapac/product/jpg/scaleWidth/232/50b6a363-c1d1-4943-979f-e73945c91a0d/Delightful%20Chocolate%20Sticks%20Mint%20125g
Australian Sultanas 1kg,$7.99,$7.99 per 1 kg,https://dm.apac.cms.aldi.cx/is/image/aldiprodapac/product/jpg/scaleWidth/232/91d8a7b2-78f6-4ee0-ac99-50d06fef65d4/Australian%20Sultanas%201kg
Delightful Cherry Liqueurs 200g,$5.99,$3.00 per 100 g,https://dm.apac.cms.aldi.cx/is/image/aldiprodapac/product/jpg/scaleWidth/232/dff553b0-dd4e-4cb7-9469-b592dec6fcc7/Delightful%20Cherry%20Liqueurs%20200g
Dill Cucumbers 680g,$2.99,$4.40 per 1 kg,https://dm.apac.cms.aldi.cx/is/image/aldiprodapac/product/jpg/scaleWidth/232/25a48877-8f52-4d80-bfdf-17a13476d27f/Dill%20Cucumbers%20680g
Fresh & Fast Stir Fry 400g,$2.99,$7.48 per 1 kg,https://dm.apac.cms.aldi.cx/is/image/aldiprodapac/product/jpg/scaleWidth/232/27a1a98d-c3ac-4ed5-a43f-16818ae45829/Fresh%20%20Fast%20Stir%20Fry%20400g
Lime & Chilli Tuna 95g,$1.09,$11.47 per 1 kg,https://dm.apac.cms.aldi.cx/is/image/aldiprodapac/product/jpg/scaleWidth/232/02c1d4aa-870b-4a62-9d5f-47a5e7bc11ad/Lime%20%20Chilli%20Tuna%2095g
Assorted Children's Licensed Quilt Cover Set Double Size,$44.99,,https://dm.apac.cms.aldi.cx/is/image/aldiprodapac/product/jpg/scaleWidth/232/18a0a3f6-0999-42f1-a50e-11f4ff0333f7/Assorted%20Childrens%20Licensed%20Quilt%20Cover%20Set%20Double%20Size
Activated B Complex Vitamins 60 Pack,$12.79,$0.21 per 1 each,https://dm.apac.cms.aldi.cx/is/image/aldiprodapac/product/jpg/scaleWidth/232/149c7ae8-3a19-425f-847c-7e2a609be228/Activated%20B%20Complex%20Vitamins%2060%20Pack
One Touch Family Box,$12.99,$0.81 per 1 each,https://dm.apac.cms.aldi.cx/is/image/aldiprodapac/product/jpg/scaleWidth/232/18fc8b44-a3ed-41ab-8d74-db9165941c3b/One%20Touch%20Family%20Box
Advanced Protection Antiperspirant 72 Hour 2 Pack 127g/130g,$9.49,$3.65 per 100 g,https://dm.apac.cms.aldi.cx/is/image/aldiprodapac/product/jpg/scaleWidth/232/b6ff07e2-414e-4018-ad27-8cebb59a5f82/Advanced%20Protection%20Antiperspirant%2072%20Hour%202%20Pack%20127g130g
Work Stretch Cargo Pants,$29.99,,https://dm.apac.cms.aldi.cx/is/image/aldiprodapac/product/jpg/scaleWidth/232/e81d5a1a-bc25-41fe-8577-987cd65f48fc/Work%20Stretch%20Cargo%20Pants
Light Rye Vienna Sourdough 550g,$3.69,$0.67 per 100 g,https://dm.apac.cms.aldi.cx/is/image/aldiprodapac/product/jpg/scaleWidth/232/a4c5cd36-cd59-46f2-8552-feaf6f5a6628/Light%20Rye%20Vienna%20Sourdough%20550g
Disinfectant Wipes 120 Pack,$4.19,$3.49 per 100 each,https://dm.apac.cms.aldi.cx/is/image/aldiprodapac/product/jpg/scaleWidth/232/a32611e6-f83a-4e93-a2c3-0b34dfd92570/Disinfectant%20Wipes%20120%20Pack
Lemonade 24 Pack 375ml,$22.49,$2.50 per 1 L,https://dm.apac.cms.aldi.cx/is/image/aldiprodapac/product/jpg/scaleWidth/232/58895dac-7420-4b9a-97cb-0c075107d2dc/Lemonade%2024%20Pack%20375ml
Cinnamon Crumble Muffin Mix 500g,$3.99,$0.80 per 100 g,https://dm.apac.cms.aldi.cx/is/image/aldiprodapac/product/jpg/scaleWidth/232/6ad52da6-612a-4f4b-8cfd-600170f518ad/Cinnamon%20Crumble%20Muffin%20Mix%20500g
Lamb Shiraz Garlic Sausage 500g,$7.99,$15.98 per 1 kg,https://dm.apac.cms.aldi.cx/is/image/aldiprodapac/product/jpg/scaleWidth/232/f941d3c8-0e30-46ad-a308-d68af49f98da/Lamb%20Shiraz%20Garlic%20Sausage%20500g
Cooking Bacon 750g,$6.69,$8.92 per 1 kg,https://dm.apac.cms.aldi.cx/is/image/aldiprodapac/product/jpg/scaleWidth/232/7db21a40-b6f8-4d8c-9a8e-c9af49fc2227/Cooking%20Bacon%20750g
Thin Sausages 24 Pack 1.8kg,$9.99,$5.55 per 1 kg,https://dm.apac.cms.aldi.cx/is/image/aldiprodapac/product/jpg/scaleWidth/232/8d1d6487-bd10-467d-8183-f0e1c6587480/Thin%20Sausages%2024%20Pack%201.8kg
Goldbears 300g,$3.69,$1.23 per 100 g,https://dm.apac.cms.aldi.cx/is/image/aldiprodapac/product/jpg/scaleWidth/232/95c3640d-dd7a-4b25-a40a-0749175889d4/Goldbears%20300g
Vanilla Yogurt Squishy Pouch 150g,$1.35,$0.90 per 100 g,https://dm.apac.cms.aldi.cx/is/image/aldiprodapac/product/jpg/scaleWidth/232/fbfc565a-4a27-46c6-8484-6b1d8ae0a8f5/Vanilla%20Yogurt%20Squishy%20Pouch%20150g
Unsweetened Almond Milk 1L,$1.85,$1.85 per 1 L,https://dm.apac.cms.aldi.cx/is/image/aldiprodapac/product/jpg/scaleWidth/232/ed49a053-fecf-402a-8aca-8c7c2f953dde/Unsweetened%20Almond%20Milk%201L
Chocolate Milk 600ml,$3.09,$5.15 per 1 L,https://dm.apac.cms.aldi.cx/is/image/aldiprodapac/product/jpg/scaleWidth/232/21fa4fc1-c3bc-4ced-a73e-2eb51fd7caf0/Chocolate%20Milk%20600ml
Boneless Butterflied Chicken Greek Style,$10.99,$9.99 per 1 kg,https://dm.apac.cms.aldi.cx/is/image/aldiprodapac/product/jpg/scaleWidth/232/88b65460-abb8-43d9-b0dc-23ff1f634c4c/Boneless%20Butterflied%20Chicken%20Greek%20Style
Car Cushion Assortment,$19.99,,https://dm.apac.cms.aldi.cx/is/image/aldiprodapac/product/jpg/scaleWidth/232/9afa8f39-91cc-4d94-a3c8-8bab02d286f6/Car%20Cushion%20Assortment
Lime Each,$1.29,$1.29 per 1 each,https://dm.apac.cms.aldi.cx/is/image/aldiprodapac/product/jpg/scaleWidth/232/1331a9b0-f9df-4c6e-b529-4c239da83804/Lime%20Each
Pork Belly,$14.91,$16.59 per 1 kg,https://dm.apac.cms.aldi.cx/is/image/aldiprodapac/product/jpg/scaleWidth/232/4d4e08ed-558a-4e7f-b33e-d40debd91be2/Pork%20Belly
Blueberry Yogurt Squishy Pouch 70g,$0.75,$1.07 per 100 g,https://dm.apac.cms.aldi.cx/is/image/aldiprodapac/product/jpg/scaleWidth/232/bf70eb9a-d8a7-4d40-8fa7-61136fa10db6/Blueberry%20Yogurt%20Squishy%20Pouch%2070g
Streaky Bacon Maple Flavoured 200g,$4.99,$24.95 per 1 kg,https://dm.apac.cms.aldi.cx/is/image/aldiprodapac/product/jpg/scaleWidth/232/1595ed13-6204-4777-b185-614cb100832b/Streaky%20Bacon%20Maple%20Flavoured%20200g
Assorted Toilet Bleach Gel 700ml,$2.19,$0.31 per 100 ml,https://dm.apac.cms.aldi.cx/is/image/aldiprodapac/product/jpg/scaleWidth/232/d3fbc75b-5ea7-472b-9732-03cd954ebc6d/Assorted%20Toilet%20Bleach%20Gel%20700ml
Baby Cos Lettuce 2 Pack,$2.99,$1.50 per 1 each,https://dm.apac.cms.aldi.cx/is/image/aldiprodapac/product/jpg/scaleWidth/232/4b03604a-6027-4ab1-9c67-a9f2f858c9f7/Baby%20Cos%20Lettuce%202%20Pack
Farmhouse Gold Full Cream Milk 1.5L,$4.69,$3.13 per 1 L,https://dm.apac.cms.aldi.cx/is/image/aldiprodapac/product/jpg/scaleWidth/232/e9809921-2809-4c8e-bdb9-a33effa1c1cb/Farmhouse%20Gold%20Full%20Cream%20Milk%201.5L
C-Baby Core Batteries,$6.49,$1.62 per 1 each,https://dm.apac.cms.aldi.cx/is/image/aldiprodapac/product/jpg/scaleWidth/232/c8a10c53-ac11-49b4-91f3-bcdab2eb5e60/CBaby%20Core%20Batteries
Bordeaux 750ml,$12.99,,https://dm.apac.cms.aldi.cx/is/image/aldiprodapac/product/jpg/scaleWidth/232/bcbb1f06-b100-4941-aaeb-bb89b2f95ae1/Bordeaux%20750ml
Baked Bars Golden Syrup 5 Pack 175g,$4.99,$2.85 per 100 g,https://dm.apac.cms.aldi.cx/is/image/aldiprodapac/product/jpg/scaleWidth/232/c1391d45-1032-4783-b2e2-69ac07de1eb1/Baked%20Bars%20Golden%20Syrup%205%20Pack%20175g
Marinated Whole RSPCA Approved Chicken with BBQ Seasoning,$11.08,$5.99 per 1 kg,https://dm.apac.cms.aldi.cx/is/image/aldiprodapac/product/jpg/scaleWidth/232/09aad22c-3ef7-49f8-b23a-1553aa0cfaa3/Marinated%20Whole%20RSPCA%20Approved%20Chicken%20with%20BBQ%20Seasoning
"Peas, Carrots & Super Sweet Corn 1kg",$3.59,$3.59 per 1 kg,https://dm.apac.cms.aldi.cx/is/image/aldiprodapac/product/jpg/scaleWidth/232/730329cf-24ba-490d-aa49-99af08412b92/Peas%20Carrots%20%20Super%20Sweet%20Corn%201kg
Assorted Children's Dress,$14.99,,https://dm.apac.cms.aldi.cx/is/image/aldiprodapac/product/jpg/scaleWidth/232/f1505e0c-efac-490f-9337-4596cd1b2d7e/Assorted%20Childrens%20Dress
Short Cut Bacon 500g,$7.49,$14.98 per 1 kg,https://dm.apac.cms.aldi.cx/is/image/aldiprodapac/product/jpg/scaleWidth/232/68303e72-4574-4968-82f0-7fddafd94763/Short%20Cut%20Bacon%20500g
Dairy Free Frozen Dessert Salted Caramel 475ml,$6.99,$1.47 per 100 ml,https://dm.apac.cms.aldi.cx/is/image/aldiprodapac/product/jpg/scaleWidth/232/4f30baae-2b48-4580-a790-7fb7179f9b35/Dairy%20Free%20Frozen%20Dessert%20Salted%20Caramel%20475ml
Protein Bars Salted Caramel 5 Pack 200g,$3.99,$2.00 per 100 g,https://dm.apac.cms.aldi.cx/is/image/aldiprodapac/product/jpg/scaleWidth/232/d3d81550-6976-4033-910c-9d0236333a74/Protein%20Bars%20Salted%20Caramel%205%20Pack%20200g
Cold Smoked Salmon 100g,$6.49,$64.90 per 1 kg,https://dm.apac.cms.aldi.cx/is/image/aldiprodapac/product/jpg/scaleWidth/232/a3fbca63-5870-4bc0-8dc6-c4c40889759e/Cold%20Smoked%20Salmon%20100g
Coconut Chia Organic Granola 500g,$5.19,$1.04 per 100 g,https://dm.apac.cms.aldi.cx/is/image/aldiprodapac/product/jpg/scaleWidth/232/a30da602-4601-4c96-aefd-ae8952090044/Coconut%20Chia%20Organic%20Granola%20500g
Aged Cheddar Cheese 36 Months 200g,$4.99,$24.95 per 1 kg,https://dm.apac.cms.aldi.cx/is/image/aldiprodapac/product/jpg/scaleWidth/232/953d64f5-9539-46f5-aeda-5993a856d760/Aged%20Cheddar%20Cheese%2036%20Months%20200g
Sweetened Condensed Milk 397g,$2.09,$0.53 per 100 g,https://dm.apac.cms.aldi.cx/is/image/aldiprodapac/product/jpg/scaleWidth/232/c6b97c9f-4e80-41b1-be8e-75e68e34e73e/Sweetened%20Condensed%20Milk%20397g
Mini Sesame Milk Rolls 9 Pack 360g,$3.49,$0.97 per 100 g,https://dm.apac.cms.aldi.cx/is/image/aldiprodapac/product/jpg/scaleWidth/232/d7875439-3d72-4c67-889b-139fe215d390/Mini%20Sesame%20Milk%20Rolls%209%20Pack%20360g
Marzipan Stollen 750g,$8.99,$1.20 per 100 g,https://dm.apac.cms.aldi.cx/is/image/aldiprodapac/product/jpg/scaleWidth/232/19435005-1030-4044-b495-b67ea6172603/Marzipan%20Stollen%20750g
Fruit Free Muesli 500g,$3.99,$0.80 per 100 g,https://dm.apac.cms.aldi.cx/is/image/aldiprodapac/product/jpg/scaleWidth/232/da576daf-0845-4df2-9308-d6ffed19aab7/Fruit%20Free%20Muesli%20500g
Salad Spinner,$34.99,,https://dm.apac.cms.aldi.cx/is/image/aldiprodapac/product/jpg/scaleWidth/232/f8bf5f50-deda-4a75-a20d-b2dc9f36c737/Salad%20Spinner
Australian Extra Virgin Olive Oil Light 500ml,$14.99,$3.00 per 100 ml,https://dm.apac.cms.aldi.cx/is/image/aldiprodapac/product/jpg/scaleWidth/232/32791282-1139-4523-8289-5c56ee4231a8/Australian%20Extra%20Virgin%20Olive%20Oil%20Light%20500ml
Ceiling Paint 10L,$69.99,,https://dm.apac.cms.aldi.cx/is/image/aldiprodapac/product/jpg/scaleWidth/232/8b05ca83-7fdb-4c2e-986a-4ff6baa43e66/Ceiling%20Paint%2010L
Lemons 5 Pack,$4.99,$1.00 per 1 each,https://dm.apac.cms.aldi.cx/is/image/aldiprodapac/product/jpg/scaleWidth/232/42f70063-7a53-45af-b10c-0271178432dd/Lemons%205%20Pack
Vegetable Baby Rice Rusks 8+ months 36g,$2.49,$6.92 per 100 g,https://dm.apac.cms.aldi.cx/is/image/aldiprodapac/product/jpg/scaleWidth/232/a75e857e-8260-43ed-860e-16fe41ca3e08/Vegetable%20Baby%20Rice%20Rusks%208%20months%2036g
Bulk Pork Chops,$20.99,$17.49 per 1 kg,https://dm.apac.cms.aldi.cx/is/image/aldiprodapac/product/jpg/scaleWidth/232/b768ad79-98ed-46a8-ba0f-8d7d1ab20b12/Bulk%20Pork%20Chops
RSPCA Approved Chicken Yakitori Kebab 12 Pack 560g,$9.99,$17.84 per 1 kg,https://dm.apac.cms.aldi.cx/is/image/aldiprodapac/product/jpg/scaleWidth/232/3374bd91-4345-4937-80ca-af4619c1b36b/RSPCA%20Approved%20Chicken%20Yakitori%20Kebab%2012%20Pack%20560g
Assorted Ultra Thin Pads,$1.79,$0.13 per 1 each,https://dm.apac.cms.aldi.cx/is/image/aldiprodapac/product/jpg/scaleWidth/232/78709580-5c8a-4a16-8248-d6eeda276127/Assorted%20Ultra%20Thin%20Pads
Chocolate Coated Macadamia Medley 200g,$7.99,$4.00 per 100 g,https://dm.apac.cms.aldi.cx/is/image/aldiprodapac/product/jpg/scaleWidth/232/1c0efaf2-4d14-4b94-8dc2-66ff99a93540/Chocolate%20Coated%20Macadamia%20Medley%20200g
Herring Fillets in Mustard Sauce 200g,$2.29,$11.45 per 1 kg,https://dm.apac.cms.aldi.cx/is/image/aldiprodapac/product/jpg/scaleWidth/232/fd7f1cc9-39d1-4a31-b6c8-3161d079a70f/Herring%20Fillets%20in%20Mustard%20Sauce%20200g
Prosecco Ros√© DOC Millesimato 750ml,$11.99,,https://dm.apac.cms.aldi.cx/is/image/aldiprodapac/product/jpg/scaleWidth/232/beeab8fd-3807-455c-89da-1fad8e72c6ac/Prosecco%20Ros%20DOC%20Millesimato%20750ml
Work Trunks 2 Pack,$10.99,,https://dm.apac.cms.aldi.cx/is/image/aldiprodapac/product/jpg/scaleWidth/232/9d19213c-20a7-4278-a339-fd6c05862d14/Work%20Trunks%202%20Pack
Pink Moscato 750ml,$4.59,,https://dm.apac.cms.aldi.cx/is/image/aldiprodapac/product/jpg/scaleWidth/232/353c0097-6481-4194-b74d-a17ccbfe9176/Pink%20Moscato%20750ml
Sauvignon Blanc 750ml,$4.59,,https://dm.apac.cms.aldi.cx/is/image/aldiprodapac/product/jpg/scaleWidth/232/89887537-149d-4bf9-9280-ee71acc87832/Sauvignon%20Blanc%20750ml
Short Cut Bacon Rindless 175g,$3.19,$18.23 per 1 kg,https://dm.apac.cms.aldi.cx/is/image/aldiprodapac/product/jpg/scaleWidth/232/69c3e75a-479a-4227-9e0c-70501b3898b2/Short%20Cut%20Bacon%20Rindless%20175g
Disinfectant Bucket Wipes 220 Pack,$8.99,$4.09 per 100 each,https://dm.apac.cms.aldi.cx/is/image/aldiprodapac/product/jpg/scaleWidth/232/653d806b-b2df-43f3-8d81-4e590ae83860/Disinfectant%20Bucket%20Wipes%20220%20Pack
Rich Moisturising Body Lotion 625ml,$7.39,$1.18 per 100 ml,https://dm.apac.cms.aldi.cx/is/image/aldiprodapac/product/jpg/scaleWidth/232/203703ee-daca-4622-bb03-22eec180c025/Rich%20Moisturising%20Body%20Lotion%20625ml
Smoked Oysters in Springwater 85g,$1.39,$16.35 per 1 kg,https://dm.apac.cms.aldi.cx/is/image/aldiprodapac/product/jpg/scaleWidth/232/426986a0-e8fb-4883-8397-7c00ded011cc/Smoked%20Oysters%20in%20Springwater%2085g
Spicy Capsicum Dip 150g,$3.29,$2.19 per 100 g,https://dm.apac.cms.aldi.cx/is/image/aldiprodapac/product/jpg/scaleWidth/232/30d36f67-fb6d-44e6-bf4d-b3f63c158441/Spicy%20Capsicum%20Dip%20150g
Delightful Chocolate Sticks Caramel 125g,$4.99,$3.99 per 100 g,https://dm.apac.cms.aldi.cx/is/image/aldiprodapac/product/jpg/scaleWidth/232/e4e31928-2bda-4414-8752-728fb7241220/Delightful%20Chocolate%20Sticks%20Caramel%20125g
Asian Style Salad Kit 350g,$4.99,$14.26 per 1 kg,https://dm.apac.cms.aldi.cx/is/image/aldiprodapac/product/jpg/scaleWidth/232/1b5ff255-4723-46c1-8ca7-27576ec750b5/Asian%20Style%20Salad%20Kit%20350g
Coleslaw 250g,$1.99,$7.96 per 1 kg,https://dm.apac.cms.aldi.cx/is/image/aldiprodapac/product/jpg/scaleWidth/232/1fd87292-a749-46a9-916b-81315f90053f/Coleslaw%20250g
Regular Soy Milk 1L,$1.75,$1.75 per 1 L,https://dm.apac.cms.aldi.cx/is/image/aldiprodapac/product/jpg/scaleWidth/232/51664ea3-d805-4d79-9013-0b9d0b88cf37/Regular%20Soy%20Milk%201L
Salt Reduced Chicken Flavour Stock Powder 168g,$2.99,$1.78 per 10 g,https://dm.apac.cms.aldi.cx/is/image/aldiprodapac/product/jpg/scaleWidth/232/b1c43cb4-d97b-46ea-8241-07e7f8f7d272/Salt%20Reduced%20Chicken%20Flavour%20Stock%20Powder%20168g
Mini Panettone Traditional Fruit 100g,$3.99,$3.99 per 100 g,https://dm.apac.cms.aldi.cx/is/image/aldiprodapac/product/jpg/scaleWidth/232/c6078ba4-ce03-4e91-9ba2-a229fc6ca511/Mini%20Panettone%20Traditional%20Fruit%20100g
Sea Salt & Pepper Tempura Barramundi 250g,$5.99,$23.96 per 1 kg,https://dm.apac.cms.aldi.cx/is/image/aldiprodapac/product/jpg/scaleWidth/232/7d01e2e7-bd96-4d72-af91-04333683255c/Sea%20Salt%20%20Pepper%20Tempura%20Barramundi%20250g
Cheesy Cauliflower Pies 12 Pack 540g,$3.99,$0.74 per 100 g,https://dm.apac.cms.aldi.cx/is/image/aldiprodapac/product/jpg/scaleWidth/232/370dc7fb-61fd-4871-b734-041aaee9df3a/Cheesy%20Cauliflower%20Pies%2012%20Pack%20%20540g
Red Lentils 500g,$1.99,$0.40 per 100 g,https://dm.apac.cms.aldi.cx/is/image/aldiprodapac/product/jpg/scaleWidth/232/b4babc84-e6a3-489d-b643-afdec5730128/Red%20Lentils%20500g
Classic Glaze Balsamic Vinegar of Modena 250ml,$4.49,$1.80 per 100 ml,https://dm.apac.cms.aldi.cx/is/image/aldiprodapac/product/jpg/scaleWidth/232/c8be088d-d1f5-4778-807c-7eff26c6a908/Classic%20Glaze%20Balsamic%20Vinegar%20of%20Modena%20250ml
Margaret River Chardonnay 750ml,$10.99,,https://dm.apac.cms.aldi.cx/is/image/aldiprodapac/product/jpg/scaleWidth/232/27842316-2dbb-43ed-9000-03fb44a9409c/Margaret%20River%20Chardonnay%20750ml
Baby Wipes Fragrance Free 80 Pack,$1.89,$2.36 per 100 each,https://dm.apac.cms.aldi.cx/is/image/aldiprodapac/product/jpg/scaleWidth/232/939b5290-d022-4308-a4ec-1c94c2b54319/Baby%20Wipes%20Fragrance%20Free%2080%20Pack
Chocolate Chip Panettone 750g,$9.99,,https://dm.apac.cms.aldi.cx/is/image/aldiprodapac/product/jpg/scaleWidth/232/4d98e4f6-51c1-449c-99a3-75e0615b1543/Chocolate%20Chip%20Panettone%20750g
Tabasco Sauce 60ml,$4.99,$8.32 per 100 ml,https://dm.apac.cms.aldi.cx/is/image/aldiprodapac/product/jpg/scaleWidth/232/aa0ef4dc-5d25-4c10-9d6b-878a30334a00/Tabasco%20Sauce%2060ml
Snack Faves 20 Pack,$7.99,$2.04 per 100 g,https://dm.apac.cms.aldi.cx/is/image/aldiprodapac/product/jpg/scaleWidth/232/48b4d865-a8fd-4837-9493-acbac1f8cea9/Snack%20Faves%2020%20Pack
Kitchen Tidy or Garbage Bags,$9.99,,https://dm.apac.cms.aldi.cx/is/image/aldiprodapac/product/jpg/scaleWidth/232/871466dc-cf87-4af8-a1b2-2eb918ec4950/Kitchen%20Tidy%20or%20Garbage%20Bags
Silver Scoop Choc Chip Mint 2L,$4.49,$0.22 per 100 ml,https://dm.apac.cms.aldi.cx/is/image/aldiprodapac/product/jpg/scaleWidth/232/5ef599a8-5ddf-491f-8193-ed040378d182/Silver%20Scoop%20Choc%20Chip%20Mint%202L
Pumpkin and Mint Cous Cous Salad 500g,$6.49,$12.98 per 1 kg,https://dm.apac.cms.aldi.cx/is/image/aldiprodapac/product/jpg/scaleWidth/232/dec1b0bf-b447-4cc5-b04a-fdc48cf32927/Pumpkin%20and%20Mint%20Cous%20Cous%20Salad%20500g
Pork Fillet,$7.98,$18.99 per 1 kg,https://dm.apac.cms.aldi.cx/is/image/aldiprodapac/product/jpg/scaleWidth/232/458cda87-d78c-4be3-ada4-33f762819bf1/Pork%20Fillet
Mini 50 Pack,$5.99,$2.00 per 100 g,https://dm.apac.cms.aldi.cx/is/image/aldiprodapac/product/jpg/scaleWidth/232/33288c0d-d671-4b10-8b72-1032912e9a01/Mini%2050%20Pack
Montepulciano D'Abruzzo DOCG 2021 Vintage,$9.99,,https://dm.apac.cms.aldi.cx/is/image/aldiprodapac/product/jpg/scaleWidth/232/2f68fd3a-cdbd-410b-8a3c-c81e85d87cf3/Montepulciano%20DAbruzzo%20DOCG%202021%20Vintage
Australian Leg Ham Off The Bone 175g,$5.49,$31.37 per 1 kg,https://dm.apac.cms.aldi.cx/is/image/aldiprodapac/product/jpg/scaleWidth/232/05c218cd-9ce4-4ce7-801d-492a2ad74c0b/Australian%20Leg%20Ham%20Off%20The%20Bone%20175g
Mixed Berry Kombucha 4x250ml,$5.99,$5.99 per 1 L,https://dm.apac.cms.aldi.cx/is/image/aldiprodapac/product/jpg/scaleWidth/232/057b1f0f-4bfd-4869-9558-60758a67ef4f/Mixed%20Berry%20Kombucha%204x250ml
Superleaf Salad Mix 120g,$1.99,$16.58 per 1 kg,https://dm.apac.cms.aldi.cx/is/image/aldiprodapac/product/jpg/scaleWidth/232/93399464-aecc-4e29-bfed-6c7bbb757a6d/Superleaf%20Salad%20Mix%20120g
Peppermint Fresh Gum 64g,$2.99,$4.67 per 100 g,https://dm.apac.cms.aldi.cx/is/image/aldiprodapac/product/jpg/scaleWidth/232/564c418f-c645-431c-b0fd-a9284b73be80/Peppermint%20Fresh%20Gum%2064g
Classic Vanilla Drumstick 16 Pack 1.9L,$19.99,$1.05 per 100 ml,https://dm.apac.cms.aldi.cx/is/image/aldiprodapac/product/jpg/scaleWidth/232/84a8611a-900b-4785-85fe-a2eb713ef52d/Classic%20Vanilla%20Drumstick%2016%20Pack%201.9L
Size 2 Nappies 4-8kg 56 Pack,$11.49,$0.21 per 1 each,https://dm.apac.cms.aldi.cx/is/image/aldiprodapac/product/jpg/scaleWidth/232/0f316b6f-4d6c-4c37-a191-f73d1587f539/Size%202%20Nappies%2048kg%2056%20Pack
Crushed Garlic 250g,$1.19,$0.05 per 10 g,https://dm.apac.cms.aldi.cx/is/image/aldiprodapac/product/jpg/scaleWidth/232/1a0e2935-01e8-4c0b-98ed-03832265079e/Crushed%20Garlic%20250g
Dark Chocolate Coated Rice Cakes 150g,$4.99,$3.33 per 100 g,https://dm.apac.cms.aldi.cx/is/image/aldiprodapac/product/jpg/scaleWidth/232/8d9a668c-5703-42f7-86c9-dffe41b54631/Dark%20Chocolate%20Coated%20Rice%20Cakes%20150g
Crunchy Peanut Butter 755g,$7.39,$0.98 per 100 g,https://dm.apac.cms.aldi.cx/is/image/aldiprodapac/product/jpg/scaleWidth/232/0e56fff3-3019-4b18-b74c-2702b73ae0a5/Crunchy%20Peanut%20Butter%20755g
Wooden Doll House Furniture,$9.99,,https://dm.apac.cms.aldi.cx/is/image/aldiprodapac/product/jpg/scaleWidth/232/95574fa7-2063-489f-b99f-5f383cdda1e3/Wooden%20Doll%20House%20Furniture
Souvlaki Wraps 6 Pack 450g,$2.79,$0.62 per 100 g,https://dm.apac.cms.aldi.cx/is/image/aldiprodapac/product/jpg/scaleWidth/232/bc4506bf-a416-48f7-915b-c84fda0c8c5b/Souvlaki%20Wraps%206%20Pack%20450g
Christmas Sprinkle Jar 130g - 132g,$3.99,$3.02 per 100 g,https://dm.apac.cms.aldi.cx/is/image/aldiprodapac/product/jpg/scaleWidth/232/74113835-38dd-40f2-8847-825f926dfac1/Christmas%20Sprinkle%20Jar%20130g%20%20132g
Chicken Breast T-Rex Bites 1kg,$8.49,$8.49 per 1 kg,https://dm.apac.cms.aldi.cx/is/image/aldiprodapac/product/jpg/scaleWidth/232/93917c26-8483-4658-a43d-a787103de92d/Chicken%20Breast%20TRex%20Bites%201kg
Brioche Sliders 12 Pack 480g,$6.99,$0.58 per 1 each,https://dm.apac.cms.aldi.cx/is/image/aldiprodapac/product/jpg/scaleWidth/232/700b9f7e-b96d-4f6c-a295-6490132639eb/Brioche%20Sliders%2012%20Pack%20480g
Original Spread 500g,$2.99,$0.60 per 100 g,https://dm.apac.cms.aldi.cx/is/image/aldiprodapac/product/jpg/scaleWidth/232/b07438cc-be5f-4a44-afad-33a3c3b97e13/Original%20Spread%20500g
"Pork, Pepper and Oregano Gourmet Sausages 500g",$7.99,$15.98 per 1 kg,https://dm.apac.cms.aldi.cx/is/image/aldiprodapac/product/jpg/scaleWidth/232/d7f3eae8-0cf5-4929-917b-49e7aa825cd7/Pork%20Pepper%20and%20Oregano%20Gourmet%20Sausages%20500g
Navel Oranges Loose,$0.59/0.18 kg,$3.29 per 1 kg,https://dm.apac.cms.aldi.cx/is/image/aldiprodapac/product/jpg/scaleWidth/232/080016d8-0b39-4b39-af75-b0e622e7a34d/Navel%20Oranges%20Loose
Peking Duck Breast 380g,$9.99,$26.29 per 1 kg,https://dm.apac.cms.aldi.cx/is/image/aldiprodapac/product/jpg/scaleWidth/232/2e118fd7-7df1-4b17-9071-b1d41bce1224/Peking%20Duck%20Breast%20380g
Fun Faves 18 Pack 324g,$7.49,$2.31 per 100 g,https://dm.apac.cms.aldi.cx/is/image/aldiprodapac/product/jpg/scaleWidth/232/5cb4afc9-c7df-40ed-a702-e59be7dfd16c/Fun%20Faves%2018%20Pack%20324g
Assorted Shampoo 400ml,$6.99,$1.75 per 100 ml,https://dm.apac.cms.aldi.cx/is/image/aldiprodapac/product/jpg/scaleWidth/232/eef71dbf-09a8-4e13-8a72-b8dacfd2aa04/Assorted%20Shampoo%20400ml
Soup in a Cup Dutch Curry with Rice 2 Pack 60g,$0.95,$1.58 per 100 g,https://dm.apac.cms.aldi.cx/is/image/aldiprodapac/product/jpg/scaleWidth/232/cb297ba3-fcf7-48ea-a448-f590bbb83064/Soup%20in%20a%20Cup%20Dutch%20Curry%20with%20Rice%202%20Pack%2060g
Honey Oats Sensations 10 Pack 350g,$2.99,$0.85 per 100 g,https://dm.apac.cms.aldi.cx/is/image/aldiprodapac/product/jpg/scaleWidth/232/f16e0f87-7f52-42e5-8c09-da3aa81ba413/Honey%20Oats%20Sensations%2010%20Pack%20350g
Mashed Potato 400g,$4.49,$11.23 per 1 kg,https://dm.apac.cms.aldi.cx/is/image/aldiprodapac/product/jpg/scaleWidth/232/d6321efb-76f3-464f-81f2-bf1cc3cbdb14/Mashed%20Potato%20400g
Strawberry Fruit & Oat Bars 12+ Months 6 Pack 90g,$2.49,$2.77 per 100 g,https://dm.apac.cms.aldi.cx/is/image/aldiprodapac/product/jpg/scaleWidth/232/f5431536-f9eb-4c8e-ae9e-c3bfd867b967/Strawberry%20Fruit%20%20Oat%20Bars%2012%20Months%206%20Pack%2090g
Balsamic Vinegar of Modena 500ml,$2.49,$0.50 per 100 ml,https://dm.apac.cms.aldi.cx/is/image/aldiprodapac/product/jpg/scaleWidth/232/6d9f53d4-8a7e-4830-ba42-001cb1b0ffa9/Balsamic%20Vinegar%20of%20Modena%20500ml
Nail Polish Remover Non Acetone 125ml,$2.79,$2.23 per 100 ml,https://dm.apac.cms.aldi.cx/is/image/aldiprodapac/product/jpg/scaleWidth/232/9c15f8a8-8e5c-4e40-a159-a5a6eba09d40/Nail%20Polish%20Remover%20Non%20Acetone%20125ml
Teriyaki Noodle Bowl 95g,$1.99,$2.09 per 100 g,https://dm.apac.cms.aldi.cx/is/image/aldiprodapac/product/jpg/scaleWidth/232/87443fb1-558d-4e98-baa8-5e0c607a33f1/Teriyaki%20Noodle%20Bowl%2095g
Assorted Solar Fire Bowl,$29.99,,https://dm.apac.cms.aldi.cx/is/image/aldiprodapac/product/jpg/scaleWidth/232/c92ccb43-5c14-4e30-b8ba-a4fef11c3eae/Assorted%20Solar%20Fire%20Bowl
"Sweet Potato, Carrot & Apple 6+ Months Baby Food 120g",$0.95,$0.79 per 100 g,https://dm.apac.cms.aldi.cx/is/image/aldiprodapac/product/jpg/scaleWidth/232/5d53aad3-f77b-459f-a8e9-03115fee6181/Sweet%20Potato%20Carrot%20%20Apple%206%20Months%20Baby%20Food%20120g
Blue Ribbon Classic Vanilla 2L,$6.49,$0.32 per 100 ml,https://dm.apac.cms.aldi.cx/is/image/aldiprodapac/product/jpg/scaleWidth/232/68e39ccc-a9d1-4362-9261-31cb0b061109/Blue%20Ribbon%20Classic%20Vanilla%202L
Thai Red Curry Paste 195g,$1.99,$1.02 per 100 g,https://dm.apac.cms.aldi.cx/is/image/aldiprodapac/product/jpg/scaleWidth/232/15143aeb-b8e4-4f20-9e26-560de95a8424/Thai%20Red%20Curry%20Paste%20195g
Warheads Mixed Case 252-300g,$4.99,$1.66 per 100 g,https://dm.apac.cms.aldi.cx/is/image/aldiprodapac/product/jpg/scaleWidth/232/90193a18-734b-4f9b-9c09-d5a9dbfbdc3f/Warheads%20Mixed%20Case%20252300g
Meat Lovers Family Pizza 500g,$4.49,$0.90 per 100 g,https://dm.apac.cms.aldi.cx/is/image/aldiprodapac/product/jpg/scaleWidth/232/a1b0bce6-f27d-4a23-a367-0a800e97dfa4/Meat%20Lovers%20Family%20Pizza%20500g
Diced Pet Mince with Kangaroo and Beef 600g,$4.99,$0.83 per 100 g,https://dm.apac.cms.aldi.cx/is/image/aldiprodapac/product/jpg/scaleWidth/232/b4024a85-b407-49c5-9683-f1bde30e4562/Diced%20Pet%20Mince%20with%20Kangaroo%20and%20Beef%20600g
Roasted & Salted Peanuts 750g,$5.99,$7.99 per 1 kg,https://dm.apac.cms.aldi.cx/is/image/aldiprodapac/product/jpg/scaleWidth/232/699735d6-71d0-44df-a23e-4c8663d2a3a3/Roasted%20%20Salted%20Peanuts%20750g
Romana Gourmet Pasta Sauce 400g,$3.99,$1.00 per 100 g,https://dm.apac.cms.aldi.cx/is/image/aldiprodapac/product/jpg/scaleWidth/232/15a9e2c3-2dc7-49fc-bd42-c17742945e3c/Romana%20Gourmet%20Pasta%20Sauce%20400g
Danish Butter Cookies 454g,$5.99,$1.32 per 100 g,https://dm.apac.cms.aldi.cx/is/image/aldiprodapac/product/jpg/scaleWidth/232/6b29a466-d6c1-431b-b43e-882a2e89e8cb/Danish%20Butter%20Cookies%20454g
Choc Mini Churros 180g,$4.99,$2.77 per 100 g,https://dm.apac.cms.aldi.cx/is/image/aldiprodapac/product/jpg/scaleWidth/232/0f0f8d65-35b2-4fa5-a030-8e31a7033520/Choc%20Mini%20Churros%20180g
Cotton Tips 400 pack,$3.89,$0.97 per 100 each,https://dm.apac.cms.aldi.cx/is/image/aldiprodapac/product/jpg/scaleWidth/232/0e6feb87-60cc-4b78-b2a5-1c9780cdbef1/Cotton%20Tips%20400%20pack
Nesquik Chocolate Flavoured Milk Drink 250g,$3.99,$1.60 per 100 g,https://dm.apac.cms.aldi.cx/is/image/aldiprodapac/product/jpg/scaleWidth/232/ff6a91bb-9f4a-4ddb-ba22-a7054c90bc66/Nesquik%20Chocolate%20Flavoured%20Milk%20Drink%20250g
Assorted Kitchen Mixer Tap,$79.99,,https://dm.apac.cms.aldi.cx/is/image/aldiprodapac/product/jpg/scaleWidth/232/c95ea19f-e09d-4a6d-a3df-8077f24cfaf2/Assorted%20Kitchen%20Mixer%20Tap
Garlic Bread Loaf 400g,$2.79,$0.70 per 100 g,https://dm.apac.cms.aldi.cx/is/image/aldiprodapac/product/jpg/scaleWidth/232/00463536-385b-407e-8a2e-806185d9c6ad/Garlic%20Bread%20Loaf%20400g
Greek Spinach & Cheese Spanakopita 750g,$8.89,$1.19 per 100 g,https://dm.apac.cms.aldi.cx/is/image/aldiprodapac/product/jpg/scaleWidth/232/c98fdf57-1037-4af6-8c1b-38ee8ed30468/Greek%20Spinach%20%20Cheese%20Spanakopita%20750g
Gold Kiwifruit 5Pack,$4.99,$1.00 per 1 each,https://dm.apac.cms.aldi.cx/is/image/aldiprodapac/product/jpg/scaleWidth/232/c840bd34-234a-492c-959e-1e299c601faa/Gold%20Kiwifruit%205Pack
Vietnamese Rice Paper 10 Pack 280g,$2.49,$0.89 per 100 g,https://dm.apac.cms.aldi.cx/is/image/aldiprodapac/product/jpg/scaleWidth/232/c7a7c3b0-26b0-45bf-8918-5baf19abbf3d/Vietnamese%20Rice%20Paper%2010%20Pack%20280g
Premium Basilico Sauce 500g,$2.69,$0.54 per 100 g,https://dm.apac.cms.aldi.cx/is/image/aldiprodapac/product/jpg/scaleWidth/232/dc476feb-42db-419a-9d56-1fc0a01a7aa4/Premium%20Basilico%20Sauce%20500g
Organic White Quinoa 500g,$5.49,$1.10 per 100 g,https://dm.apac.cms.aldi.cx/is/image/aldiprodapac/product/jpg/scaleWidth/232/71363841-8c6f-49f1-84fd-22999d480797/Organic%20White%20Quinoa%20500g
Premium Wash Brush,$21.99,,https://dm.apac.cms.aldi.cx/is/image/aldiprodapac/product/jpg/scaleWidth/232/2b834b77-97da-4509-8d96-9b21fca2329e/Premium%20Wash%20Brush
Dry Roasted Cashews 400g,$8.99,$22.48 per 1 kg,https://dm.apac.cms.aldi.cx/is/image/aldiprodapac/product/jpg/scaleWidth/232/ab8bae52-cd4a-4380-9c50-1497b4e10a83/Dry%20Roasted%20Cashews%20400g
Nesting Flower Steps,$39.99,,https://dm.apac.cms.aldi.cx/is/image/aldiprodapac/product/jpg/scaleWidth/232/6f21fb03-da09-4f8e-b502-974bf29be4f8/Nesting%20Flower%20Steps
Yellowfin Tuna & Italian Style Salad Ready Meal 190g,$3.29,$17.32 per 1 kg,https://dm.apac.cms.aldi.cx/is/image/aldiprodapac/product/jpg/scaleWidth/232/a5c743f2-ed9c-45db-a009-9758bf6dba2b/Yellowfin%20Tuna%20%20Italian%20Style%20Salad%20Ready%20Meal%20190g
Assorted Power Tools,$29.99,,https://dm.apac.cms.aldi.cx/is/image/aldiprodapac/product/jpg/scaleWidth/232/43c2ae72-64fd-4d1a-b62c-95a7c9f6b866/Assorted%20Power%20Tools
Goats Milk Cheese Slices 150g,$4.79,$31.93 per 1 kg,https://dm.apac.cms.aldi.cx/is/image/aldiprodapac/product/jpg/scaleWidth/232/4cf5165f-f526-4015-bcd5-e1d3d0353f66/Goats%20Milk%20Cheese%20Slices%20150g
Creamy Squeeze Mayonnaise 475g,$3.59,$0.67 per 100 g,https://dm.apac.cms.aldi.cx/is/image/aldiprodapac/product/jpg/scaleWidth/232/52374e9d-e3dc-4555-b9d0-82a8492fd189/Creamy%20Squeeze%20Mayonnaise%20475g
Washed White Potatoes 2kg,$7.99,$4.00 per 1 kg,https://dm.apac.cms.aldi.cx/is/image/aldiprodapac/product/jpg/scaleWidth/232/927c5043-34ce-4ec3-a279-df0de686f8cb/Washed%20White%20Potatoes%202kg
Finest Dark Sea Salt Chocolate 5 Pack 125g,$4.99,$3.99 per 100 g,https://dm.apac.cms.aldi.cx/is/image/aldiprodapac/product/jpg/scaleWidth/232/1f2e9916-7729-4b94-970a-0243f65b127f/Finest%20Dark%20Sea%20Salt%20Chocolate%205%20Pack%20125g
Chunky Garden Vegetables Pasta Sauce 500g,$2.29,$0.46 per 100 g,https://dm.apac.cms.aldi.cx/is/image/aldiprodapac/product/jpg/scaleWidth/232/2d664c7b-229e-4f62-b450-ff28308a44a9/Chunky%20Garden%20Vegetables%20Pasta%20Sauce%20500g
Barn Laid Eggs 700g,$5.59,$0.80 per 100 g,https://dm.apac.cms.aldi.cx/is/image/aldiprodapac/product/jpg/scaleWidth/232/46e88cdf-b56a-4243-8d9d-57f0f81bcf06/Barn%20Laid%20Eggs%20700g
Resealable Sandwich Bag 75 Pack,$2.19,$0.03 per 1 each,https://dm.apac.cms.aldi.cx/is/image/aldiprodapac/product/jpg/scaleWidth/232/69db452d-0880-4727-81b6-15dd014f3304/Resealable%20Sandwich%20Bag%2075%20Pack
Qualita Oro Coffee Ground 1kg,$31.99,$3.20 per 100 g,https://dm.apac.cms.aldi.cx/is/image/aldiprodapac/product/jpg/scaleWidth/232/880bdf7c-985e-4ab8-b3df-cf49968beb47/Qualita%20Oro%20Coffee%20Ground%201kg
Salt & Vinegar Biltong Slices 100g,$7.99,$79.90 per 1 kg,https://dm.apac.cms.aldi.cx/is/image/aldiprodapac/product/jpg/scaleWidth/232/4a122ed4-3088-4c6a-87f9-4ef3f546bd7e/Salt%20%20Vinegar%20Biltong%20Slices%20100g
Bubble Bar Choc Rainbow 6 Pack 132g,$3.49,$2.64 per 100 g,https://dm.apac.cms.aldi.cx/is/image/aldiprodapac/product/jpg/scaleWidth/232/ea9ad2b2-508a-4cb5-8f89-7d07e8a6d5a5/Bubble%20Bar%20Choc%20Rainbow%206%20Pack%20132g
Beef Bolognese & Macaroni 170g,$2.49,$1.46 per 100 g,https://dm.apac.cms.aldi.cx/is/image/aldiprodapac/product/jpg/scaleWidth/232/6a0d8e8d-2a9b-44a4-9d91-35d89bd82abf/Beef%20Bolognese%20%20Macaroni%20170g
Pro-V Daily Moisture Renewal Shampoo or Conditioner 900ml,$9.99,$1.11 per 100 ml,https://dm.apac.cms.aldi.cx/is/image/aldiprodapac/product/jpg/scaleWidth/232/855c07b3-7da1-4455-a40a-51eabf2eb6f3/ProV%20Daily%20Moisture%20Renewal%20Shampoo%20or%20Conditioner%20900ml
Original Lemon 600ml,$3.99,$6.65 per 1 L,https://dm.apac.cms.aldi.cx/is/image/aldiprodapac/product/jpg/scaleWidth/232/b85a1a4a-7994-4d15-bc9e-cb0eb49e89a5/Original%20Lemon%20600ml
Butter Popcorn 90g,$1.99,$2.21 per 100 g,https://dm.apac.cms.aldi.cx/is/image/aldiprodapac/product/jpg/scaleWidth/232/74f6ea4f-0d69-426c-b52f-1a7ced718c60/Butter%20Popcorn%2090g
Chicken Flavour Liquid Stock 1L,$1.85,$0.19 per 100 ml,https://dm.apac.cms.aldi.cx/is/image/aldiprodapac/product/jpg/scaleWidth/232/470565db-c048-4c2b-98bc-7631733f2423/Chicken%20Flavour%20Liquid%20Stock%201L
Spring Onion Bunch,$2.49,$2.49 per 1 each,https://dm.apac.cms.aldi.cx/is/image/aldiprodapac/product/jpg/scaleWidth/232/3fd47307-0d94-4010-b431-cc39a609e8dd/Spring%20Onion%20Bunch
Just Bran 530g,$2.99,$0.56 per 100 g,https://dm.apac.cms.aldi.cx/is/image/aldiprodapac/product/jpg/scaleWidth/232/156609e7-a087-4882-b7ed-a33e41800318/Just%20Bran%20530g
Cr√®me Moisturiser 250ml,$7.99,$3.20 per 100 ml,https://dm.apac.cms.aldi.cx/is/image/aldiprodapac/product/jpg/scaleWidth/232/69152647-6020-42e2-9ee1-9874816c26bc/Crme%20Moisturiser%20250ml
Chilli Flakes Indian Spices 155g,$4.29,$0.28 per 10 g,https://dm.apac.cms.aldi.cx/is/image/aldiprodapac/product/jpg/scaleWidth/232/271c3a76-5461-4b0f-b1fe-ad43a86fb226/Chilli%20Flakes%20Indian%20Spices%20155g
Salsa Dip Medium 300g,$1.79,$0.60 per 100 g,https://dm.apac.cms.aldi.cx/is/image/aldiprodapac/product/jpg/scaleWidth/232/2161b2e5-6d5f-4a08-879c-1627635a97a8/Salsa%20Dip%20Medium%20300g
On The Go Trail Mix 45g,$0.99,$22.00 per 1 kg,https://dm.apac.cms.aldi.cx/is/image/aldiprodapac/product/jpg/scaleWidth/232/e004e29a-68b4-4ba5-83a7-fb68746cd358/On%20The%20Go%20Trail%20Mix%2045g
Hooroos 560g,$2.49,$0.44 per 100 g,https://dm.apac.cms.aldi.cx/is/image/aldiprodapac/product/jpg/scaleWidth/232/adaa7936-b493-48df-a0af-e05b1bceb573/Hooroos%20560g
Small Parrot and Wild Bird Seeds 2kg,$4.99,$0.25 per 100 g,https://dm.apac.cms.aldi.cx/is/image/aldiprodapac/product/jpg/scaleWidth/232/d5757fcc-354b-4074-9bb5-a77dbaee7ee0/Small%20Parrot%20and%20Wild%20Bird%20Seeds%202kg
Baked Beans 4 Pack 220g,$3.99,$0.45 per 100 g,https://dm.apac.cms.aldi.cx/is/image/aldiprodapac/product/jpg/scaleWidth/232/dd57acff-e448-45b3-bb42-34bed96d3186/Baked%20Beans%204%20Pack%20220g
Chicken Breast Schnitzel Parmigiana 4 Pack 600g,$7.99,$13.32 per 1 kg,https://dm.apac.cms.aldi.cx/is/image/aldiprodapac/product/jpg/scaleWidth/232/6b3df7fe-6463-4bd6-a1a3-cae6ae6e9175/Chicken%20Breast%20Schnitzel%20Parmigiana%204%20Pack%20600g
Smoked Hocks,$8.99,$9.99 per 1 kg,https://dm.apac.cms.aldi.cx/is/image/aldiprodapac/product/jpg/scaleWidth/232/9bff457f-6ec4-4e57-8d7a-dab008ce3111/Smoked%20Hocks
Hazelnut & Cocoa Paleo Bars 5 Pack 175g Pack,$4.99,$2.85 per 100 g,https://dm.apac.cms.aldi.cx/is/image/aldiprodapac/product/jpg/scaleWidth/232/e4a4df55-9426-4c81-b960-3d95cbcdd55a/Hazelnut%20%20Cocoa%20Paleo%20Bars%205%20Pack%20175g%20Pack
Vegetable Samosas 285g,$5.99,$2.10 per 100 g,https://dm.apac.cms.aldi.cx/is/image/aldiprodapac/product/jpg/scaleWidth/232/ce41d617-5778-4f1a-aa83-b7d20fddf4b1/Vegetable%20Samosas%20285g
Interdental Pro Toothbrush 2 Pack,$1.89,$0.95 per 1 each,https://dm.apac.cms.aldi.cx/is/image/aldiprodapac/product/jpg/scaleWidth/232/bae47eba-347b-486c-ab11-36354a4ddcb2/Interdental%20Pro%20Toothbrush%202%20Pack
Vodka Soda Double Lemon 10 Pack 330ml,$46.99,,https://dm.apac.cms.aldi.cx/is/image/aldiprodapac/product/jpg/scaleWidth/232/a7e2daa1-4cfc-4eba-84db-a75a279821cb/Vodka%20Soda%20Double%20Lemon%2010%20Pack%20330ml
Condoms Original 10 Pack,$10.99,$1.10 per 1 each,https://dm.apac.cms.aldi.cx/is/image/aldiprodapac/product/jpg/scaleWidth/232/01762702-0725-4dc7-bf7d-44bb9cecb069/Condoms%20Original%2010%20Pack
Beef Brisket,$17.45,$17.99 per 1 kg,https://dm.apac.cms.aldi.cx/is/image/aldiprodapac/product/jpg/scaleWidth/232/95ee217f-d76b-49c3-aebd-892e48c46720/Beef%20Brisket
Pepita Seeds 125g,$1.49,$11.92 per 1 kg,https://dm.apac.cms.aldi.cx/is/image/aldiprodapac/product/jpg/scaleWidth/232/4230a28f-b272-4c02-ae74-8c5b596a670f/Pepita%20Seeds%20125g
Roasted & Salted Cashews 200g,$4.49,$22.45 per 1 kg,https://dm.apac.cms.aldi.cx/is/image/aldiprodapac/product/jpg/scaleWidth/232/08fddfc1-fda7-4dfb-aaf6-d3709f3ded6c/Roasted%20%20Salted%20Cashews%20200g
Prosciutto Sliced 100g,$4.99,$49.90 per 1 kg,https://dm.apac.cms.aldi.cx/is/image/aldiprodapac/product/jpg/scaleWidth/232/170282fc-c5fa-4ac1-905a-8c31b238f90d/Prosciutto%20Sliced%20100g
Cholesterol Lowering Original 500g,$4.09,$0.82 per 100 g,https://dm.apac.cms.aldi.cx/is/image/aldiprodapac/product/jpg/scaleWidth/232/37252b28-34ee-4cf1-a373-f2e68ab13e3d/Cholesterol%20Lowering%20Original%20500g
Qualita Oro Coffee Beans 1kg,$31.99,$3.20 per 100 g,https://dm.apac.cms.aldi.cx/is/image/aldiprodapac/product/jpg/scaleWidth/232/a9cb9b6b-0216-4781-9506-1e13842621c9/Qualita%20Oro%20Coffee%20Beans%201kg
Garden Hand Tools,$5.99,,https://dm.apac.cms.aldi.cx/is/image/aldiprodapac/product/jpg/scaleWidth/232/a9636272-8b49-4539-80b0-18792e920504/Garden%20Hand%20Tools
Cookies & Cr√®me Biscuits 128g,$1.29,$1.01 per 100 g,https://dm.apac.cms.aldi.cx/is/image/aldiprodapac/product/jpg/scaleWidth/232/d454d710-13d0-412e-8266-4f4c1e360ae3/Cookies%20%20Crme%20Biscuits%20128g
Apple Mango Juice 2L,$5.49,$2.75 per 1 L,https://dm.apac.cms.aldi.cx/is/image/aldiprodapac/product/jpg/scaleWidth/232/90b289f3-822a-42db-a39f-3a5f056acb45/Apple%20Mango%20Juice%202L
Margaret River Cabernet Sauvignon 750ml,$10.99,,https://dm.apac.cms.aldi.cx/is/image/aldiprodapac/product/jpg/scaleWidth/232/54ab6974-fa08-4d25-b84d-cc8380a73598/Margaret%20River%20Cabernet%20Sauvignon%20750ml
Organic Chick Peas 425g,$1.49,$3.51 per 1 kg,https://dm.apac.cms.aldi.cx/is/image/aldiprodapac/product/jpg/scaleWidth/232/236d9c8f-819a-4d6b-8403-bb178ca14274/Organic%20Chick%20Peas%20425g
Fresh Hokkien Noodles 450g,$2.49,$0.55 per 100 g,https://dm.apac.cms.aldi.cx/is/image/aldiprodapac/product/jpg/scaleWidth/232/ea51d8e4-c7d5-42a1-96e1-f40d90365ced/Fresh%20Hokkien%20Noodles%20450g
Retractable Garden Hose 20m,$49.99,,https://dm.apac.cms.aldi.cx/is/image/aldiprodapac/product/jpg/scaleWidth/232/dda18120-63ca-4fdf-befb-d598fa2b3b54/Retractable%20Garden%20Hose%2020m
Dog Treat Straps 500g,$4.99,$1.00 per 100 g,https://dm.apac.cms.aldi.cx/is/image/aldiprodapac/product/jpg/scaleWidth/232/bd2ab34e-b837-4d44-aaf2-a0e76163b920/Dog%20Treat%20Straps%20500g
Finish Quantum Dishwashing Tablets Lemon 72 Pack,$29.99,,https://dm.apac.cms.aldi.cx/is/image/aldiprodapac/product/jpg/scaleWidth/232/34744d10-1e70-4608-b72a-65cfd7d9219d/Finish%20Quantum%20Dishwashing%20Tablets%20Lemon%2072%20Pack
Vanilla Slice Flavoured Gin Liqueur 700mL,$34.99,,https://dm.apac.cms.aldi.cx/is/image/aldiprodapac/product/jpg/scaleWidth/232/b835c00f-61ce-4180-bb1e-42036c06838c/Vanilla%20Slice%20Flavoured%20Gin%20Liqueur%20700mL
Assorted Dog Food 85g,$0.99,$1.16 per 100 g,https://dm.apac.cms.aldi.cx/is/image/aldiprodapac/product/jpg/scaleWidth/232/ec8e06fa-285f-48e3-a855-a32e8c1dcd65/Assorted%20Dog%20Food%2085g
Caviar Illumination Day Cream 50ml,$19.99,$39.98 per 100 ml,https://dm.apac.cms.aldi.cx/is/image/aldiprodapac/product/jpg/scaleWidth/232/d821843b-d843-43fe-b735-de65c446e87d/Caviar%20Illumination%20Day%20Cream%2050ml
Biltong Chilli 100g,$7.99,$79.90 per 1 kg,https://dm.apac.cms.aldi.cx/is/image/aldiprodapac/product/jpg/scaleWidth/232/34f61c51-7c3c-4ef5-b6bb-154d70e9c6f3/Biltong%20Chilli%20100g
Advanced Clean Laundry Liquid 2L,$11.49,$5.75 per 1 L,https://dm.apac.cms.aldi.cx/is/image/aldiprodapac/product/jpg/scaleWidth/232/77cd1f95-faca-4b9a-933e-73ff9f6592ca/Advanced%20Clean%20Laundry%20Liquid%202L
Bi-Carb Soda 500g,$2.39,$0.48 per 100 g,https://dm.apac.cms.aldi.cx/is/image/aldiprodapac/product/jpg/scaleWidth/232/e374f8e0-81b0-4ac8-b2ca-0ff4ca14e510/BiCarb%20Soda%20500g
Vacuum Food Sealer,$39.99,,https://dm.apac.cms.aldi.cx/is/image/aldiprodapac/product/jpg/scaleWidth/232/68177144-86fa-4aa5-b60e-9f0732c71c71/Vacuum%20Food%20Sealer
Ferrero Rocher 200g,$9.49,$4.75 per 100 g,https://dm.apac.cms.aldi.cx/is/image/aldiprodapac/product/jpg/scaleWidth/232/600bdeb4-31e2-43e1-be51-0f0bad84e50a/Ferrero%20Rocher%20200g
Maltesers Fun Size Share Pack Chocolate 11 Pack 132g,$4.99,$3.78 per 100 g,https://dm.apac.cms.aldi.cx/is/image/aldiprodapac/product/jpg/scaleWidth/232/8c23b829-73fe-4222-a621-da5d5f8034ec/Maltesers%20Fun%20Size%20Share%20Pack%20Chocolate%2011%20Pack%20132g
Assorted Renew Q10 Anti-Wrinkle Face Care,$9.99,$19.98 per 100 ml,https://dm.apac.cms.aldi.cx/is/image/aldiprodapac/product/jpg/scaleWidth/232/3cbeea0f-b009-4a0b-86f2-25f61a1f4466/Assorted%20Renew%20Q10%20AntiWrinkle%20Face%20Care
Moo Box - Chocolate Flavoured Milk 6 Pack 200ml,$4.89,$4.08 per 1 L,https://dm.apac.cms.aldi.cx/is/image/aldiprodapac/product/jpg/scaleWidth/232/641ea67c-b0a2-4151-b7eb-1cc5a21fbd6d/Moo%20Box%20%20Chocolate%20Flavoured%20Milk%206%20Pack%20200ml
Mentos Mint Roll 37.5g,$1.39,$3.70 per 100 g,https://dm.apac.cms.aldi.cx/is/image/aldiprodapac/product/jpg/scaleWidth/232/d0d1a1e2-420b-49fc-a776-5f6d3cf6afa5/Mentos%20Mint%20Roll%2037.5g
Affogato Ice Cream 4 Pack 400ml,$7.99,$2.00 per 100 ml,https://dm.apac.cms.aldi.cx/is/image/aldiprodapac/product/jpg/scaleWidth/232/dab05cb6-4157-410f-b997-bbc1159fbf66/Affogato%20Ice%20Cream%204%20Pack%20400ml
Assorted Halloween Sharepack 230-300g,$5.99,$2.60 per 100 g,https://dm.apac.cms.aldi.cx/is/image/aldiprodapac/product/jpg/scaleWidth/232/d74f3d15-ad4e-4ada-a0d5-16086addbe77/Assorted%20Halloween%20Sharepack%20230300g
Fruitism Tropical Smoothie 1L,$4.49,$4.49 per 1 L,https://dm.apac.cms.aldi.cx/is/image/aldiprodapac/product/jpg/scaleWidth/232/43b855ed-ff11-4856-ae31-1322710781c4/Fruitism%20Tropical%20Smoothie%201L
Assorted Cabinet Light with Twilight Sensor,$9.99,,https://dm.apac.cms.aldi.cx/is/image/aldiprodapac/product/jpg/scaleWidth/232/94421a00-8974-47c7-8aef-930fb1a0bd00/Assorted%20Cabinet%20Light%20with%20Twilight%20Sensor
Creamy Style Corn Relish Dip 200g,$2.39,$1.20 per 100 g,https://dm.apac.cms.aldi.cx/is/image/aldiprodapac/product/jpg/scaleWidth/232/9633329a-36c7-4b3e-8a13-5c47dd5a08b0/Creamy%20Style%20Corn%20Relish%20Dip%20200g
Plat-A-Pops Rainbow 8 Pack 560ml,$4.99,$0.89 per 100 ml,https://dm.apac.cms.aldi.cx/is/image/aldiprodapac/product/jpg/scaleWidth/232/0057d154-b4da-4cc0-8b88-c7ae08a35bd3/PlatAPops%20Rainbow%208%20Pack%20560ml
Peri Peri Flavoured Mayonnaise 252g,$1.99,$0.79 per 100 g,https://dm.apac.cms.aldi.cx/is/image/aldiprodapac/product/jpg/scaleWidth/232/f8abf8c4-feca-4655-99ae-6dcde36f3454/Peri%20Peri%20Flavoured%20Mayonnaise%20252g
Beef Porterhouse Steak,$23.48,$27.49 per 1 kg,https://dm.apac.cms.aldi.cx/is/image/aldiprodapac/product/jpg/scaleWidth/232/9a134b47-cf30-4ee7-aba2-54eacc741496/Beef%20Porterhouse%20Steak
3 in 1 Hair Mask 400ml,$4.99,$1.25 per 100 ml,https://dm.apac.cms.aldi.cx/is/image/aldiprodapac/product/jpg/scaleWidth/232/3c0eb3c4-5dda-4214-8c4e-5af9fca6b704/3%20in%201%20Hair%20Mask%20400ml
Beef Chuck Casserole,$16.99,$16.99 per 1 kg,https://dm.apac.cms.aldi.cx/is/image/aldiprodapac/product/jpg/scaleWidth/232/c32e57a1-d5ae-4f79-a1fe-553dae6f0021/Beef%20Chuck%20Casserole
Premium Fig Jam 360g,$2.99,$0.83 per 100 g,https://dm.apac.cms.aldi.cx/is/image/aldiprodapac/product/jpg/scaleWidth/232/8ec4b91c-5c23-4622-b293-c7f175a91889/Premium%20Fig%20Jam%20360g
Prawn Gyoza 750g,$11.99,$1.60 per 100 g,https://dm.apac.cms.aldi.cx/is/image/aldiprodapac/product/jpg/scaleWidth/232/ba73c4ff-2471-4f25-b308-6cee1d981ba0/Prawn%20Gyoza%20750g
Afourer Mandarins 750g,$3.79,$5.05 per 1 kg,https://dm.apac.cms.aldi.cx/is/image/aldiprodapac/product/jpg/scaleWidth/232/cd128892-f83c-4bc0-b3b4-ba07e7c7bfb7/Afourer%20Mandarins%20750g
Choco & Biscuit Cookies ‚Äôn‚Äô Cr√®me 300g,$6.99,$2.33 per 100 g,https://dm.apac.cms.aldi.cx/is/image/aldiprodapac/product/jpg/scaleWidth/232/307ba648-80ad-412e-b747-100fc22123e6/Choco%20%20Biscuit%20Cookies%20n%20Crme%20300g
Dry Shampoo 250ml,$9.49,$6.46 per 100 g,https://dm.apac.cms.aldi.cx/is/image/aldiprodapac/product/jpg/scaleWidth/232/3cf585a1-0b7e-4b79-b262-17a88095b404/Dry%20Shampoo%20250ml
Blackberries 170g,$4.49,$26.41 per 1 kg,https://dm.apac.cms.aldi.cx/is/image/aldiprodapac/product/jpg/scaleWidth/232/3dde6614-7daf-43ff-abc1-7f2c6f96d119/Blackberries%20170g
Cheese Kransky 300g,$4.99,$16.63 per 1 kg,https://dm.apac.cms.aldi.cx/is/image/aldiprodapac/product/jpg/scaleWidth/232/bcec595b-2dea-456a-83d3-29971df79c99/Cheese%20Kransky%20300g
Large White Wraps 8 Pack 560g,$3.69,$0.66 per 100 g,https://dm.apac.cms.aldi.cx/is/image/aldiprodapac/product/jpg/scaleWidth/232/549f70f4-2530-49dc-961d-ae458026485f/Large%20White%20Wraps%208%20Pack%20560g
Silver Scoop Choc Chip 2L,$5.49,$0.27 per 100 ml,https://dm.apac.cms.aldi.cx/is/image/aldiprodapac/product/jpg/scaleWidth/232/aa518f4b-9e1f-4846-9baf-2649cad776be/Silver%20Scoop%20Choc%20Chip%202L
Lemon & Herb Marinated Chicken Thigh Steaks 500g,$8.99,$17.98 per 1 kg,https://dm.apac.cms.aldi.cx/is/image/aldiprodapac/product/jpg/scaleWidth/232/870d184a-7949-48d9-9309-b05c18823ab0/Lemon%20%20Herb%20Marinated%20Chicken%20Thigh%20Steaks%20500g
Chocolate Stampede 12 Pack,$5.89,$0.49 per 100 g,https://dm.apac.cms.aldi.cx/is/image/aldiprodapac/product/jpg/scaleWidth/232/bf52425a-cf55-415a-b9b5-e8c1367212aa/Chocolate%20Stampede%2012%20Pack
Assorted Fabric Softener Concentrate Fresh Jasmine 250ml,$1.29,$5.16 per 1 L,https://dm.apac.cms.aldi.cx/is/image/aldiprodapac/product/jpg/scaleWidth/232/5c1d3327-8c27-4b84-86c0-928e9d03cf03/Assorted%20Fabric%20Softener%20Concentrate%20Fresh%20Jasmine%20250ml
Greek Style Pot Set Yogurt 1kg,$5.99,$0.60 per 100 g,https://dm.apac.cms.aldi.cx/is/image/aldiprodapac/product/jpg/scaleWidth/232/8200baea-3100-455d-af9e-2ff2bc4a9592/Greek%20Style%20Pot%20Set%20Yogurt%201kg
Aloe Vera Gel 250ml,$4.99,$2.00 per 100 ml,https://dm.apac.cms.aldi.cx/is/image/aldiprodapac/product/jpg/scaleWidth/232/d930b7b6-b23e-4c91-ba26-c59d032fa1b7/Aloe%20Vera%20Gel%20250ml
Pork and Beef Meatballs 420g,$5.49,$13.07 per 1 kg,https://dm.apac.cms.aldi.cx/is/image/aldiprodapac/product/jpg/scaleWidth/232/f6021283-9286-4267-aaef-d5454b20735c/Pork%20and%20Beef%20Meatballs%20420g
Supplement Powders,$19.99,$6.66 per 100 g,https://dm.apac.cms.aldi.cx/is/image/aldiprodapac/product/jpg/scaleWidth/232/d69ad7a6-6cff-4416-a023-6ab7ab1a5c85/Supplement%20Powders
Assorted Toilet Blocks 2 Pack 2 x 50g,$1.89,$1.89 per 100 g,https://dm.apac.cms.aldi.cx/is/image/aldiprodapac/product/jpg/scaleWidth/232/420b45b8-f90b-4a2a-ab5b-6a16cc6e75d9/Assorted%20Toilet%20Blocks%202%20Pack%202%20x%2050g
White Chocolate Liqueur 700ml,$15.99,,https://dm.apac.cms.aldi.cx/is/image/aldiprodapac/product/jpg/scaleWidth/232/63e7b19c-5d91-485a-a1b4-ddee11247912/White%20Chocolate%20Liqueur%20700ml
Brie 500g,$10.99,$21.98 per 1 kg,https://dm.apac.cms.aldi.cx/is/image/aldiprodapac/product/jpg/scaleWidth/232/c67786a8-cc3b-47f5-a492-4bd9634f7da6/Brie%20500g
Bravo Apples 750g,$4.99,$6.65 per 1 kg,https://dm.apac.cms.aldi.cx/is/image/aldiprodapac/product/jpg/scaleWidth/232/2ad49bcc-2bdd-4dc2-9bc5-e83234011a61/Bravo%20Apples%20750g
Dark Chocolate Block 200g,$4.99,$2.50 per 100 g,https://dm.apac.cms.aldi.cx/is/image/aldiprodapac/product/jpg/scaleWidth/232/e5422ea0-5b54-4c5c-a3da-f22e7e544613/Dark%20Chocolate%20Block%20200g
Panko Breadcrumbs 200g,$1.99,$1.00 per 100 g,https://dm.apac.cms.aldi.cx/is/image/aldiprodapac/product/jpg/scaleWidth/232/70251ac1-ff56-4777-bf0c-ca59ffd14968/Panko%20Breadcrumbs%20200g
BBQ Pork Ribs 650g,$12.99,$19.98 per 1 kg,https://dm.apac.cms.aldi.cx/is/image/aldiprodapac/product/jpg/scaleWidth/232/063b2845-87ae-47a5-8a44-07c93c06a16f/BBQ%20Pork%20Ribs%20650g
Tuna Chunks in Oil 185g,$1.69,$9.14 per 1 kg,https://dm.apac.cms.aldi.cx/is/image/aldiprodapac/product/jpg/scaleWidth/232/3be6f87e-edbc-4b79-97b6-1737185c4154/Tuna%20Chunks%20in%20Oil%20185g
Angus Beef Potato Pies 2 Pack 440g,$4.99,$1.13 per 100 g,https://dm.apac.cms.aldi.cx/is/image/aldiprodapac/product/jpg/scaleWidth/232/96991b65-d593-499a-a1b2-367393203ba5/Angus%20Beef%20Potato%20Pies%202%20Pack%20440g
Work Shirt,$19.99,,https://dm.apac.cms.aldi.cx/is/image/aldiprodapac/product/jpg/scaleWidth/232/b756da5c-cc79-42ee-8bf7-823c0c0b0973/Work%20Shirt
Cottage Pie 200g,$4.29,$2.15 per 100 g,https://dm.apac.cms.aldi.cx/is/image/aldiprodapac/product/jpg/scaleWidth/232/f19ab864-efc0-4839-a8d2-1ec57da72d28/Cottage%20Pie%20200g
Avocado Dip 200g,$2.39,$1.20 per 100 g,https://dm.apac.cms.aldi.cx/is/image/aldiprodapac/product/jpg/scaleWidth/232/74744b69-009b-4997-8c38-b48d30d49be4/Avocado%20Dip%20200g
Free Range Chicken Thigh Fillet Bulk Pack,$17.66,$15.49 per 1 kg,https://dm.apac.cms.aldi.cx/is/image/aldiprodapac/product/jpg/scaleWidth/232/fb0ef478-28c5-4a58-988a-60bf1637f6ca/Free%20Range%20Chicken%20Thigh%20Fillet%20Bulk%20Pack
Espresso and Cappuccino Maker with Grinder,$429.00,,https://dm.apac.cms.aldi.cx/is/image/aldiprodapac/product/jpg/scaleWidth/232/96b95e88-5a7f-4e9c-bd6c-e2cc1abcdb3f/Espresso%20and%20Cappuccino%20Maker%20with%20Grinder
Pop Eye 4 Pack,$3.99,$5.32 per 100 g,https://dm.apac.cms.aldi.cx/is/image/aldiprodapac/product/jpg/scaleWidth/232/ea16e466-024f-4325-86e3-3af89e9cb2c5/Pop%20Eye%204%20Pack
Crystal Cat Litter 2kg,$9.59,$4.80 per 1 kg,https://dm.apac.cms.aldi.cx/is/image/aldiprodapac/product/jpg/scaleWidth/232/16c469d0-758d-4694-8198-63229aab342f/Crystal%20Cat%20Litter%202kg
Hawaiian Family Pizza 500g,$4.49,$0.90 per 100 g,https://dm.apac.cms.aldi.cx/is/image/aldiprodapac/product/jpg/scaleWidth/232/2f755fd8-6197-40f6-8332-5aaa054460c2/Hawaiian%20Family%20Pizza%20500g
Milano Coffee Capsules 16 Pack 124g,$7.99,$0.50 per 1 each,https://dm.apac.cms.aldi.cx/is/image/aldiprodapac/product/jpg/scaleWidth/232/0998e06e-c3dd-4be0-9ac3-2bff80486435/Milano%20Coffee%20Capsules%2016%20Pack%20124g
Smokey Taramosalata 200g,$2.69,$1.35 per 100 g,https://dm.apac.cms.aldi.cx/is/image/aldiprodapac/product/jpg/scaleWidth/232/039bf45b-353f-4ea1-a028-ad75013493f3/Smokey%20Taramosalata%20200g
Satay Chicken Recipe Base 43g,$1.49,$3.47 per 100 g,https://dm.apac.cms.aldi.cx/is/image/aldiprodapac/product/jpg/scaleWidth/232/b0c56186-6baf-428b-a7ad-f6c8b4091f37/Satay%20Chicken%20Recipe%20Base%2043g
Mini Dark Chocolate Bars 5 Pack 200g,$5.49,$2.75 per 100 g,https://dm.apac.cms.aldi.cx/is/content/aldiprodapac/1001860-2_COMING-SOON-GREYSCALE_RGB_OUTLINED_1200x1200
Cola Soft Drink 12x375ml,$8.99,$2.00 per 1 L,https://dm.apac.cms.aldi.cx/is/image/aldiprodapac/product/jpg/scaleWidth/232/1ec67fb1-960d-4fac-9289-a93758e563d5/Cola%20Soft%20Drink%2012x375ml
Honey Soy Chicken Dumplings 600g,$6.99,$1.17 per 100 g,https://dm.apac.cms.aldi.cx/is/image/aldiprodapac/product/jpg/scaleWidth/232/3d39e03d-33f0-4add-a63f-07d007bcb324/Honey%20Soy%20Chicken%20Dumplings%20600g
Pickled Brown Onions 525g,$2.99,$5.70 per 1 kg,https://dm.apac.cms.aldi.cx/is/image/aldiprodapac/product/jpg/scaleWidth/232/be082e38-3ef8-491c-9573-e24abf4d7d89/Pickled%20Brown%20Onions%20525g
Maasdam Portion 260g,$4.99,$19.19 per 1 kg,https://dm.apac.cms.aldi.cx/is/image/aldiprodapac/product/jpg/scaleWidth/232/8ab05a62-2acf-46f0-950a-6367257fa25c/Maasdam%20Portion%20260g
Gochujang 170g,$2.79,$1.64 per 100 g,https://dm.apac.cms.aldi.cx/is/image/aldiprodapac/product/jpg/scaleWidth/232/8e10d4d4-c35f-43bc-9818-e8422521fc32/Gochujang%20170g
Fruity Filled Bars Mixed Berry 6 Pack 225g,$2.79,$1.24 per 100 g,https://dm.apac.cms.aldi.cx/is/image/aldiprodapac/product/jpg/scaleWidth/232/d828d38f-2191-4a2d-9820-8503a8bfe762/Fruity%20Filled%20Bars%20Mixed%20Berry%206%20Pack%20225g
Potjie Pot,$49.99,,https://dm.apac.cms.aldi.cx/is/image/aldiprodapac/product/jpg/scaleWidth/232/fde6d3fb-a1dd-4412-91d7-299891f27d05/Potjie%20Pot
Sundried Tomato Crafted Dip 150g,$2.99,$1.99 per 100 g,https://dm.apac.cms.aldi.cx/is/image/aldiprodapac/product/jpg/scaleWidth/232/aceb606f-3a5d-40e1-aa8a-bb6017649ca8/Sundried%20Tomato%20Crafted%20Dip%20150g
Monastrell 750ml,$7.99,,https://dm.apac.cms.aldi.cx/is/image/aldiprodapac/product/jpg/scaleWidth/232/ca37ec37-8f6a-4507-876e-319b5a0fb6f6/Monastrell%20750ml
Cauliflower Each,$3.49,$3.49 per 1 each,https://dm.apac.cms.aldi.cx/is/image/aldiprodapac/product/jpg/scaleWidth/232/6387e2cd-4b48-48e9-9a30-1b8543431bed/Cauliflower%20Each
Light with Bug Zapper,$16.99,,https://dm.apac.cms.aldi.cx/is/image/aldiprodapac/product/jpg/scaleWidth/232/265c3fb5-7183-46b5-a029-a36dfca66c81/Light%20with%20Bug%20Zapper
French Brie 125g,$3.49,$27.92 per 1 kg,https://dm.apac.cms.aldi.cx/is/image/aldiprodapac/product/jpg/scaleWidth/232/05007bbe-3a5a-4631-b3ba-b8df66908d29/French%20Brie%20125g
Chocolate Peanut Clusters 100g,$2.99,$2.99 per 100 g,https://dm.apac.cms.aldi.cx/is/image/aldiprodapac/product/jpg/scaleWidth/232/e822f818-ddc1-47cf-a701-e73dc14764e1/Chocolate%20Peanut%20Clusters%20100g
Milk Chocolate Block 180g,$3.49,$1.94 per 100 g,https://dm.apac.cms.aldi.cx/is/image/aldiprodapac/product/jpg/scaleWidth/232/8f2606a3-09b7-4a0b-8ba5-205994c9405e/Milk%20Chocolate%20Block%20180g
Salt & Vinegar Tenders 400g,$7.49,$18.73 per 1 kg,https://dm.apac.cms.aldi.cx/is/image/aldiprodapac/product/jpg/scaleWidth/232/0b1219ae-8435-4ef5-8f4f-7225d03a3788/Salt%20%20Vinegar%20Tenders%20400g
Soft Fruity White 4L,$9.49,,https://dm.apac.cms.aldi.cx/is/image/aldiprodapac/product/jpg/scaleWidth/232/a19b0a4c-04b2-4025-a5af-84ed9c7eb32a/Soft%20Fruity%20White%204L
White Chocolate Bits 250g,$5.49,$2.20 per 100 g,https://dm.apac.cms.aldi.cx/is/image/aldiprodapac/product/jpg/scaleWidth/232/e70cfe19-37c8-4917-b096-34ed45169415/White%20Chocolate%20Bits%20250g
Kids Chewable Tablet,$6.69,$0.56 per 1 each,https://dm.apac.cms.aldi.cx/is/image/aldiprodapac/product/jpg/scaleWidth/232/420a595e-25bd-4676-8e99-1afadd2e9b7c/Kids%20Chewable%20Tablet
Honey Mustard Simmer Sauce 485g,$1.89,$0.39 per 100 g,https://dm.apac.cms.aldi.cx/is/image/aldiprodapac/product/jpg/scaleWidth/232/6f86f2ec-b6be-4bb0-a413-ea085215038a/Honey%20Mustard%20Simmer%20Sauce%20485g
Assorted Deluxe Nut Mixes 500g,$9.49,$18.98 per 1 kg,https://dm.apac.cms.aldi.cx/is/image/aldiprodapac/product/jpg/scaleWidth/232/12a702be-c8ea-416a-8c14-7e669844de18/Assorted%20Deluxe%20Nut%20Mixes%20500g
Antibacterial Foaming Hand Wash 2L,$5.99,$0.30 per 100 ml,https://dm.apac.cms.aldi.cx/is/image/aldiprodapac/product/jpg/scaleWidth/232/baf15b40-a3f7-4f20-a765-8e629fde1b94/Antibacterial%20Foaming%20Hand%20Wash%202L
Whole Butternut Pumpkins Loose,$2.49/1 kg,$2.49 per 1 kg,https://dm.apac.cms.aldi.cx/is/image/aldiprodapac/product/jpg/scaleWidth/232/375ee2c1-ac86-4cbc-a5be-44620368448c/Whole%20Butternut%20Pumpkins%20Loose
Mini Choc Chip Muffins 8 Pack,$3.99,$1.25 per 100 g,https://dm.apac.cms.aldi.cx/is/content/aldiprodapac/1001860-2_COMING-SOON-GREYSCALE_RGB_OUTLINED_1200x1200
Kaleslaw Salad Kit 350g,$4.99,$14.26 per 1 kg,https://dm.apac.cms.aldi.cx/is/image/aldiprodapac/product/jpg/scaleWidth/232/3a78046e-bdb2-43da-ac49-0f859cb0df35/Kaleslaw%20Salad%20Kit%20350g
Cowboy Mix 500g,$7.49,$14.98 per 1 kg,https://dm.apac.cms.aldi.cx/is/image/aldiprodapac/product/jpg/scaleWidth/232/904c35f1-146c-486d-ae0a-fc6c526f1857/Cowboy%20Mix%20500g
Thai Style Marinated Pork Loin,$13.59,$16.99 per 1 kg,https://dm.apac.cms.aldi.cx/is/image/aldiprodapac/product/jpg/scaleWidth/232/f9caba83-9068-492b-b60f-da1cc9a822f0/Thai%20Style%20Marinated%20Pork%20Loin
Iodised Sea Salt Grinder 110g,$3.69,$0.34 per 10 g,https://dm.apac.cms.aldi.cx/is/image/aldiprodapac/product/jpg/scaleWidth/232/56d31a22-28ab-494c-b515-aa2a46999fbe/Iodised%20Sea%20Salt%20Grinder%20110g
Automatic Dishwashing Powder 1kg,$3.69,$0.37 per 100 g,https://dm.apac.cms.aldi.cx/is/image/aldiprodapac/product/jpg/scaleWidth/232/b6dfc46e-3081-428b-9fc8-bf8697a8a0d1/Automatic%20Dishwashing%20Powder%201kg
Laundry Liquid 2L,$1.99,$1.00 per 1 L,https://dm.apac.cms.aldi.cx/is/image/aldiprodapac/product/jpg/scaleWidth/232/339e7d6e-1c3e-4a0c-91db-73433a2136d1/Laundry%20Liquid%202L
Women's Gardening Trousers,$24.99,,https://dm.apac.cms.aldi.cx/is/image/aldiprodapac/product/jpg/scaleWidth/232/d1954d17-f08c-4c2f-9c98-849eb709807d/Womens%20Gardening%20Trousers
Regular or Long Liners,$1.89,$0.04 per 1 each,https://dm.apac.cms.aldi.cx/is/image/aldiprodapac/product/jpg/scaleWidth/232/a8ecf66a-995b-45f4-8183-0c5338c35ee2/Regular%20or%20Long%20Liners
Mesh Sponge Scourer Non Scratch 5 Pack,$2.49,$0.50 per 1 each,https://dm.apac.cms.aldi.cx/is/image/aldiprodapac/product/jpg/scaleWidth/232/f32e8d84-e7e1-4eac-9511-07515fe1ef9f/Mesh%20Sponge%20Scourer%20Non%20Scratch%205%20Pack
Brown Cup Mushrooms 200g,$4.99,$24.95 per 1 kg,https://dm.apac.cms.aldi.cx/is/image/aldiprodapac/product/jpg/scaleWidth/232/c0d0c7dd-3b54-4879-bde4-47baba9e2d54/Brown%20Cup%20Mushrooms%20200g
Classic Glaze Balsamic Vinegar of Modena 250ml,$4.49,$1.80 per 100 ml,https://dm.apac.cms.aldi.cx/is/image/aldiprodapac/product/jpg/scaleWidth/232/d6f6c91b-f40d-43d3-9a40-a9e363665825/Classic%20Glaze%20Balsamic%20Vinegar%20of%20Modena%20250ml
Dry Roasted Mixed Nuts 400g,$10.99,$27.48 per 1 kg,https://dm.apac.cms.aldi.cx/is/image/aldiprodapac/product/jpg/scaleWidth/232/e0394781-1bbf-4528-a0af-dced50b8d3a2/Dry%20Roasted%20Mixed%20Nuts%20400g
Passionfruit Sorbet 4 Pack 400ml,$5.99,$1.50 per 100 ml,https://dm.apac.cms.aldi.cx/is/image/aldiprodapac/product/jpg/scaleWidth/232/f349a454-10a8-40fd-87e1-daa003c660bf/Passionfruit%20Sorbet%204%20Pack%20400ml
Teriyaki Biltong Slices 100g,$7.99,$79.90 per 1 kg,https://dm.apac.cms.aldi.cx/is/image/aldiprodapac/product/jpg/scaleWidth/232/6dc07897-c346-4792-b937-f7ef9eaf773f/Teriyaki%20Biltong%20Slices%20100g
Chicken Kiev 320g,$5.79,$1.81 per 100 g,https://dm.apac.cms.aldi.cx/is/image/aldiprodapac/product/jpg/scaleWidth/232/88036e85-3408-439b-81ac-881877dbf1f5/Chicken%20Kiev%20320g
Delightful Chocolate Waves Caramel 125g,$4.99,$3.99 per 100 g,https://dm.apac.cms.aldi.cx/is/image/aldiprodapac/product/jpg/scaleWidth/232/29250799-e9b0-459d-a11c-abb644bf6a9d/Delightful%20Chocolate%20Waves%20Caramel%20125g
Soda Water 1.25L,$1.09,$0.87 per 1 L,https://dm.apac.cms.aldi.cx/is/image/aldiprodapac/product/jpg/scaleWidth/232/afe4ca54-ac9e-4d28-b11b-2cf5f578b3fc/Soda%20Water%201.25L
Size 1 Nappies Newborn Up to 5kg 28 Pack,$4.89,$0.17 per 1 each,https://dm.apac.cms.aldi.cx/is/image/aldiprodapac/product/jpg/scaleWidth/232/29fa5b69-5c3b-4ee5-91ac-b60c6f7aa76b/Size%201%20Nappies%20Newborn%20Up%20to%205kg%2028%20Pack
Baby Cucumbers 250g,$2.79,$11.16 per 1 kg,https://dm.apac.cms.aldi.cx/is/image/aldiprodapac/product/jpg/scaleWidth/232/2a8e5500-8ed9-49b3-9782-9d660a88de08/Baby%20Cucumbers%20250g
Sesame Seeds 60g,$3.99,$0.67 per 10 g,https://dm.apac.cms.aldi.cx/is/image/aldiprodapac/product/jpg/scaleWidth/232/fb95e2fe-80d3-4cd0-96fc-f6de6776a5b8/Sesame%20Seeds%2060g
Cage Eggs 600g,$5.29,$0.88 per 100 g,https://dm.apac.cms.aldi.cx/is/image/aldiprodapac/product/jpg/scaleWidth/232/48369526-6bd5-4227-9dfc-58797a5d1a7c/Cage%20Eggs%20600g
Whiskey 700ml,$53.99,,https://dm.apac.cms.aldi.cx/is/image/aldiprodapac/product/jpg/scaleWidth/232/58afe96a-9bdb-4dcf-a3dc-5997a4f8044e/Whiskey%20700ml
Liqueur Cakes 400g,$5.49,$1.37 per 100 g,https://dm.apac.cms.aldi.cx/is/image/aldiprodapac/product/jpg/scaleWidth/232/2b7cc009-74f1-4775-9c3d-7f31bdf31e2d/Liqueur%20Cakes%20400g
Slider Bags 25 Pack,$2.59,$0.10 per 1 each,https://dm.apac.cms.aldi.cx/is/image/aldiprodapac/product/jpg/scaleWidth/232/dbdb73ed-f315-4f41-b50d-1820867f1a4d/Slider%20Bags%2025%20Pack
Fruit & Nut Block 110g,$2.99,$2.72 per 100 g,https://dm.apac.cms.aldi.cx/is/image/aldiprodapac/product/jpg/scaleWidth/232/a995aaa9-cae6-4d15-9fdb-9ef0bf915f74/Fruit%20%20Nut%20Block%20110g
Assorted Fabric Softener 2L,$2.69,$1.35 per 1 L,https://dm.apac.cms.aldi.cx/is/image/aldiprodapac/product/jpg/scaleWidth/232/20febb12-4753-4fdc-bbef-409a3a6c42e6/Assorted%20%20Fabric%20Softener%202L
Size 3 Nappies 6-11kg 56 Pack,$11.49,$0.21 per 1 each,https://dm.apac.cms.aldi.cx/is/image/aldiprodapac/product/jpg/scaleWidth/232/d1919deb-505f-443e-8ba6-10187482bcd9/Size%203%20Nappies%20611kg%2056%20Pack
Cayenne Chillies 50g,$2.99,$0.60 per 10 g,https://dm.apac.cms.aldi.cx/is/image/aldiprodapac/product/jpg/scaleWidth/232/05c52796-0a95-42d1-8716-e9f69de9f87a/Cayenne%20Chillies%2050g
Slow Cooked Beef Ragu 500g,$9.99,$19.98 per 1 kg,https://dm.apac.cms.aldi.cx/is/image/aldiprodapac/product/jpg/scaleWidth/232/47a404db-62ca-4f73-81a5-f0a0ba501e39/Slow%20Cooked%20Beef%20Ragu%20500g
Strong Hold Hair Spray 400g,$4.29,$1.07 per 100 g,https://dm.apac.cms.aldi.cx/is/image/aldiprodapac/product/jpg/scaleWidth/232/1842cdfd-ce73-490a-a168-a744b626c671/Strong%20Hold%20Hair%20Spray%20400g
Beer Batter Shoestring Fries 750g,$3.99,$5.32 per 1 kg,https://dm.apac.cms.aldi.cx/is/image/aldiprodapac/product/jpg/scaleWidth/232/00c53331-9e05-4318-89fb-f2c1c09c1292/Beer%20Batter%20Shoestring%20Fries%20750g
Assorted Decorative Hanging Light,$9.99,,https://dm.apac.cms.aldi.cx/is/image/aldiprodapac/product/jpg/scaleWidth/232/348a5939-f32e-4851-9265-2bc2f386ab1a/Assorted%20Decorative%20Hanging%20Light
Chicken Multipack 6 Pack 108g,$3.99,$3.69 per 100 g,https://dm.apac.cms.aldi.cx/is/image/aldiprodapac/product/jpg/scaleWidth/232/5204f2f2-8099-4432-b7b2-401d1aab96cb/Chicken%20Multipack%206%20Pack%20108g
Zucchini Loose,$1.10/0.2 kg,$5.49 per 1 kg,https://dm.apac.cms.aldi.cx/is/image/aldiprodapac/product/jpg/scaleWidth/232/c3bff4ae-3496-4655-bed7-cf14503c218f/Zucchini%20Loose
Mini Licks Vanilla Bean 6 Pack 378ml,$7.99,$2.11 per 100 ml,https://dm.apac.cms.aldi.cx/is/image/aldiprodapac/product/jpg/scaleWidth/232/eb269bc4-b416-4981-9bdf-755bad786f90/Mini%20Licks%20Vanilla%20Bean%206%20Pack%20378ml
Long-life Grated Parmesan Cheese 100g,$1.99,$19.90 per 1 kg,https://dm.apac.cms.aldi.cx/is/image/aldiprodapac/product/jpg/scaleWidth/232/6193e274-4dca-4b5f-a035-236cd4c4bee3/Longlife%20Grated%20Parmesan%20Cheese%20100g
Raspberry Bullets Milk Chocolate Coated 200g,$2.59,$1.30 per 100 g,https://dm.apac.cms.aldi.cx/is/image/aldiprodapac/product/jpg/scaleWidth/232/26289ab6-3136-4e79-94b2-e36691d25b6c/Raspberry%20Bullets%20Milk%20Chocolate%20Coated%20200g
Silver Scoop Neapolitan 2L,$5.49,$0.27 per 100 ml,https://dm.apac.cms.aldi.cx/is/image/aldiprodapac/product/jpg/scaleWidth/232/931540b1-6fcf-4d25-904a-0ea29d55a0e9/Silver%20Scoop%20Neapolitan%202L
Spring Roll Pastry 250g,$1.99,$0.80 per 100 g,https://dm.apac.cms.aldi.cx/is/image/aldiprodapac/product/jpg/scaleWidth/232/bc97b96e-6168-4b9f-847e-c32f02133520/Spring%20Roll%20Pastry%20250g
Assorted Extra Pads,$4.49,$0.32 per 1 each,https://dm.apac.cms.aldi.cx/is/image/aldiprodapac/product/jpg/scaleWidth/232/30177613-c4c2-4434-bb53-8f564c6d4b9b/Assorted%20Extra%20Pads
Coke Coca Cola Soft Drink 600ml,$3.99,$6.65 per 1 L,https://dm.apac.cms.aldi.cx/is/image/aldiprodapac/product/jpg/scaleWidth/232/aa57968d-26c3-44dd-8dfa-752d343337f9/Coke%20Coca%20Cola%20Soft%20Drink%20600ml
Greek Style Fetta 200g,$2.89,$14.45 per 1 kg,https://dm.apac.cms.aldi.cx/is/image/aldiprodapac/product/jpg/scaleWidth/232/6b78572b-72f4-4bf8-9070-dbb089b5b953/Greek%20Style%20Fetta%20200g
Baking Paper,$10.99,,https://dm.apac.cms.aldi.cx/is/image/aldiprodapac/product/jpg/scaleWidth/232/a03fe469-2344-476b-abfe-ebc7c84900ec/Baking%20Paper
Salsa Dip Mild 300g,$1.79,$0.60 per 100 g,https://dm.apac.cms.aldi.cx/is/image/aldiprodapac/product/jpg/scaleWidth/232/030d77b0-6fbb-4180-a56f-f53df47aa7ae/Salsa%20Dip%20Mild%20300g
Soup Noodle Kit Beef Pho 335g,$4.99,$1.49 per 100 g,https://dm.apac.cms.aldi.cx/is/image/aldiprodapac/product/jpg/scaleWidth/232/9f7e5e99-ed17-4b84-b6c7-cfa8a3028f8c/Soup%20Noodle%20Kit%20Beef%20Pho%20335g
Light Tasty Shredded Cheese 500g,$5.99,$11.98 per 1 kg,https://dm.apac.cms.aldi.cx/is/image/aldiprodapac/product/jpg/scaleWidth/232/ef38bcf4-6dee-49c8-b285-8fbc634487ca/Light%20Tasty%20Shredded%20Cheese%20500g
BBQ Gadgets & Accessories,$5.99,,https://dm.apac.cms.aldi.cx/is/image/aldiprodapac/product/jpg/scaleWidth/232/4b07435a-b2e8-4cc3-ba51-444ebd455c45/BBQ%20Gadgets%20%20Accessories
Apple Raspberry Cordial 1L,$2.29,$2.29 per 1 L,https://dm.apac.cms.aldi.cx/is/image/aldiprodapac/product/jpg/scaleWidth/232/948217f8-b5c2-4295-84b5-1031ca5af87d/Apple%20Raspberry%20Cordial%201L
Extra Tasty Cheese & Artisan Crackers 38g,$1.99,$52.37 per 1 kg,https://dm.apac.cms.aldi.cx/is/image/aldiprodapac/product/jpg/scaleWidth/232/5b290ce1-0c09-4119-8a67-5ddf477da0ba/Extra%20Tasty%20Cheese%20%20Artisan%20Crackers%2038g
Cultured Buttermilk 600ml,$2.49,$4.15 per 1 L,https://dm.apac.cms.aldi.cx/is/image/aldiprodapac/product/jpg/scaleWidth/232/741cbc92-d6d9-4cdd-8c93-041b5159207d/Cultured%20Buttermilk%20600ml
Cinnamon Indian Spices 215g,$4.29,$0.20 per 10 g,https://dm.apac.cms.aldi.cx/is/image/aldiprodapac/product/jpg/scaleWidth/232/decff121-6b7a-4af7-a1dd-3dce2ee8fc85/Cinnamon%20Indian%20Spices%20215g
Barn Laid Eggs 18 Pack 900g,$7.99,$0.89 per 100 g,https://dm.apac.cms.aldi.cx/is/image/aldiprodapac/product/jpg/scaleWidth/232/6972da06-fe33-4640-8bd6-0f74604a14cf/Barn%20Laid%20Eggs%2018%20Pack%20900g
Crinkle Cut Multipack 20 Pack 380g,$5.75,$1.51 per 100 g,https://dm.apac.cms.aldi.cx/is/image/aldiprodapac/product/jpg/scaleWidth/232/189911bd-ab65-496d-9d28-8dfb5bce606f/Crinkle%20Cut%20Multipack%2020%20Pack%20380g
Lemon Juice 250ml,$0.95,$0.38 per 100 ml,https://dm.apac.cms.aldi.cx/is/image/aldiprodapac/product/jpg/scaleWidth/232/4e038077-be06-41c0-be65-303381226ebe/Lemon%20Juice%20250ml
Yellowfin Tuna & Kale Quinoa Salad Ready Meal 190g,$3.29,$17.32 per 1 kg,https://dm.apac.cms.aldi.cx/is/image/aldiprodapac/product/jpg/scaleWidth/232/1b4c2b4b-5737-4461-9b43-908bc2d448e5/Yellowfin%20Tuna%20%20Kale%20Quinoa%20Salad%20Ready%20Meal%20190g
Coleslaw Salad 250g,$2.99,$11.96 per 1 kg,https://dm.apac.cms.aldi.cx/is/image/aldiprodapac/product/jpg/scaleWidth/232/c51989c1-466e-4d24-9e19-5329ed6a643f/Coleslaw%20Salad%20250g
Ground Ginger 40g,$2.39,$0.60 per 10 g,https://dm.apac.cms.aldi.cx/is/image/aldiprodapac/product/jpg/scaleWidth/232/d7f00cd4-c2e5-449e-a127-f503ec193d8a/Ground%20Ginger%2040g
Caterers Buttery Spread 1kg,$4.59,$0.46 per 100 g,https://dm.apac.cms.aldi.cx/is/image/aldiprodapac/product/jpg/scaleWidth/232/40e7b4d5-8fc9-4e19-9cd0-f5b5b2972812/Caterers%20Buttery%20Spread%201kg
On The Go Trail Mix 5 Pack 225g,$4.69,$20.84 per 1 kg,https://dm.apac.cms.aldi.cx/is/image/aldiprodapac/product/jpg/scaleWidth/232/f2501307-592d-411d-bfab-0ae31d71d286/On%20The%20Go%20Trail%20Mix%205%20Pack%20225g
Assorted Children's Halloween Costume,$14.99,,https://dm.apac.cms.aldi.cx/is/image/aldiprodapac/product/jpg/scaleWidth/232/98161038-eb24-404d-8cb6-49f30c0a44c7/Assorted%20Childrens%20Halloween%20Costume
BBQ Pulled Pork Quesadillas 2 Pack 300g,$5.99,$2.00 per 100 g,https://dm.apac.cms.aldi.cx/is/image/aldiprodapac/product/jpg/scaleWidth/232/d85e6871-998e-4790-9a2e-43e7f1f88694/BBQ%20Pulled%20Pork%20Quesadillas%202%20Pack%20300g
Mens Styling Matte Shaper 100g,$6.99,$6.99 per 100 g,https://dm.apac.cms.aldi.cx/is/image/aldiprodapac/product/jpg/scaleWidth/232/72f1faba-a4ca-4e6e-8213-2ea1c0ccf0e7/Mens%20Styling%20Matte%20Shaper%20100g
Snickers 2 Pack 64g,$2.19,$3.42 per 100 g,https://dm.apac.cms.aldi.cx/is/image/aldiprodapac/product/jpg/scaleWidth/232/e2bdc0fc-cc6b-4223-97bf-294f6b977fe5/Snickers%202%20Pack%2064g
Paper Towel Double Length 3 Ply 3 Pack,$4.89,$1.36 per 100 sheets,https://dm.apac.cms.aldi.cx/is/image/aldiprodapac/product/jpg/scaleWidth/232/3c0084a8-65c8-4986-b2e0-b731435d43b9/Paper%20Towel%20Double%20Length%203%20Ply%203%20Pack
Milk Chocolate Coated Rice Cakes 150g,$4.99,$3.33 per 100 g,https://dm.apac.cms.aldi.cx/is/image/aldiprodapac/product/jpg/scaleWidth/232/3de66881-17b6-4ff2-8443-18600a009cc1/Milk%20Chocolate%20Coated%20Rice%20Cakes%20150g
Broccoli Loose,$1.25/0.34 kg,$3.69 per 1 kg,https://dm.apac.cms.aldi.cx/is/image/aldiprodapac/product/jpg/scaleWidth/232/7a2e2a41-fb6a-44ca-b368-f09044ad5b5b/Broccoli%20Loose
Yellowfin Tuna Slices Smoke Flavoured In Olive Oil 125g,$2.59,$20.72 per 1 kg,https://dm.apac.cms.aldi.cx/is/image/aldiprodapac/product/jpg/scaleWidth/232/ae27a489-3706-4ffc-b3dc-c7feb1360423/Yellowfin%20Tuna%20Slices%20Smoke%20Flavoured%20In%20Olive%20Oil%20125g
Gourmet Dry Dog Food Beef or Chicken with Vegetables 1.5kg,$8.99,$0.60 per 100 g,https://dm.apac.cms.aldi.cx/is/image/aldiprodapac/product/jpg/scaleWidth/232/9985b424-4bad-416d-866f-d7e5e861c6f5/Gourmet%20Dry%20Dog%20Food%20Beef%20or%20Chicken%20with%20Vegetables%201.5kg
Hot Air Brush,$34.99,,https://dm.apac.cms.aldi.cx/is/image/aldiprodapac/product/jpg/scaleWidth/232/e5a62aaa-e08c-46e6-8820-c0ebb1b99476/Hot%20Air%20Brush
Mini Cookies Triple Choc 8 Pack 180g,$2.35,$1.31 per 100 g,https://dm.apac.cms.aldi.cx/is/image/aldiprodapac/product/jpg/scaleWidth/232/4fe59ba8-a538-4650-88ce-4dcf1b51c108/Mini%20Cookies%20Triple%20Choc%208%20Pack%20180g
Assorted Art Paper Sets,$8.99,,https://dm.apac.cms.aldi.cx/is/image/aldiprodapac/product/jpg/scaleWidth/232/eb5d2908-5f10-4619-9999-ed69a42b0c5c/Assorted%20Art%20Paper%20Sets
Sensitive Total CareToothpaste 110g,$5.99,$5.45 per 100 g,https://dm.apac.cms.aldi.cx/is/image/aldiprodapac/product/jpg/scaleWidth/232/cf7f5bee-bd0c-452b-b017-d766ef1bad93/Sensitive%20Total%20CareToothpaste%20110g
Supreme Pizza Calzones 12 Pack 240g,$4.99,$2.08 per 100 g,https://dm.apac.cms.aldi.cx/is/image/aldiprodapac/product/jpg/scaleWidth/232/1df4e731-485c-4e5f-8702-a9d8f78a4a7b/Supreme%20Pizza%20Calzones%2012%20Pack%20240g
Spinach Thin Crust Vegetarian Pizza 390g,$5.99,$1.54 per 100 g,https://dm.apac.cms.aldi.cx/is/image/aldiprodapac/product/jpg/scaleWidth/232/fc558dc4-deff-431e-9b81-17b512f1172d/Spinach%20Thin%20Crust%20Vegetarian%20Pizza%20390g
Beef Stroganoff Recipe Base175g,$2.49,$1.42 per 100 g,https://dm.apac.cms.aldi.cx/is/image/aldiprodapac/product/jpg/scaleWidth/232/2d264bd6-5f5a-48bb-be5a-78422a639984/Beef%20Stroganoff%20Recipe%20Base175g
Premium Dog Food Meaty Lamb Loaf Style 100g,$0.89,$0.89 per 100 g,https://dm.apac.cms.aldi.cx/is/image/aldiprodapac/product/jpg/scaleWidth/232/4c636807-db9f-45f9-80d1-10477d52ba88/Premium%20Dog%20Food%20Meaty%20Lamb%20Loaf%20Style%20100g
Coconut Vanilla Yogurt 500g,$4.49,$0.90 per 100 g,https://dm.apac.cms.aldi.cx/is/image/aldiprodapac/product/jpg/scaleWidth/232/631ee256-08dc-4581-9cf9-8e803d490a68/Coconut%20Vanilla%20Yogurt%20500g
Sriracha Sauce Hot 450ml,$3.79,$0.84 per 100 ml,https://dm.apac.cms.aldi.cx/is/image/aldiprodapac/product/jpg/scaleWidth/232/0eb9ba55-3a1a-467e-ae69-72351fc8604e/Sriracha%20Sauce%20Hot%20450ml
Beans 375g,$3.49,$9.31 per 1 kg,https://dm.apac.cms.aldi.cx/is/image/aldiprodapac/product/jpg/scaleWidth/232/ca40cd06-bdbc-463b-a3b9-268b0a789911/Beans%20375g
White Seedless Grapes Loose,$13.49/0.9 kg,$14.99 per 1 kg,https://dm.apac.cms.aldi.cx/is/image/aldiprodapac/product/jpg/scaleWidth/232/3057a389-7bc9-463d-a5b6-12a93dd854fe/White%20Seedless%20Grapes%20Loose
Coke Brands Variety Mini Cans 24 Pack 250ml,$23.99,$4.00 per 1 L,https://dm.apac.cms.aldi.cx/is/image/aldiprodapac/product/jpg/scaleWidth/232/224e20d8-88bf-43a4-9581-ac070766838f/Coke%20Brands%20Variety%20Mini%20Cans%2024%20Pack%20250ml
Free Range Chicken Breast Fillets,$7.69,$13.99 per 1 kg,https://dm.apac.cms.aldi.cx/is/image/aldiprodapac/product/jpg/scaleWidth/232/2066c8e7-e9b5-457c-8075-07074848a014/Free%20Range%20Chicken%20Breast%20Fillets
Snakes 520g,$3.99,$0.77 per 100 g,https://dm.apac.cms.aldi.cx/is/image/aldiprodapac/product/jpg/scaleWidth/232/9d6fb288-d669-4a26-b8f9-760d193c354f/Snakes%20520g
Lemon Ice Tea 1.25L,$1.99,$1.59 per 1 L,https://dm.apac.cms.aldi.cx/is/image/aldiprodapac/product/jpg/scaleWidth/232/bfe3dc48-0979-4415-9af8-b00edbfa3a8b/Lemon%20Ice%20Tea%201.25L
Cheese Rings 190g,$2.29,$1.21 per 100 g,https://dm.apac.cms.aldi.cx/is/image/aldiprodapac/product/jpg/scaleWidth/232/66867881-1b07-451e-a2f9-f7e705f00e94/Cheese%20Rings%20190g
Gluten Free Shortbread Cream Biscuits 144g,$3.99,$2.77 per 100 g,https://dm.apac.cms.aldi.cx/is/image/aldiprodapac/product/jpg/scaleWidth/232/b2ed7f7b-e64a-4285-a94d-dcdbe3fa70e8/Gluten%20Free%20Shortbread%20Cream%20Biscuits%20144g
Artisan Style Pumpkin Seed & Parmesan Crispbread 150g,$3.49,$2.33 per 100 g,https://dm.apac.cms.aldi.cx/is/image/aldiprodapac/product/jpg/scaleWidth/232/4457756e-d3c3-461b-9f21-e94ed7b5638f/Artisan%20Style%20Pumpkin%20Seed%20%20Parmesan%20Crispbread%20150g
Australian Sultanas 6 Snack Pack,$2.49,$10.38 per 1 kg,https://dm.apac.cms.aldi.cx/is/image/aldiprodapac/product/jpg/scaleWidth/232/ab0d8a3f-c80f-4cf0-a42f-b847792607ff/Australian%20Sultanas%206%20Snack%20Pack
Admiral's Quarters Original Water Crackers 125g,$0.89,$0.71 per 100 g,https://dm.apac.cms.aldi.cx/is/image/aldiprodapac/product/jpg/scaleWidth/232/02afd7d5-a5dc-4085-841a-5b9d261251ca/Admirals%20Quarters%20Original%20Water%20Crackers%20125g
Meal Replacement Shake 55g,$2.99,$5.44 per 100 g,https://dm.apac.cms.aldi.cx/is/image/aldiprodapac/product/jpg/scaleWidth/232/50076bdb-54cc-4c3a-a7a5-1f0db87ac93c/Meal%20Replacement%20Shake%2055g
Chicken Carbonara 300g,$4.49,$1.50 per 100 g,https://dm.apac.cms.aldi.cx/is/image/aldiprodapac/product/jpg/scaleWidth/232/657c5f8d-75d9-4924-89ac-79b4f3dba501/Chicken%20Carbonara%20300g
Fireball Cinnamon Whisky & Cola 4 Pack 355mL,$14.99,,https://dm.apac.cms.aldi.cx/is/image/aldiprodapac/product/jpg/scaleWidth/232/47026b30-5e7b-401c-8251-610735c79c67/Fireball%20Cinnamon%20Whisky%20%20Cola%204%20Pack%20355mL
Clare Valley Shiraz 2022 750ml,$9.99,,https://dm.apac.cms.aldi.cx/is/image/aldiprodapac/product/jpg/scaleWidth/232/9e757e3e-9abd-41bb-9e39-72b873c69be1/Clare%20Valley%20Shiraz%202022%20750ml
"Ham, Mushroom & Fior di Latte Mozzarella Wood Fired Pizza 420g",$7.99,$1.90 per 100 g,https://dm.apac.cms.aldi.cx/is/image/aldiprodapac/product/jpg/scaleWidth/232/2fca2bbd-7bfe-4cf9-b928-597b72d61a4b/Ham%20Mushroom%20%20Fior%20di%20Latte%20Mozzarella%20Wood%20Fired%20Pizza%20420g
Persimmon Each,$2.49,$2.49 per 1 each,https://dm.apac.cms.aldi.cx/is/image/aldiprodapac/product/jpg/scaleWidth/232/5149d0bf-0102-4ba6-bc38-f7839c16191e/Persimmon%20Each
Passionfruit 6 Pack,$5.49,$0.92 per 1 each,https://dm.apac.cms.aldi.cx/is/image/aldiprodapac/product/jpg/scaleWidth/232/e7b96ee7-9727-4206-ad4e-bdeaaadc9c93/Passionfruit%206%20Pack
2 Star Beef Mince 500g,$5.99,$11.98 per 1 kg,https://dm.apac.cms.aldi.cx/is/image/aldiprodapac/product/jpg/scaleWidth/232/a6f40404-243c-4829-820e-6c6ab4a0af78/2%20Star%20Beef%20Mince%20500g
Street Tacos 10 Pack 300g,$3.29,$1.10 per 100 g,https://dm.apac.cms.aldi.cx/is/image/aldiprodapac/product/jpg/scaleWidth/232/162ac603-dcf5-40f8-bec2-1945da964d2b/Street%20Tacos%2010%20Pack%20300g
Squid Pieces in Ink Oil 115g,$3.99,$34.70 per 1 kg,https://dm.apac.cms.aldi.cx/is/image/aldiprodapac/product/jpg/scaleWidth/232/7bb477a9-23bb-4abc-b6dd-f5eef61e4ce9/Squid%20Pieces%20in%20Ink%20Oil%20115g
Iced Christmas Cake 90g,$2.39,$2.66 per 100 g,https://dm.apac.cms.aldi.cx/is/image/aldiprodapac/product/jpg/scaleWidth/232/f24f04ac-55d9-48b9-a686-a27171aaab06/Iced%20Christmas%20Cake%2090g
Espresso Coffee Capsules 10 Pack,$4.99,$0.50 per 1 each,https://dm.apac.cms.aldi.cx/is/image/aldiprodapac/product/jpg/scaleWidth/232/6f4a7f91-41ff-48b9-9d4b-df5fbd64b53b/Espresso%20Coffee%20Capsules%2010%20Pack
Chocolate Chip Muffins 4 Pack 420g,$3.99,$0.95 per 100 g,https://dm.apac.cms.aldi.cx/is/image/aldiprodapac/product/jpg/scaleWidth/232/4a1a1372-c2f2-4bca-9515-5935d59c6f5b/Chocolate%20Chip%20Muffins%204%20Pack%20420g
Assorted Daily Essentials Face Creams 30+ 50ml,$8.99,$17.98 per 100 ml,https://dm.apac.cms.aldi.cx/is/image/aldiprodapac/product/jpg/scaleWidth/232/4a4fca48-bfc4-4c5e-a941-77552d37fc16/Assorted%20Daily%20Essentials%20Face%20Creams%2030%2050ml
Assorted Bakeware,$19.99,,https://dm.apac.cms.aldi.cx/is/image/aldiprodapac/product/jpg/scaleWidth/232/bace2211-2174-4eb8-a813-ba5d61fd0d6a/Assorted%20Bakeware
English Style Leg Ham 100g,$1.99,$19.90 per 1 kg,https://dm.apac.cms.aldi.cx/is/image/aldiprodapac/product/jpg/scaleWidth/232/d45f0b17-3a44-4515-b1a4-4ca10cfbf0bd/English%20Style%20Leg%20Ham%20100g
Deluxe Cotton Tea Towel,$4.99,,https://dm.apac.cms.aldi.cx/is/image/aldiprodapac/product/jpg/scaleWidth/232/00440824-a18c-4401-840d-3c6869af5722/Deluxe%20Cotton%20Tea%20Towel
White Extra Soft Bread Rolls 6 Pack 450g,$2.69,$0.45 per 1 each,https://dm.apac.cms.aldi.cx/is/image/aldiprodapac/product/jpg/scaleWidth/232/597da4fc-1f10-4efb-963c-fc20d5733919/White%20Extra%20Soft%20Bread%20Rolls%206%20Pack%20450g
Shapes Chicken Crimpy Cracker Biscuits 250g,$3.99,$1.60 per 100 g,https://dm.apac.cms.aldi.cx/is/image/aldiprodapac/product/jpg/scaleWidth/232/c8c452dd-2b37-4216-b649-c30e31d00ab1/Shapes%20Chicken%20Crimpy%20Cracker%20Biscuits%20250g
Supreme Family Pizza 500g,$4.49,$0.90 per 100 g,https://dm.apac.cms.aldi.cx/is/image/aldiprodapac/product/jpg/scaleWidth/232/5d2766ba-4df0-4665-a88b-ec2480bab45f/Supreme%20Family%20Pizza%20500g
Baby Carrots 500g,$1.49,$2.98 per 1 kg,https://dm.apac.cms.aldi.cx/is/image/aldiprodapac/product/jpg/scaleWidth/232/3a65be43-c903-44e3-b1a0-c3a1cee99c4e/Baby%20Carrots%20500g
Extra Virgin Olive Oil Spray 225g,$4.49,$2.00 per 100 g,https://dm.apac.cms.aldi.cx/is/image/aldiprodapac/product/jpg/scaleWidth/232/55fc12fd-a2cd-4db2-8f67-b07b5447bf1e/Extra%20Virgin%20Olive%20Oil%20Spray%20225g
Moo Box - Strawberry Flavoured Milk 6 Pack 200ml,$4.89,$4.08 per 1 L,https://dm.apac.cms.aldi.cx/is/image/aldiprodapac/product/jpg/scaleWidth/232/6842374e-d108-4f4d-ab9b-66919b09a45b/Moo%20Box%20%20Strawberry%20Flavoured%20Milk%206%20Pack%20200ml
Strawberries 500g,$3.99,$7.98 per 1 kg,https://dm.apac.cms.aldi.cx/is/image/aldiprodapac/product/jpg/scaleWidth/232/b9e643a1-1579-4c62-922d-1a6a6f422cc1/Strawberries%20500g
Cookies & Cream Bavarian 450g,$4.99,$1.11 per 100 g,https://dm.apac.cms.aldi.cx/is/image/aldiprodapac/product/jpg/scaleWidth/232/53e6df8e-752b-418d-9510-f4c976bf34be/Cookies%20%20Cream%20Bavarian%20450g
Bubble 'n Squeak 620g,$4.39,$7.08 per 1 kg,https://dm.apac.cms.aldi.cx/is/image/aldiprodapac/product/jpg/scaleWidth/232/a2701fa2-9f9f-439a-9215-57ee6e4d8a79/Bubble%20n%20Squeak%20620g
Living Herbs Dill,$2.99,$2.99 per 1 each,https://dm.apac.cms.aldi.cx/is/image/aldiprodapac/product/jpg/scaleWidth/232/d516e5cc-89f1-4b31-bc4e-399266c916e1/Living%20Herbs%20Dill
Muesli Fruit Free 400g,$4.99,$1.25 per 100 g,https://dm.apac.cms.aldi.cx/is/image/aldiprodapac/product/jpg/scaleWidth/232/6307d6f9-d037-43dd-8df5-573af71b11dc/Muesli%20Fruit%20Free%20400g
Corn Chips Toasted 200g,$2.39,$1.20 per 100 g,https://dm.apac.cms.aldi.cx/is/image/aldiprodapac/product/jpg/scaleWidth/232/baeabf26-a023-4565-8d90-369bf8b27f2b/Corn%20Chips%20Toasted%20200g
Chocolate Flake Frozen Dessert 475 ml,$6.99,$1.47 per 100 ml,https://dm.apac.cms.aldi.cx/is/image/aldiprodapac/product/jpg/scaleWidth/232/b8a28373-d631-4e11-a689-7aa1a8ff8806/Chocolate%20Flake%20Frozen%20Dessert%20475%20ml
Fruit & Nut Muesli 750g,$3.79,$0.51 per 100 g,https://dm.apac.cms.aldi.cx/is/image/aldiprodapac/product/jpg/scaleWidth/232/ac3938db-cf5e-4389-943b-c16c6291610d/Fruit%20%20Nut%20Muesli%20750g
Baby Cucumbers 500g,$6.49,$12.98 per 1 kg,https://dm.apac.cms.aldi.cx/is/image/aldiprodapac/product/jpg/scaleWidth/232/e3fef5bc-ce05-4e60-afee-5ed2c6e4fff7/Baby%20Cucumbers%20500g
Pinot Grigio 750ml,$5.99,,https://dm.apac.cms.aldi.cx/is/image/aldiprodapac/product/jpg/scaleWidth/232/335e3739-eb26-4747-933e-9502773a4880/Pinot%20Grigio%20750ml
Gourmet Sriracha Hommus 200g,$2.69,$1.35 per 100 g,https://dm.apac.cms.aldi.cx/is/image/aldiprodapac/product/jpg/scaleWidth/232/6e1a1286-cee7-460c-b6b5-b6af0b9ccf23/Gourmet%20Sriracha%20Hommus%20200g
Wooden Doll House,$59.99,,https://dm.apac.cms.aldi.cx/is/image/aldiprodapac/product/jpg/scaleWidth/232/7f960119-507e-4995-a22b-5f6b9b1f5786/Wooden%20Doll%20House
Honey Beef Sausages 500g,$4.29,$8.58 per 1 kg,https://dm.apac.cms.aldi.cx/is/image/aldiprodapac/product/jpg/scaleWidth/232/254d4126-b8ea-4c12-b592-f4fead6f01cd/Honey%20Beef%20Sausages%20500g
Sea Salt & Balsamic Vinegar Flavoured Deli Style Potato Chips 175g,$2.99,$1.71 per 100 g,https://dm.apac.cms.aldi.cx/is/image/aldiprodapac/product/jpg/scaleWidth/232/e2232f1d-60c5-4a3d-a309-9494c3525a0e/Sea%20Salt%20%20Balsamic%20Vinegar%20%20Flavoured%20Deli%20Style%20Potato%20Chips%20175g
Provence Ros√© 750ml,$13.99,,https://dm.apac.cms.aldi.cx/is/image/aldiprodapac/product/jpg/scaleWidth/232/78689b0a-cde4-497d-b030-80363f22d4f4/Provence%20Ros%20750ml
Chocolate Ice Cream Topping 615g,$1.89,$0.31 per 100 g,https://dm.apac.cms.aldi.cx/is/image/aldiprodapac/product/jpg/scaleWidth/232/397f0705-e848-4663-8b0c-e88b7db88e12/Chocolate%20Ice%20Cream%20Topping%20615g
Beef Meatloaf 1kg,$12.99,$12.99 per 1 kg,https://dm.apac.cms.aldi.cx/is/image/aldiprodapac/product/jpg/scaleWidth/232/cd41f958-a611-415c-8518-6ddb91b0c77f/Beef%20Meatloaf%201kg
Organic Unsweetened Almond Milk 1L,$2.45,$2.45 per 1 L,https://dm.apac.cms.aldi.cx/is/image/aldiprodapac/product/jpg/scaleWidth/232/f1dc30e4-d54a-41b2-94ed-769f62e67e19/Organic%20Unsweetened%20Almond%20Milk%201L
Caring Micellar Water 400ml,$6.99,$1.75 per 100 ml,https://dm.apac.cms.aldi.cx/is/image/aldiprodapac/product/jpg/scaleWidth/232/2f51947a-1a20-415d-b4bc-005bb0bb9185/Caring%20Micellar%20Water%20400ml
Tzatziki Dip 200g,$2.39,$1.20 per 100 g,https://dm.apac.cms.aldi.cx/is/image/aldiprodapac/product/jpg/scaleWidth/232/b10bda19-8ee4-4dea-acc4-fe86901f0e5d/Tzatziki%20Dip%20200g
Kanzi Apples 800g,$5.49,$6.86 per 1 kg,https://dm.apac.cms.aldi.cx/is/image/aldiprodapac/product/jpg/scaleWidth/232/afa24e02-57a7-49a1-9582-1b14c20086bd/Kanzi%20Apples%20800g
Delightful Flaked Truffles White 200g,$6.99,$3.50 per 100 g,https://dm.apac.cms.aldi.cx/is/image/aldiprodapac/product/jpg/scaleWidth/232/510f58c0-7f40-4afc-80ae-919b4a02f203/Delightful%20Flaked%20Truffles%20White%20200g
Fresh Marinated Chicken Wings Buffalo Style 1kg,$8.99,$8.99 per 1 kg,https://dm.apac.cms.aldi.cx/is/image/aldiprodapac/product/jpg/scaleWidth/232/73bbfecd-5239-490c-bf01-0207f10e88f1/Fresh%20Marinated%20Chicken%20Wings%20Buffalo%20Style%201kg
Beef Liquid Stock 1L,$1.85,$0.19 per 100 ml,https://dm.apac.cms.aldi.cx/is/image/aldiprodapac/product/jpg/scaleWidth/232/fb3b769e-635a-45c8-b64d-b0716b9c7d90/Beef%20Liquid%20Stock%201L
Morning Break Bars Chocolate 5 Pack 125g,$2.99,$2.39 per 100 g,https://dm.apac.cms.aldi.cx/is/image/aldiprodapac/product/jpg/scaleWidth/232/1b353c6b-8de6-42b0-840b-0629ae3e6c08/Morning%20Break%20Bars%20Chocolate%205%20Pack%20125g
"Quicksteam Vegetables Carrot, Broccoli & Cauliflower 3 Pack 450g",$2.79,$6.20 per 1 kg,https://dm.apac.cms.aldi.cx/is/image/aldiprodapac/product/jpg/scaleWidth/232/d9bc6890-c443-4955-ade1-d63035d1d710/Quicksteam%20Vegetables%20Carrot%20Broccoli%20%20Cauliflower%203%20Pack%20450g
Heavy Duty Cleaner 1.25L,$2.29,$0.18 per 100 ml,https://dm.apac.cms.aldi.cx/is/image/aldiprodapac/product/jpg/scaleWidth/232/505ec14c-6ba8-40af-bca3-50a97f2d2ce0/Heavy%20Duty%20Cleaner%201.25L
Organic Baby Food Banana Raspberry & Vanilla 6+ Months 120g,$1.49,$1.24 per 100 g,https://dm.apac.cms.aldi.cx/is/image/aldiprodapac/product/jpg/scaleWidth/232/dfe99b67-cea1-4ca4-8377-9866ab59a443/Organic%20Baby%20Food%20Banana%20Raspberry%20%20Vanilla%206%20Months%20120g
Dollop Cream 300ml,$4.39,$1.46 per 100 ml,https://dm.apac.cms.aldi.cx/is/image/aldiprodapac/product/jpg/scaleWidth/232/861dfe2d-4d2b-49af-aef1-b790decbb631/Dollop%20Cream%20300ml
Cheese and Caramalised Onion Rice Snacks 100g,$2.29,$2.29 per 100 g,https://dm.apac.cms.aldi.cx/is/image/aldiprodapac/product/jpg/scaleWidth/232/6ff385fa-a42c-460f-8d1d-a647367f280e/Cheese%20and%20Caramalised%20Onion%20Rice%20Snacks%20100g
Mixed Berries Yoghurt 4 Pack 125g,$4.49,$0.90 per 100 g,https://dm.apac.cms.aldi.cx/is/image/aldiprodapac/product/jpg/scaleWidth/232/27bb2e37-81bd-4b80-9514-14aba5dd17f5/Mixed%20Berries%20Yoghurt%204%20Pack%20125g
Creamy Milk Sharepack 180g,$8.99,$4.99 per 100 g,https://dm.apac.cms.aldi.cx/is/image/aldiprodapac/product/jpg/scaleWidth/232/78ec2602-dcf7-4923-b9f0-abb9abd21757/Creamy%20Milk%20Sharepack%20180g
Full Cream Lactose Free Light Long Life Milk 1L,$1.85,$1.85 per 1 L,https://dm.apac.cms.aldi.cx/is/image/aldiprodapac/product/jpg/scaleWidth/232/faba5325-76fe-4591-af80-6ef208480500/Full%20Cream%20Lactose%20Free%20Light%20Long%20Life%20Milk%201L
"Tuna Protein Power Bowl with Brown Rice, Chargrilled Corn, Black Beans and Lime & Chilli 170g",$2.99,$17.59 per 1 kg,https://dm.apac.cms.aldi.cx/is/image/aldiprodapac/product/jpg/scaleWidth/232/97db2fd8-85a1-428e-b47d-1eeabc62ec4c/Tuna%20Protein%20Power%20Bowl%20with%20Brown%20Rice%20Chargrilled%20Corn%20Black%20Beans%20and%20Lime%20%20Chilli%20170g
Smooth Peanut Butter 755g,$7.39,$0.98 per 100 g,https://dm.apac.cms.aldi.cx/is/image/aldiprodapac/product/jpg/scaleWidth/232/45da8c10-2384-4e9c-b50e-4f2f385e4f24/Smooth%20Peanut%20Butter%20755g
Cough Cold & Flu Tablets 24 Pack,$11.99,,https://dm.apac.cms.aldi.cx/is/image/aldiprodapac/product/jpg/scaleWidth/232/1db8f287-df61-463d-985d-70cd9455230f/Cough%20Cold%20%20Flu%20Tablets%2024%20Pack
Beef Porterhouse Steak 2 Pack,$20.34,$36.99 per 1 kg,https://dm.apac.cms.aldi.cx/is/image/aldiprodapac/product/jpg/scaleWidth/232/34ff6261-067a-49df-aa19-0fb562824cee/Beef%20Porterhouse%20Steak%202%20Pack
Highland Green Blended Malt Scotch Whisky 700ml,$44.99,,https://dm.apac.cms.aldi.cx/is/image/aldiprodapac/product/jpg/scaleWidth/232/81c28381-f717-491d-a089-ff00c4b0b3ad/Highland%20Green%20Blended%20Malt%20Scotch%20Whisky%20700ml
Rigatoni Pasta 500g,$2.69,$0.54 per 100 g,https://dm.apac.cms.aldi.cx/is/image/aldiprodapac/product/jpg/scaleWidth/232/ea98ff7d-ce09-4d14-8d23-b6734014b28c/Rigatoni%20Pasta%20500g
3 Cheese Potato Bake Recipe Base 45g,$1.49,$3.31 per 100 g,https://dm.apac.cms.aldi.cx/is/image/aldiprodapac/product/jpg/scaleWidth/232/85e1ff75-d4a4-4268-925e-8bb84a415512/3%20Cheese%20Potato%20Bake%20Recipe%20Base%2045g
Anchovy Fillets in Oil 50g,$2.99,$59.80 per 1 kg,https://dm.apac.cms.aldi.cx/is/image/aldiprodapac/product/jpg/scaleWidth/232/50843faa-36c3-49a7-b3dd-bddf3d89eae2/Anchovy%20Fillets%20in%20Oil%2050g
Plus Antioxidants Cereal 435g,$4.99,$1.15 per 100 g,https://dm.apac.cms.aldi.cx/is/image/aldiprodapac/product/jpg/scaleWidth/232/524a6472-00cc-4d7f-9e15-5acdc41ff3bb/Plus%20Antioxidants%20Cereal%20435g
Italian Diced Tomatoes with Basil & Oregano 400g,$1.19,$2.98 per 1 kg,https://dm.apac.cms.aldi.cx/is/image/aldiprodapac/product/jpg/scaleWidth/232/30deb90b-843d-4b0e-8f6d-d6d1852405cd/Italian%20Diced%20Tomatoes%20with%20Basil%20%20Oregano%20400g
Pecans 400g,$10.99,$27.48 per 1 kg,https://dm.apac.cms.aldi.cx/is/image/aldiprodapac/product/jpg/scaleWidth/232/fae6b476-9a5b-47f7-8c31-ea0f36ad5410/Pecans%20400g
Vanilla Fudge Brownie Ice Cream 4 Pack 420ml,$7.99,$1.90 per 100 ml,https://dm.apac.cms.aldi.cx/is/image/aldiprodapac/product/jpg/scaleWidth/232/bd0134bb-6d33-4641-97fa-1a885c60a207/Vanilla%20Fudge%20Brownie%20Ice%20Cream%204%20Pack%20420ml
Traditional German Bakes 175g,$5.99,$3.42 per 100 g,https://dm.apac.cms.aldi.cx/is/image/aldiprodapac/product/jpg/scaleWidth/232/e2bcd2f8-1ca6-45a3-a834-cb9108a4bb26/Traditional%20German%20Bakes%20175g
Free Range Chicken Tenderloins,$10.44,$18.99 per 1 kg,https://dm.apac.cms.aldi.cx/is/image/aldiprodapac/product/jpg/scaleWidth/232/441b2873-0c60-4646-a86c-350e9f861d7b/Free%20Range%20Chicken%20Tenderloins
Tikka Masala Simmer Sauce 450g,$3.99,$0.89 per 100 g,https://dm.apac.cms.aldi.cx/is/image/aldiprodapac/product/jpg/scaleWidth/232/e2e3efcc-c115-4f49-a9d3-609f7d140073/Tikka%20Masala%20Simmer%20Sauce%20450g
Sweet And Sour Pickled Cucumbers 680g,$2.99,$4.40 per 1 kg,https://dm.apac.cms.aldi.cx/is/image/aldiprodapac/product/jpg/scaleWidth/232/cde2e6c2-d169-4f81-889b-19d0be42da61/Sweet%20And%20Sour%20Pickled%20Cucumbers%20680g
Organic Rooibos Tea Bags 50 Pack 80g,$2.99,$0.06 per 1 each,https://dm.apac.cms.aldi.cx/is/image/aldiprodapac/product/jpg/scaleWidth/232/21080fea-1c72-4409-9b5d-8e0eee42bd87/Organic%20Rooibos%20Tea%20Bags%2050%20Pack%2080g
Go Cordless 5 Cup Chopper with Battery,$149.00,,https://dm.apac.cms.aldi.cx/is/image/aldiprodapac/product/jpg/scaleWidth/232/32ce8cef-2e67-40c3-b67d-208941551551/Go%20Cordless%205%20Cup%20Chopper%20with%20Battery
Laundry Sanitiser 1L,$3.99,$3.99 per 1 L,https://dm.apac.cms.aldi.cx/is/image/aldiprodapac/product/jpg/scaleWidth/232/cb1e9958-a74b-435e-856b-707e52426cee/Laundry%20Sanitiser%201L
Memory Foam Kneeling Pad,$14.99,,https://dm.apac.cms.aldi.cx/is/image/aldiprodapac/product/jpg/scaleWidth/232/cdc84540-02ee-4dc6-a4b4-5fbaaa13bccf/Memory%20Foam%20Kneeling%20Pad
Hazelnut Cremes 200g,$3.99,$2.00 per 100 g,https://dm.apac.cms.aldi.cx/is/image/aldiprodapac/product/jpg/scaleWidth/232/98e9c235-d9a9-47e9-9f5b-329c1f8a50cd/Hazelnut%20Cremes%20200g
"Leg Ham Sliced 4 Pack, 400g",$5.39,$13.48 per 1 kg,https://dm.apac.cms.aldi.cx/is/image/aldiprodapac/product/jpg/scaleWidth/232/830a9307-8656-4245-97d3-2c9e5b9c4001/Leg%20Ham%20Sliced%204%20Pack%20400g
Wet & Dry Vacuum 20L,$59.99,,https://dm.apac.cms.aldi.cx/is/image/aldiprodapac/product/jpg/scaleWidth/232/4ebf7859-b6cb-4350-95d6-eee6b5f86efc/Wet%20%20Dry%20Vacuum%2020L
Beef Dim Sims 1.2kg,$7.99,$0.67 per 100 g,https://dm.apac.cms.aldi.cx/is/image/aldiprodapac/product/jpg/scaleWidth/232/fb284942-b1b0-435a-bcbe-a3d5b292fe69/Beef%20Dim%20Sims%201.2kg
Pork Sausages 500g,$4.29,$8.58 per 1 kg,https://dm.apac.cms.aldi.cx/is/image/aldiprodapac/product/jpg/scaleWidth/232/20a9c481-3e8a-4de1-8eae-7999aced28b4/Pork%20Sausages%20500g
Lamb Shanks in Rosemary & Mint Sauce 2 Pack 1kg,$15.99,$15.99 per 1 kg,https://dm.apac.cms.aldi.cx/is/image/aldiprodapac/product/jpg/scaleWidth/232/0320a63d-2da9-4151-a234-f06240806b57/Lamb%20Shanks%20in%20Rosemary%20%20Mint%20Sauce%202%20Pack%201kg
Organic Cabernet Sauvignon 750ml,$12.99,,https://dm.apac.cms.aldi.cx/is/image/aldiprodapac/product/jpg/scaleWidth/232/6a2aabda-c005-49e0-98f5-111bc5f415e3/Organic%20Cabernet%20Sauvignon%20750ml
Premium Red Seedless Grapes 400g,$8.49,$21.23 per 1 kg,https://dm.apac.cms.aldi.cx/is/image/aldiprodapac/product/jpg/scaleWidth/232/cabcee99-bd8a-45b1-9dd9-593f2f791c66/Premium%20Red%20Seedless%20Grapes%20400g
Fruits Chewy Lollies Bag 200g,$4.19,$2.10 per 100 g,https://dm.apac.cms.aldi.cx/is/image/aldiprodapac/product/jpg/scaleWidth/232/c772e7ab-a9b8-4b5c-b0ca-8355ec18692b/Fruits%20Chewy%20Lollies%20Bag%20200g
Fruit Free Nut Bars 6 Pack 210g,$2.89,$1.38 per 100 g,https://dm.apac.cms.aldi.cx/is/image/aldiprodapac/product/jpg/scaleWidth/232/ea001fbc-c977-4570-9be7-faabca208b98/Fruit%20Free%20Nut%20Bars%206%20Pack%20210g
"Gourmet Porridge Sachets Apple, Sultana and Cinnamon 6 Pack 240g",$4.99,$2.08 per 100 g,https://dm.apac.cms.aldi.cx/is/image/aldiprodapac/product/jpg/scaleWidth/232/918623ee-6901-421d-8e27-61a69863f32f/Gourmet%20Porridge%20Sachets%20Apple%20Sultana%20and%20Cinnamon%206%20Pack%20240g
Spicy Mexican Style Tuna With Beans 160g,$2.89,$18.06 per 1 kg,https://dm.apac.cms.aldi.cx/is/image/aldiprodapac/product/jpg/scaleWidth/232/5cd2408b-71ca-4ff5-9a4e-4cd70156b057/Spicy%20Mexican%20Style%20Tuna%20With%20Beans%20160g
Blackberries 125g,$5.99,$47.92 per 1 kg,https://dm.apac.cms.aldi.cx/is/image/aldiprodapac/product/jpg/scaleWidth/232/a23fb669-8ed8-47eb-9873-119ce73551a3/Blackberries%20125g
Chicken Bao Buns Meal Kit 785g,$15.99,$20.37 per 1 kg,https://dm.apac.cms.aldi.cx/is/image/aldiprodapac/product/jpg/scaleWidth/232/2bc6f849-5cc6-4826-b480-5a13c9b8f88f/Chicken%20Bao%20Buns%20Meal%20Kit%20785g
Snickers Fun Size Share Pack Chocolate 12 Pack 180g,$4.99,$2.77 per 100 g,https://dm.apac.cms.aldi.cx/is/image/aldiprodapac/product/jpg/scaleWidth/232/16985eab-830c-4208-9abf-84b093b06338/Snickers%20Fun%20Size%20Share%20Pack%20Chocolate%2012%20Pack%20180g
Coffee Capsules Torino 16 Pack 124g,$7.99,$0.50 per 1 each,https://dm.apac.cms.aldi.cx/is/image/aldiprodapac/product/jpg/scaleWidth/232/b323fadc-ae08-41d6-b46c-1318160d99a3/Coffee%20Capsules%20Torino%2016%20Pack%20124g
Summer Touch Body Mist 100ml,$7.99,$7.99 per 100 ml,https://dm.apac.cms.aldi.cx/is/image/aldiprodapac/product/jpg/scaleWidth/232/269c822a-68c1-44f3-b996-56ca8fc1be3c/Summer%20Touch%20Body%20Mist%20100ml
Winter Vegetables 1kg,$3.69,$3.69 per 1 kg,https://dm.apac.cms.aldi.cx/is/image/aldiprodapac/product/jpg/scaleWidth/232/aa9b29fe-3d2f-40a6-99b3-ade060a474e9/Winter%20Vegetables%201kg
Chicken Breast Schnitzel Crunchy Homestyle 4 Pack 600g,$7.99,$13.32 per 1 kg,https://dm.apac.cms.aldi.cx/is/image/aldiprodapac/product/jpg/scaleWidth/232/c2746124-43fe-40d4-bfaf-277489244d45/Chicken%20Breast%20Schnitzel%20Crunchy%20Homestyle%204%20Pack%20600g
Bocconcini 220g,$4.39,$19.95 per 1 kg,https://dm.apac.cms.aldi.cx/is/image/aldiprodapac/product/jpg/scaleWidth/232/83bdeea5-da3b-469f-9c43-af56d4e55277/Bocconcini%20220g
Beef & Peppercorn Pies 400g,$6.49,$1.62 per 100 g,https://dm.apac.cms.aldi.cx/is/image/aldiprodapac/product/jpg/scaleWidth/232/a06b3360-02d4-476a-8865-d276219e813b/Beef%20%20Peppercorn%20Pies%20400g
Assorted Neon Flex Light,$9.99,,https://dm.apac.cms.aldi.cx/is/image/aldiprodapac/product/jpg/scaleWidth/232/e26ae2e2-6de3-4d3e-86a5-d8a89e913eb0/Assorted%20Neon%20Flex%20Light
On The Go Salt & Pepper Cashews 35g,$0.99,$28.29 per 1 kg,https://dm.apac.cms.aldi.cx/is/image/aldiprodapac/product/jpg/scaleWidth/232/1aeb94d3-f13d-4af9-8e0e-5fc5fbb4832a/On%20The%20Go%20Salt%20%20Pepper%20Cashews%2035g
Milo 1.2kg,$17.99,$1.50 per 100 g,https://dm.apac.cms.aldi.cx/is/image/aldiprodapac/product/jpg/scaleWidth/232/e92faf07-051e-44da-94e7-a15f7c3e9e41/Milo%201.2kg
Chocolate Mousse 2 Pack 62g,$2.49,$2.01 per 100 g,https://dm.apac.cms.aldi.cx/is/image/aldiprodapac/product/jpg/scaleWidth/232/838d0007-da3b-4962-b704-a57b4a55d750/Chocolate%20Mousse%202%20Pack%2062g
Shortbread Fingers 200g,$2.29,$1.15 per 100 g,https://dm.apac.cms.aldi.cx/is/image/aldiprodapac/product/jpg/scaleWidth/232/c67adbfc-3b2a-43ca-bdd1-89696046899c/Shortbread%20Fingers%20200g
Hass Avocado Each,$1.69,$1.69 per 1 each,https://dm.apac.cms.aldi.cx/is/image/aldiprodapac/product/jpg/scaleWidth/232/a371202a-83f3-4617-a4ef-e8b0c37cac9e/Hass%20Avocado%20Each
Foldable Hairdryer,$29.99,,https://dm.apac.cms.aldi.cx/is/image/aldiprodapac/product/jpg/scaleWidth/232/d9c464fe-e7dd-4566-b88d-23d0fdaaeaa7/Foldable%20Hairdryer
Apple Flavoured Fruit Bakes Biscuits 218g,$2.99,$1.37 per 100 g,https://dm.apac.cms.aldi.cx/is/image/aldiprodapac/product/jpg/scaleWidth/232/96eb3420-ba1d-422f-9b1e-d24fac87a588/Apple%20Flavoured%20Fruit%20Bakes%20Biscuits%20218g
Salted Butter 250g,$3.69,$1.48 per 100 g,https://dm.apac.cms.aldi.cx/is/image/aldiprodapac/product/jpg/scaleWidth/232/ab0d1f5c-2169-4623-9815-36082f16121a/Salted%20Butter%20250g
Liquorice Twists 300g,$2.49,$0.83 per 100 g,https://dm.apac.cms.aldi.cx/is/image/aldiprodapac/product/jpg/scaleWidth/232/a480e295-a9e4-4c58-8b95-265ee1b8c716/Liquorice%20Twists%20300g
Sanz Crackers 250g,$1.19,$0.48 per 100 g,https://dm.apac.cms.aldi.cx/is/image/aldiprodapac/product/jpg/scaleWidth/232/069a3e4e-d71b-4e24-8ccc-f319abc265b3/Sanz%20Crackers%20250g
Packham Pears Loose,$0.96/0.24 kg,$3.99 per 1 kg,https://dm.apac.cms.aldi.cx/is/image/aldiprodapac/product/jpg/scaleWidth/232/eeec4e1e-442f-4c53-b5b2-6be5902cd9a6/Packham%20Pears%20Loose
Christmas Pudding Country Cream 700mL,$14.99,,https://dm.apac.cms.aldi.cx/is/image/aldiprodapac/product/jpg/scaleWidth/232/289e171a-1804-4ea1-82e0-59607ab8f51a/Christmas%20Pudding%20Country%20Cream%20700mL
Asparagus Bunch,$1.49,$1.49 per 1 each,https://dm.apac.cms.aldi.cx/is/image/aldiprodapac/product/jpg/scaleWidth/232/b86f1747-b4eb-4382-b774-022a2f062da7/Asparagus%20Bunch
Mediterranean Style Beetroot Hommus Dip 200g,$2.39,$1.20 per 100 g,https://dm.apac.cms.aldi.cx/is/image/aldiprodapac/product/jpg/scaleWidth/232/17b6e627-917b-43ac-8596-05e044b75874/Mediterranean%20Style%20Beetroot%20Hommus%20Dip%20200g
Empanadas Pulled Beef 8 Pack 200g,$4.99,$2.50 per 100 g,https://dm.apac.cms.aldi.cx/is/image/aldiprodapac/product/jpg/scaleWidth/232/ab8c2955-865d-48c5-91a9-9843366d46a4/Empanadas%20Pulled%20Beef%208%20Pack%20200g
Light Cream Cheese 250g,$2.39,$9.56 per 1 kg,https://dm.apac.cms.aldi.cx/is/image/aldiprodapac/product/jpg/scaleWidth/232/1456e04e-2b44-458c-bc56-b4d9a3431ccf/Light%20Cream%20Cheese%20250g
Thai Green Curry Meal Kit 412g,$4.99,$1.21 per 100 g,https://dm.apac.cms.aldi.cx/is/image/aldiprodapac/product/jpg/scaleWidth/232/727ccc79-3027-4d06-ad5c-7326b3589b22/Thai%20Green%20Curry%20Meal%20Kit%20412g
Car Boot Liner,$14.99,,https://dm.apac.cms.aldi.cx/is/image/aldiprodapac/product/jpg/scaleWidth/232/6aabaf20-c66a-4040-8ecf-a00e59633f97/Car%20Boot%20Liner
Mexican Style Salsa + Nacho Cheese Double Dips 220g,$4.99,$2.27 per 100 g,https://dm.apac.cms.aldi.cx/is/image/aldiprodapac/product/jpg/scaleWidth/232/360f257a-6ded-4ec9-b962-69c8edbd1ee3/Mexican%20Style%20Salsa%20%20Nacho%20Cheese%20Double%20Dips%20220g
Rosemary 10g,$2.99,$2.99 per 10 g,https://dm.apac.cms.aldi.cx/is/image/aldiprodapac/product/jpg/scaleWidth/232/0069e2b5-480c-4f0f-a537-b800c53b4dc2/Rosemary%2010g
Cloudy Apple Juice 2L,$5.49,$2.75 per 1 L,https://dm.apac.cms.aldi.cx/is/image/aldiprodapac/product/jpg/scaleWidth/232/33bbbe96-c554-4def-a6a9-30c3321f8f4b/Cloudy%20Apple%20Juice%202L
Caramel Chocolate Block 200g,$4.99,$2.50 per 100 g,https://dm.apac.cms.aldi.cx/is/image/aldiprodapac/product/jpg/scaleWidth/232/17f84b39-7db6-4cad-84b9-90cfe81e9890/Caramel%20Chocolate%20Block%20200g
Snack Stack Chips Sour Cream & Onion Flavour 45g,$1.49,$3.31 per 100 g,https://dm.apac.cms.aldi.cx/is/image/aldiprodapac/product/jpg/scaleWidth/232/fe833a1a-8882-4283-bb7f-dbd78e32e87f/Snack%20Stack%20Chips%20Sour%20Cream%20%20Onion%20Flavour%2045g
Tomato Pasta Sauce 500g,$1.59,$0.32 per 100 g,https://dm.apac.cms.aldi.cx/is/image/aldiprodapac/product/jpg/scaleWidth/232/d9443643-350e-46c4-87a9-4759ae66cbc4/Tomato%20Pasta%20Sauce%20500g
Strawberries & Cream Gourmet Ice Cream 1L,$5.99,$0.60 per 100 ml,https://dm.apac.cms.aldi.cx/is/image/aldiprodapac/product/jpg/scaleWidth/232/c31091bb-9d7c-406b-ab5e-ff8ee112f2c0/Strawberries%20%20Cream%20Gourmet%20Ice%20Cream%201L
Corn Chips Nacho Cheese 200g,$2.39,$1.20 per 100 g,https://dm.apac.cms.aldi.cx/is/image/aldiprodapac/product/jpg/scaleWidth/232/0dc3b69f-b190-47e6-b3a4-70ca074ea756/Corn%20Chips%20Nacho%20Cheese%20200g
Afourer Mandarins Loose,$0.39/0.13 kg,$2.99 per 1 kg,https://dm.apac.cms.aldi.cx/is/content/aldiprodapac/1001860-2_COMING-SOON-GREYSCALE_RGB_OUTLINED_1200x1200
Chicken and Bacon Carbonara 350g,$7.99,$2.28 per 100 g,https://dm.apac.cms.aldi.cx/is/image/aldiprodapac/product/jpg/scaleWidth/232/ffc2f2b7-8f84-4340-b7f8-1273a3f79017/Chicken%20and%20Bacon%20Carbonara%20350g
Singapore Noodles 375g,$3.69,$0.98 per 100 g,https://dm.apac.cms.aldi.cx/is/image/aldiprodapac/product/jpg/scaleWidth/232/be83f74e-63df-43d6-88c4-fa435c315446/Singapore%20Noodles%20375g
Delightful Chocolate Sticks Milk Orange 125g,$4.99,$3.99 per 100 g,https://dm.apac.cms.aldi.cx/is/image/aldiprodapac/product/jpg/scaleWidth/232/9ffd6fcb-03cc-4887-bb31-fac4e0d8d398/Delightful%20Chocolate%20Sticks%20Milk%20Orange%20125g
Microwave Grains Red & White Quinoa 250g,$2.29,$0.92 per 100 g,https://dm.apac.cms.aldi.cx/is/image/aldiprodapac/product/jpg/scaleWidth/232/af11bf19-5105-4b08-a20f-da7074bdf774/Microwave%20Grains%20Red%20%20White%20Quinoa%20250g
RSPCA Approved Chicken Necks 1kg,$5.99,$5.99 per 1 kg,https://dm.apac.cms.aldi.cx/is/image/aldiprodapac/product/jpg/scaleWidth/232/944c63a1-ab56-4b05-aa83-40201f719439/RSPCA%20Approved%20Chicken%20Necks%201kg
Lamb Mince 500g,$7.99,$15.98 per 1 kg,https://dm.apac.cms.aldi.cx/is/image/aldiprodapac/product/jpg/scaleWidth/232/68d94463-6313-49fe-b82f-cf6672ef7fcc/Lamb%20Mince%20500g
Satay Chicken 375g,$3.69,$0.98 per 100 g,https://dm.apac.cms.aldi.cx/is/image/aldiprodapac/product/jpg/scaleWidth/232/fd1dd31c-05e7-4a70-9786-25bfcfb12764/Satay%20Chicken%20375g
Apple Cider 10x375ml,$23.99,,https://dm.apac.cms.aldi.cx/is/image/aldiprodapac/product/jpg/scaleWidth/232/2179416d-6e4c-491a-a781-b730e6f531aa/Apple%20Cider%2010x375ml
Grana Padano Wedge 250g,$8.29,$33.16 per 1 kg,https://dm.apac.cms.aldi.cx/is/image/aldiprodapac/product/jpg/scaleWidth/232/3453cd3e-2106-42ad-af3f-54bf050d8e53/Grana%20Padano%20Wedge%20250g
"Honey, Soy & Garlic Marinade 375g",$2.09,$0.56 per 100 g,https://dm.apac.cms.aldi.cx/is/image/aldiprodapac/product/jpg/scaleWidth/232/8626bcb0-111b-4bd6-959a-84e067b44a3c/Honey%20Soy%20%20Garlic%20Marinade%20375g
Natural Macadamias 400g,$14.99,$37.48 per 1 kg,https://dm.apac.cms.aldi.cx/is/image/aldiprodapac/product/jpg/scaleWidth/232/8c45b816-f11b-4698-b5eb-b4de6cfeea70/Natural%20Macadamias%20400g
Nut Butter Bars Peanut Butter & Almond 5 Pack 175g,$3.39,$1.94 per 100 g,https://dm.apac.cms.aldi.cx/is/image/aldiprodapac/product/jpg/scaleWidth/232/5b19a6b3-09e1-456d-860d-c5f1a41f213a/Nut%20Butter%20Bars%20Peanut%20Butter%20%20Almond%205%20Pack%20175g
Yellowfin Tuna Chunks with Triple Chilli in Oil 95g,$1.29,$13.58 per 1 kg,https://dm.apac.cms.aldi.cx/is/image/aldiprodapac/product/jpg/scaleWidth/232/48ea9a94-fe06-43a1-9668-08601812819f/Yellowfin%20Tuna%20Chunks%20with%20Triple%20Chilli%20in%20Oil%2095g
Assorted Candle 260g,$7.99,,https://dm.apac.cms.aldi.cx/is/image/aldiprodapac/product/jpg/scaleWidth/232/e0903f0f-6d22-4464-aed0-3f30ed2b3a1a/Assorted%20Candle%20260g
100 Day Grain Fed Scotch Fillet 1kg,$18.75,$49.99 per 1 kg,https://dm.apac.cms.aldi.cx/is/image/aldiprodapac/product/jpg/scaleWidth/232/e3a9eddd-b0ab-41a4-8b6b-291bc1a29c60/100%20Day%20Grain%20Fed%20Scotch%20Fillet%201kg
Chocolate Chip Cookies 200g,$3.69,$1.85 per 100 g,https://dm.apac.cms.aldi.cx/is/image/aldiprodapac/product/jpg/scaleWidth/232/b343c542-ba32-4294-8300-d644aedf041a/Chocolate%20Chip%20Cookies%20200g
Stone Baked Cheese Pizza 900g,$7.99,$0.89 per 100 g,https://dm.apac.cms.aldi.cx/is/image/aldiprodapac/product/jpg/scaleWidth/232/1ccd4f74-026e-4fae-a4fd-9f96943be312/Stone%20Baked%20Cheese%20Pizza%20900g
No Sugar Cola Soft Drink 600ml,$3.99,$6.65 per 1 L,https://dm.apac.cms.aldi.cx/is/image/aldiprodapac/product/jpg/scaleWidth/232/6aa3b8bb-1a6c-4f57-98ff-85ef879f5ad3/No%20Sugar%20Cola%20Soft%20Drink%20600ml
Microwave Rice Pouch Coconut Basmati 250g,$2.29,$0.92 per 100 g,https://dm.apac.cms.aldi.cx/is/image/aldiprodapac/product/jpg/scaleWidth/232/2b49f7a3-80fc-4245-b074-089f84732019/Microwave%20Rice%20Pouch%20Coconut%20Basmati%20250g
Triple Choc Fudge Brownie Mix 500g,$3.99,$0.80 per 100 g,https://dm.apac.cms.aldi.cx/is/image/aldiprodapac/product/jpg/scaleWidth/232/76fbc796-c391-4e56-a37e-b590d60fda0b/Triple%20Choc%20Fudge%20Brownie%20Mix%20500g
Cornflour 500g,$2.19,$4.38 per 1 kg,https://dm.apac.cms.aldi.cx/is/image/aldiprodapac/product/jpg/scaleWidth/232/ffd593dd-105c-458d-b8da-9f796f1ce792/Cornflour%20500g
Manuka Honey & Rosemary Boneless Chicken,$11.39,$11.99 per 1 kg,https://dm.apac.cms.aldi.cx/is/image/aldiprodapac/product/jpg/scaleWidth/232/5c9e0849-0fa5-4215-a215-f359054db24d/Manuka%20Honey%20%20Rosemary%20Boneless%20Chicken
Natural Walnuts 500g,$9.99,$19.98 per 1 kg,https://dm.apac.cms.aldi.cx/is/image/aldiprodapac/product/jpg/scaleWidth/232/7a9ca36f-138b-441b-b6c7-ca33f2700499/Natural%20Walnuts%20500g
Mini White Chocolate Bars 5 Pack 200g,$5.49,$2.75 per 100 g,https://dm.apac.cms.aldi.cx/is/content/aldiprodapac/1001860-2_COMING-SOON-GREYSCALE_RGB_OUTLINED_1200x1200
L&P 330ml 8 Pack,$11.49,$4.35 per 1 L,https://dm.apac.cms.aldi.cx/is/image/aldiprodapac/product/jpg/scaleWidth/232/a30b3bf7-4cbe-45ad-8004-726ccbe8ee06/LP%20330ml%208%20Pack
Mini Marzipan Chocolate Bars 5 Pack 200g,$5.49,$2.75 per 100 g,https://dm.apac.cms.aldi.cx/is/content/aldiprodapac/1001860-2_COMING-SOON-GREYSCALE_RGB_OUTLINED_1200x1200
Xmas Edition 12 Pack,$14.99,$0.35 per 100 sheets,https://dm.apac.cms.aldi.cx/is/image/aldiprodapac/product/jpg/scaleWidth/232/f49fe74a-99c2-4343-87af-81f05e346b05/Xmas%20Edition%2012%20Pack
Pork Knuckle,$12.09,$10.99 per 1 kg,https://dm.apac.cms.aldi.cx/is/image/aldiprodapac/product/jpg/scaleWidth/232/2c360823-a87e-4464-b6e8-a33e8fa0a805/Pork%20Knuckle
Tawny NV 750ml,$4.69,,https://dm.apac.cms.aldi.cx/is/image/aldiprodapac/product/jpg/scaleWidth/232/80caea30-8823-4b40-a362-f828f063afe6/Tawny%20NV%20750ml
Professional Pruner Set,$12.99,,https://dm.apac.cms.aldi.cx/is/image/aldiprodapac/product/jpg/scaleWidth/232/34593fce-7c54-4ccd-a4a1-1a02da7ffd16/Professional%20Pruner%20Set
Pepper Steak Sauce 165g,$1.99,$1.21 per 100 g,https://dm.apac.cms.aldi.cx/is/image/aldiprodapac/product/jpg/scaleWidth/232/a82d89b2-bbe3-47e0-9bfd-22fcfc53b1ef/Pepper%20Steak%20Sauce%20165g
Finest Raspberry Almond Chocolate 5 Pack 125g,$4.99,$3.99 per 100 g,https://dm.apac.cms.aldi.cx/is/image/aldiprodapac/product/jpg/scaleWidth/232/004afab9-5f35-4378-aa50-3b06d835d26c/Finest%20Raspberry%20Almond%20Chocolate%205%20Pack%20125g
All Purpose Seasoning 70g,$2.69,$0.38 per 10 g,https://dm.apac.cms.aldi.cx/is/image/aldiprodapac/product/jpg/scaleWidth/232/ded39bd4-f3d1-468b-a350-b5060ce94587/All%20Purpose%20Seasoning%2070g
Chicken & Pesto Penne with Green Vegetables 330g,$6.99,$2.12 per 100 g,https://dm.apac.cms.aldi.cx/is/image/aldiprodapac/product/jpg/scaleWidth/232/e66e3ec8-12d8-449d-8343-effa62fcbafd/Chicken%20%20Pesto%20Penne%20with%20Green%20Vegetables%20330g
Lungo Crema Coffee Capsules 10 Pack 55g,$3.25,$0.33 per 1 each,https://dm.apac.cms.aldi.cx/is/image/aldiprodapac/product/jpg/scaleWidth/232/7c794c82-bd2b-49f6-9d3b-9aef73335f13/Lungo%20Crema%20Coffee%20Capsules%2010%20Pack%2055g
Coffee Sachets - Caramel 26 Pack,$12.49,$0.48 per 1 each,https://dm.apac.cms.aldi.cx/is/content/aldiprodapac/1001860-2_COMING-SOON-GREYSCALE_RGB_OUTLINED_1200x1200
Assorted Liquid Hand Wash 250ml,$1.99,$0.80 per 100 ml,https://dm.apac.cms.aldi.cx/is/image/aldiprodapac/product/jpg/scaleWidth/232/6ee78a66-3725-4dd9-8e50-981ef44e5bab/Assorted%20Liquid%20Hand%20Wash%20250ml
Banana Yogurt 110g,$1.19,$1.08 per 100 g,https://dm.apac.cms.aldi.cx/is/image/aldiprodapac/product/jpg/scaleWidth/232/e535e425-f8cc-44a6-aeb4-01b5dad0435e/Banana%20Yogurt%20110g
Shredded Chicken Breast Mayonnaise 85g,$1.29,$15.18 per 1 kg,https://dm.apac.cms.aldi.cx/is/image/aldiprodapac/product/jpg/scaleWidth/232/9489e3b4-5dd0-401d-8400-ac807d6bc095/Shredded%20Chicken%20Breast%20Mayonnaise%2085g
Strawberry Jelly 85g,$1.19,$1.40 per 100 g,https://dm.apac.cms.aldi.cx/is/image/aldiprodapac/product/jpg/scaleWidth/232/9ab09652-9934-4c00-9e54-dd68ef71aa00/Strawberry%20Jelly%2085g
Vegetable Gyoza 750g,$8.99,$1.20 per 100 g,https://dm.apac.cms.aldi.cx/is/image/aldiprodapac/product/jpg/scaleWidth/232/35a4d332-d119-4791-98dc-fe4088e2e379/Vegetable%20Gyoza%20750g
Yakisoba Noodle Bowl 100g,$1.99,$1.99 per 100 g,https://dm.apac.cms.aldi.cx/is/image/aldiprodapac/product/jpg/scaleWidth/232/c9d54d94-3acb-4907-b59e-bcc7a56b98aa/Yakisoba%20Noodle%20Bowl%20100g
200W Folding Solar Blanket Kit,$179.00,,https://dm.apac.cms.aldi.cx/is/image/aldiprodapac/product/jpg/scaleWidth/232/43db45ae-4c42-470f-b2d1-5202a542d213/200W%20Folding%20Solar%20Blanket%20Kit
Caramel Latte 10 Pack 160g,$4.39,$0.44 per 1 each,https://dm.apac.cms.aldi.cx/is/image/aldiprodapac/product/jpg/scaleWidth/232/ada5a81c-8407-46ca-b834-72ca473163da/Caramel%20Latte%2010%20Pack%20160g
Gluten Free Apricot & Sunflower Seeds Specialty Crackers100g,$3.99,$3.99 per 100 g,https://dm.apac.cms.aldi.cx/is/image/aldiprodapac/product/jpg/scaleWidth/232/3f495ffe-e5ab-4fbb-9240-3dcbe6f0feee/Gluten%20Free%20Apricot%20%20Sunflower%20Seeds%20Specialty%20Crackers100g
Dynamo 7 in 1 Laundry Capsules 28 Pack 700g,$13.99,$0.50 per 1 each,https://dm.apac.cms.aldi.cx/is/image/aldiprodapac/product/jpg/scaleWidth/232/8edb9c82-cf1f-4c02-bba1-f82ec3a7190a/Dynamo%207%20in%201%20Laundry%20Capsules%2028%20Pack%20700g
Body Wash 1L,$5.99,$0.60 per 100 ml,https://dm.apac.cms.aldi.cx/is/image/aldiprodapac/product/jpg/scaleWidth/232/70d84c94-b448-456e-b4ef-0b7d389a0cbb/Body%20Wash%201L
Long Capsicums each,$1.49,$1.49 per 1 each,https://dm.apac.cms.aldi.cx/is/content/aldiprodapac/1001860-2_COMING-SOON-GREYSCALE_RGB_OUTLINED_1200x1200
Bananas 160g,$1.99,$1.24 per 100 g,https://dm.apac.cms.aldi.cx/is/image/aldiprodapac/product/jpg/scaleWidth/232/d2689480-512a-4dda-9bb4-7bec06b3e051/Bananas%20160g
Smoked Mussels in Galician Style Tomato Sauce 85g,$1.69,$19.88 per 1 kg,https://dm.apac.cms.aldi.cx/is/image/aldiprodapac/product/jpg/scaleWidth/232/a4130de6-4bf2-4a5d-ab5a-ba802a85789f/Smoked%20Mussels%20in%20Galician%20Style%20Tomato%20Sauce%2085g
Mozzarella Cheese 350g,$4.99,$14.26 per 1 kg,https://dm.apac.cms.aldi.cx/is/image/aldiprodapac/product/jpg/scaleWidth/232/20879904-30c6-4c0e-99b1-7c4534173bf2/Mozzarella%20Cheese%20350g
Filo Pastry 375g,$4.49,$1.20 per 100 g,https://dm.apac.cms.aldi.cx/is/image/aldiprodapac/product/jpg/scaleWidth/232/8d16d8be-baf9-4921-a757-c44e5a64eea7/Filo%20Pastry%20375g
Arlo Essential Indoor Pan Tilt Cameras 2 Pack,$89.99,,https://dm.apac.cms.aldi.cx/is/image/aldiprodapac/product/jpg/scaleWidth/232/832476db-9eaa-4263-8a90-cbe1706d3f5a/Arlo%20Essential%20Indoor%20Pan%20Tilt%20Cameras%202%20Pack
Spinach Pakora 283g,$3.49,$1.23 per 100 g,https://dm.apac.cms.aldi.cx/is/image/aldiprodapac/product/jpg/scaleWidth/232/aa7dbc35-e8bc-48d4-b024-05ebbf9b420f/Spinach%20Pakora%20283g
Jumbo Kalamata Olives 130g,$3.29,$2.53 per 100 g,https://dm.apac.cms.aldi.cx/is/image/aldiprodapac/product/jpg/scaleWidth/232/dabb674e-9859-4c1b-85e8-155ef30dafbb/Jumbo%20Kalamata%20Olives%20130g
Milk Coconut Chocolate Block 200g,$4.99,$2.50 per 100 g,https://dm.apac.cms.aldi.cx/is/image/aldiprodapac/product/jpg/scaleWidth/232/91a94156-5c1f-4bd6-a187-e3d0e8e1c3aa/Milk%20Coconut%20Chocolate%20Block%20200g
Australian Diced Tomatoes 400g,$1.19,$2.98 per 1 kg,https://dm.apac.cms.aldi.cx/is/image/aldiprodapac/product/jpg/scaleWidth/232/19ee0b0c-3460-47e1-9cba-3405cef209b4/Australian%20Diced%20Tomatoes%20400g
Red Apples 1kg,$3.99,$3.99 per 1 kg,https://dm.apac.cms.aldi.cx/is/image/aldiprodapac/product/jpg/scaleWidth/232/62f76d22-b1dd-4721-ba20-5cd8db8fb22a/Red%20Apples%201kg
Beef Rissoles 320g,$5.79,$1.81 per 100 g,https://dm.apac.cms.aldi.cx/is/image/aldiprodapac/product/jpg/scaleWidth/232/b0bbb2c6-a61e-42d2-8c88-8b11a6fc7c47/Beef%20Rissoles%20320g
Dishwasher Cleaner Capsule 3 Pack,$3.99,$1.33 per 1 each,https://dm.apac.cms.aldi.cx/is/image/aldiprodapac/product/jpg/scaleWidth/232/ce11d937-463a-45bb-949b-1e33939653b3/Dishwasher%20Cleaner%20Capsule%203%20Pack
Jatz Original Crackers Value Pack 310g,$4.19,$1.35 per 100 g,https://dm.apac.cms.aldi.cx/is/image/aldiprodapac/product/jpg/scaleWidth/232/17a5b237-d8b1-4cb7-bd74-2ba38e6a55c0/Jatz%20Original%20Crackers%20Value%20Pack%20310g
Adult Dry Cat Food 1kg,$5.19,$0.52 per 100 g,https://dm.apac.cms.aldi.cx/is/image/aldiprodapac/product/jpg/scaleWidth/232/95c79184-8050-4931-865a-87313b46d4fe/Adult%20Dry%20Cat%20Food%201kg
Onion Rings 500g,$5.49,$10.98 per 1 kg,https://dm.apac.cms.aldi.cx/is/image/aldiprodapac/product/jpg/scaleWidth/232/b48c4853-0d5c-40f3-9c9f-de4256745c30/Onion%20Rings%20500g
Woodfired Spinach & Goat's Cheese Pizza 417g,$6.99,$1.68 per 100 g,https://dm.apac.cms.aldi.cx/is/image/aldiprodapac/product/jpg/scaleWidth/232/b6739285-91b7-4fc6-a3de-444671e5518c/Woodfired%20Spinach%20%20Goats%20Cheese%20Pizza%20417g
Instant Cup Chicken Noodles 70g,$0.99,$1.41 per 100 g,https://dm.apac.cms.aldi.cx/is/image/aldiprodapac/product/jpg/scaleWidth/232/14ead678-44aa-4f7d-8555-4f8232ee6160/Instant%20Cup%20Chicken%20Noodles%2070g
Peppermint Chewy Mints 40g,$1.99,$4.98 per 100 g,https://dm.apac.cms.aldi.cx/is/image/aldiprodapac/product/jpg/scaleWidth/232/e606ccb7-cf3d-44e3-ad77-ebc060dd57eb/Peppermint%20Chewy%20Mints%2040g
Baking Almonds Slivered 125g,$3.49,$27.92 per 1 kg,https://dm.apac.cms.aldi.cx/is/image/aldiprodapac/product/jpg/scaleWidth/232/da9bb4b0-19d2-4949-ab0b-bcbe156a6ffd/Baking%20Almonds%20Slivered%20125g
Cooked Peeled Prawn Cutlets 500g,$12.99,$25.98 per 1 kg,https://dm.apac.cms.aldi.cx/is/image/aldiprodapac/product/jpg/scaleWidth/232/c7664fa7-cf8f-4189-a139-d52a5eff7974/Cooked%20Peeled%20Prawn%20Cutlets%20500g
Passionfruit Flavoured Soft Drink No Sugar 6 Pack 250ml,$4.99,$3.33 per 1 L,https://dm.apac.cms.aldi.cx/is/image/aldiprodapac/product/jpg/scaleWidth/232/b0216e47-fa95-46bd-99cd-ec7f39852f90/Passionfruit%20Flavoured%20Soft%20Drink%20No%20Sugar%206%20Pack%20250ml
Whole Champignons 425g,$1.69,$3.98 per 1 kg,https://dm.apac.cms.aldi.cx/is/image/aldiprodapac/product/jpg/scaleWidth/232/565368c4-5db3-4519-9ef5-55703914f323/Whole%20Champignons%20425g
Lamb Shoulder Lemon Myrtle Thyme & Mint,$31.19,$23.99 per 1 kg,https://dm.apac.cms.aldi.cx/is/image/aldiprodapac/product/jpg/scaleWidth/232/e353e631-3052-4783-81d1-cf7cae98afee/Lamb%20Shoulder%20Lemon%20Myrtle%20Thyme%20%20Mint
Ground White Pepper 100g,$3.99,$0.40 per 10 g,https://dm.apac.cms.aldi.cx/is/image/aldiprodapac/product/jpg/scaleWidth/232/659bcf07-cf62-4c8b-a16c-2244c6ba5574/Ground%20White%20Pepper%20100g
Meal Replacement Shake 55g,$2.99,$5.44 per 100 g,https://dm.apac.cms.aldi.cx/is/image/aldiprodapac/product/jpg/scaleWidth/232/e1384895-ea83-4d30-9e5a-d7b6ca63a682/Meal%20Replacement%20Shake%2055g
Red Wine Vinegar 500ml,$2.49,$0.50 per 100 ml,https://dm.apac.cms.aldi.cx/is/image/aldiprodapac/product/jpg/scaleWidth/232/253765ac-c45d-4e02-a464-9cdd72a101f5/Red%20Wine%20Vinegar%20500ml
Tomato Paste 500g,$1.39,$0.28 per 100 g,https://dm.apac.cms.aldi.cx/is/image/aldiprodapac/product/jpg/scaleWidth/232/1a27ab43-26e5-4d50-89da-c624dc02895c/Tomato%20Paste%20500g
Assorted Invisible Black & White Antiperspirant Deodarant 150g/151g 2 Pack,$9.99,$3.31 per 100 g,https://dm.apac.cms.aldi.cx/is/image/aldiprodapac/product/jpg/scaleWidth/232/3112e87f-dfd8-465e-9979-9b2d4c3ea919/Assorted%20Invisible%20Black%20%20White%20Antiperspirant%20Deodarant%20150g151g%202%20Pack
Aloe Vera Tissues 80 Pack,$2.19,$2.74 per 100 sheets,https://dm.apac.cms.aldi.cx/is/image/aldiprodapac/product/jpg/scaleWidth/232/e1e57bf8-409c-47f1-b387-354bde6a933c/Aloe%20Vera%20Tissues%2080%20Pack
Goat's Milk Soap 3 Pack 100g,$4.69,$1.56 per 100 g,https://dm.apac.cms.aldi.cx/is/image/aldiprodapac/product/jpg/scaleWidth/232/0ce2300d-6e2f-4e37-8c16-6ac3c5d4179d/Goats%20Milk%20Soap%203%20Pack%20100g
Baking Paper Roll 20m,$3.39,$0.17 per 1 m,https://dm.apac.cms.aldi.cx/is/image/aldiprodapac/product/jpg/scaleWidth/232/94a14904-010a-4a88-923c-fd3621468109/Baking%20Paper%20Roll%2020m
Diet Ginger Beer 6x375ml,$6.69,$2.97 per 1 L,https://dm.apac.cms.aldi.cx/is/image/aldiprodapac/product/jpg/scaleWidth/232/50c23520-7bde-42f1-a66c-bf2ac2db3133/Diet%20Ginger%20Beer%206x375ml
Smokey BBQ Marinade 375g,$2.09,$0.56 per 100 g,https://dm.apac.cms.aldi.cx/is/image/aldiprodapac/product/jpg/scaleWidth/232/b4e5c355-80d9-4102-87a8-76a9d92640f5/Smokey%20BBQ%20Marinade%20375g
Milk Chocolate Bits 250g,$5.49,$2.20 per 100 g,https://dm.apac.cms.aldi.cx/is/image/aldiprodapac/product/jpg/scaleWidth/232/1377a538-01a3-4853-9bf8-8b33d85b2eac/Milk%20Chocolate%20Bits%20250g
Mini Auger or Drill Accessories,$9.99,,https://dm.apac.cms.aldi.cx/is/image/aldiprodapac/product/jpg/scaleWidth/232/0f5c75a0-bf24-4415-8a20-003e216e3f3d/Mini%20Auger%20or%20Drill%20Accessories
Beef Noodles 5 Pack 425g,$1.89,$0.44 per 100 g,https://dm.apac.cms.aldi.cx/is/image/aldiprodapac/product/jpg/scaleWidth/232/70698186-fbcd-42fb-9af8-920a825dadbb/Beef%20Noodles%205%20Pack%20425g
Australian Lager 6 Pack,$15.99,,https://dm.apac.cms.aldi.cx/is/image/aldiprodapac/product/jpg/scaleWidth/232/beec23e1-20b1-4c05-a685-73e51778a359/Australian%20Lager%206%20Pack
Super Crunch Chips 1kg,$3.99,$3.99 per 1 kg,https://dm.apac.cms.aldi.cx/is/image/aldiprodapac/product/jpg/scaleWidth/232/f5501be4-9eb1-46d2-958a-99fc57ed107e/Super%20Crunch%20Chips%201kg
Pinot Grigio 750ml,$4.59,,https://dm.apac.cms.aldi.cx/is/image/aldiprodapac/product/jpg/scaleWidth/232/b095fe14-9581-47b8-8e52-f7da84b8b271/Pinot%20Grigio%20750ml
Aluminium Foil,$16.99,,https://dm.apac.cms.aldi.cx/is/image/aldiprodapac/product/jpg/scaleWidth/232/12dd5591-8038-402c-94df-d6ee9641b146/Aluminium%20Foil
White Asparagus Spears 330g,$3.29,$9.97 per 1 kg,https://dm.apac.cms.aldi.cx/is/image/aldiprodapac/product/jpg/scaleWidth/232/525a87e7-b8dd-4966-9ac9-76c89b92ba95/White%20Asparagus%20Spears%20330g
Beef Lasagne 400g,$2.99,$0.75 per 100 g,https://dm.apac.cms.aldi.cx/is/image/aldiprodapac/product/jpg/scaleWidth/232/dce23079-f3a1-4d4d-b9f8-166417c06d62/Beef%20Lasagne%20400g
Supplement Powders,$19.99,$3.33 per 100 g,https://dm.apac.cms.aldi.cx/is/image/aldiprodapac/product/jpg/scaleWidth/232/390e435e-fec7-42e3-b37f-fbda0886ba49/Supplement%20Powders
Supplement Powders,$19.99,$6.66 per 100 g,https://dm.apac.cms.aldi.cx/is/image/aldiprodapac/product/jpg/scaleWidth/232/ace4a741-7884-460c-9fb5-6d7a79c94b43/Supplement%20Powders
Beef & Mushroom Pies 400g,$6.49,$1.62 per 100 g,https://dm.apac.cms.aldi.cx/is/image/aldiprodapac/product/jpg/scaleWidth/232/30c29bd2-39b1-4c83-be06-627367e677d2/Beef%20%20Mushroom%20Pies%20400g
Citronella Glazed Ceramic Candle,$9.99,,https://dm.apac.cms.aldi.cx/is/image/aldiprodapac/product/jpg/scaleWidth/232/22af536c-d966-4030-957c-f03f8830be3a/Citronella%20Glazed%20Ceramic%20Candle
Bechamel Lasagne Bake 500g,$2.99,$0.60 per 100 g,https://dm.apac.cms.aldi.cx/is/image/aldiprodapac/product/jpg/scaleWidth/232/120b0c43-e71c-47d4-bc45-be154e08f75a/Bechamel%20Lasagne%20Bake%20500g
Roasted & Salted Pistachios 600g,$13.99,$23.32 per 1 kg,https://dm.apac.cms.aldi.cx/is/image/aldiprodapac/product/jpg/scaleWidth/232/7938d4cb-b838-455b-a487-56f2fd9b784c/Roasted%20%20Salted%20Pistachios%20600g
Australian Orange Marmalade 300g,$3.99,$1.33 per 100 g,https://dm.apac.cms.aldi.cx/is/image/aldiprodapac/product/jpg/scaleWidth/232/8a11e918-2e48-4ab9-871a-2ee0c2f6a55a/Australian%20Orange%20Marmalade%20300g
Stone Lite Pot,$29.99,,https://dm.apac.cms.aldi.cx/is/image/aldiprodapac/product/jpg/scaleWidth/232/d04b525f-5cc5-4ad5-b97e-7c3c997dd63c/Stone%20Lite%20Pot
Roasted & Salted Cashews 750g,$13.49,$17.99 per 1 kg,https://dm.apac.cms.aldi.cx/is/image/aldiprodapac/product/jpg/scaleWidth/232/f3ab1fb8-02de-4f22-821f-17f643b3b02f/Roasted%20%20Salted%20Cashews%20750g
Woodfired Formaggi Pizza 377g,$6.99,$1.85 per 100 g,https://dm.apac.cms.aldi.cx/is/image/aldiprodapac/product/jpg/scaleWidth/232/0b42cba8-6341-4618-94be-fe71504f4bc4/Woodfired%20Formaggi%20Pizza%20377g
Shapes BBQ Cracker Biscuits 250g,$3.99,$1.60 per 100 g,https://dm.apac.cms.aldi.cx/is/image/aldiprodapac/product/jpg/scaleWidth/232/9b9dfb22-7be8-4eec-a59a-3bf7ef534c5d/Shapes%20BBQ%20Cracker%20Biscuits%20250g
Penne Pasta 500g,$0.89,$0.18 per 100 g,https://dm.apac.cms.aldi.cx/is/image/aldiprodapac/product/jpg/scaleWidth/232/4884e095-0f18-459e-a6e9-296edce25b4a/Penne%20Pasta%20500g
Sour Cream & Chives Corn Thins 125g,$1.99,$1.59 per 100 g,https://dm.apac.cms.aldi.cx/is/image/aldiprodapac/product/jpg/scaleWidth/232/2554e4bd-6da4-4803-910b-57248c8c00fd/Sour%20Cream%20%20Chives%20Corn%20Thins%20125g
Assorted Anti-Perspirant Roll On Deodorant 75ml,$2.99,$3.99 per 100 ml,https://dm.apac.cms.aldi.cx/is/image/aldiprodapac/product/jpg/scaleWidth/232/1ea8b0aa-1187-4ada-a3ae-8cb90c382cef/Assorted%20AntiPerspirant%20Roll%20On%20Deodorant%2075ml
Assorted Carpet Car Mats,$11.99,,https://dm.apac.cms.aldi.cx/is/image/aldiprodapac/product/jpg/scaleWidth/232/c7ebef2c-62e5-472e-bf30-3ddfeb4b9c67/Assorted%20Carpet%20Car%20Mats
Fruit Free Premium Muesli Bars 270g,$3.99,$1.48 per 100 g,https://dm.apac.cms.aldi.cx/is/image/aldiprodapac/product/jpg/scaleWidth/232/55ce79f4-b77a-472a-81e8-e2290a793d1b/Fruit%20Free%20Premium%20Muesli%20Bars%20270g
Unsweetened Pineapple Juice 1L,$2.29,$2.29 per 1 L,https://dm.apac.cms.aldi.cx/is/image/aldiprodapac/product/jpg/scaleWidth/232/5b4bea5b-dd8c-42d3-aed0-dd9cc8273c4d/Unsweetened%20Pineapple%20Juice%201L
Raspberries 125g,$4.49,$35.92 per 1 kg,https://dm.apac.cms.aldi.cx/is/image/aldiprodapac/product/jpg/scaleWidth/232/844403db-d33f-48c6-96dc-63af84c059d4/Raspberries%20125g
20V 8.0Ah Battery,$99.99,,https://dm.apac.cms.aldi.cx/is/image/aldiprodapac/product/jpg/scaleWidth/232/53e8cfd1-3140-4ae4-8e4d-7c49b2ef2107/20V%208.0Ah%20Battery
Chocolate Creme Biscuits 150g,$0.89,$0.59 per 100 g,https://dm.apac.cms.aldi.cx/is/image/aldiprodapac/product/jpg/scaleWidth/232/f8a8dc81-1774-4ed9-93c0-4de8aa32106e/Chocolate%20Creme%20Biscuits%20150g
Light Sandwich Slices 432g,$3.49,$8.08 per 1 kg,https://dm.apac.cms.aldi.cx/is/image/aldiprodapac/product/jpg/scaleWidth/232/ce5747ae-edee-4d03-bd9a-549abfb3df0e/Light%20Sandwich%20Slices%20432g
2L and 5L Pressure Spray Pack or Double Nozzle Pump Sprayer,$14.99,,https://dm.apac.cms.aldi.cx/is/image/aldiprodapac/product/jpg/scaleWidth/232/9ab835ad-b5bc-40be-82b3-295581b8136d/2L%20and%205L%20Pressure%20Spray%20%20Pack%20or%20Double%20Nozzle%20%20Pump%20Sprayer
Organic Apple & Raspberry Flavoured Mini Rice Cakes 40g,$1.99,$4.98 per 100 g,https://dm.apac.cms.aldi.cx/is/image/aldiprodapac/product/jpg/scaleWidth/232/728ac5b1-d384-4ded-9881-d791999662a2/Organic%20Apple%20%20Raspberry%20Flavoured%20Mini%20Rice%20Cakes%2040g
Lactose Free Greek Style Yogurt 1kg,$6.69,$0.67 per 100 g,https://dm.apac.cms.aldi.cx/is/image/aldiprodapac/product/jpg/scaleWidth/232/2f1b42ca-c11a-4f2f-b234-83d20a72eaed/Lactose%20Free%20Greek%20Style%20Yogurt%201kg
Assorted Vitamins B+C Effervescent Tablets 15 Pack,$5.29,$0.35 per 1 each,https://dm.apac.cms.aldi.cx/is/image/aldiprodapac/product/jpg/scaleWidth/232/ef17190f-26c9-499b-8399-0ce07b063221/Assorted%20Vitamins%20BC%20Effervescent%20Tablets%2015%20Pack
Mango Chilli Tuna 95g,$1.09,$11.47 per 1 kg,https://dm.apac.cms.aldi.cx/is/image/aldiprodapac/product/jpg/scaleWidth/232/500041ab-16db-478b-a510-35f9458daa8c/Mango%20Chilli%20Tuna%2095g
Cheese & Bacon Rolls 4 Pack 340g,$4.49,$1.12 per 1 each,https://dm.apac.cms.aldi.cx/is/image/aldiprodapac/product/jpg/scaleWidth/232/303d5623-64d4-43f1-aa24-3d6a15d43e5e/Cheese%20%20Bacon%20Rolls%204%20Pack%20%20340g
Premium Lawn Food or Fruit & Citrus Fertiliser 4kg,$12.99,,https://dm.apac.cms.aldi.cx/is/image/aldiprodapac/product/jpg/scaleWidth/232/f9f150b8-03b5-46dc-bac9-9aef08ffe1db/Premium%20Lawn%20Food%20or%20Fruit%20%20Citrus%20Fertiliser%204kg
Pine Nuts 100g,$4.79,$47.90 per 1 kg,https://dm.apac.cms.aldi.cx/is/image/aldiprodapac/product/jpg/scaleWidth/232/fbc7995f-ca58-4b2d-ba7c-2e707206151e/Pine%20Nuts%20100g
Cat Food Pouches Beef Selection in Gravy 12 Pack 85g,$4.99,$0.49 per 100 g,https://dm.apac.cms.aldi.cx/is/image/aldiprodapac/product/jpg/scaleWidth/232/110298d1-50d5-4943-b9f2-9a3dcf359d40/Cat%20Food%20Pouches%20Beef%20Selection%20in%20Gravy%2012%20Pack%2085g
Forest Fruit Flavoured Fruit Bakes Biscuits 218g,$2.99,$1.37 per 100 g,https://dm.apac.cms.aldi.cx/is/image/aldiprodapac/product/jpg/scaleWidth/232/dee8bfab-1508-475e-868a-f745dc81efa9/Forest%20Fruit%20Flavoured%20Fruit%20Bakes%20Biscuits%20218g
Gourmet Tomatoes 500g,$3.99,$7.98 per 1 kg,https://dm.apac.cms.aldi.cx/is/image/aldiprodapac/product/jpg/scaleWidth/232/51f42fc0-5943-4b40-a3e0-9a439cc10a29/Gourmet%20Tomatoes%20500g
Cheese & Bacon Pizza Snacks 4 Pack 400g,$5.99,$1.50 per 100 g,https://dm.apac.cms.aldi.cx/is/image/aldiprodapac/product/jpg/scaleWidth/232/ceffccd5-8b6f-47e7-9a39-5a99fc854bb9/Cheese%20%20Bacon%20Pizza%20Snacks%204%20Pack%20400g
Almond Meal 400g,$6.69,$1.67 per 100 g,https://dm.apac.cms.aldi.cx/is/image/aldiprodapac/product/jpg/scaleWidth/232/c888f510-0035-48c0-b7df-cf299441399c/Almond%20Meal%20400g
Lamb Yiros 500g,$12.99,$25.98 per 1 kg,https://dm.apac.cms.aldi.cx/is/image/aldiprodapac/product/jpg/scaleWidth/232/26a953f4-254d-4adf-9c93-ffbb915b89c4/Lamb%20Yiros%20500g
Satay Chicken 350g,$8.99,$2.57 per 100 g,https://dm.apac.cms.aldi.cx/is/image/aldiprodapac/product/jpg/scaleWidth/232/e30b02e7-2783-438d-8577-e5937c30ff9d/Satay%20Chicken%20350g
Soup in a Cup Chicken Flavoured with Corn and Croutons 2 Pack 60g,$0.95,$1.58 per 100 g,https://dm.apac.cms.aldi.cx/is/image/aldiprodapac/product/jpg/scaleWidth/232/e770e163-51bb-4795-8a63-a163c7756eef/Soup%20in%20a%20Cup%20Chicken%20Flavoured%20with%20Corn%20and%20Croutons%202%20Pack%2060g
Solar & USB Festoon Lights,$19.99,,https://dm.apac.cms.aldi.cx/is/image/aldiprodapac/product/jpg/scaleWidth/232/035ee760-7f33-458e-9594-884ccfb5a6f8/Solar%20%20USB%20Festoon%20Lights
Lemonade 1.25L,$1.09,$0.87 per 1 L,https://dm.apac.cms.aldi.cx/is/image/aldiprodapac/product/jpg/scaleWidth/232/14453a1f-747a-429f-ac5e-ee7f2204b118/Lemonade%201.25L
Vintage Cheese Slices 250g,$5.49,$21.96 per 1 kg,https://dm.apac.cms.aldi.cx/is/image/aldiprodapac/product/jpg/scaleWidth/232/2caac839-f929-4c7f-b664-495cf328354a/Vintage%20Cheese%20Slices%20250g
Strawberry Flavoured Yoghurt Fruit Bakes 180g,$2.99,$1.66 per 100 g,https://dm.apac.cms.aldi.cx/is/image/aldiprodapac/product/jpg/scaleWidth/232/a777712f-661f-4312-8fe6-7161831da3b8/Strawberry%20Flavoured%20Yoghurt%20Fruit%20Bakes%20%20180g
Raw Peeled Tail Off Prawns 500g,$13.49,$26.98 per 1 kg,https://dm.apac.cms.aldi.cx/is/image/aldiprodapac/product/jpg/scaleWidth/232/ec5fde9d-b5fd-4b8c-b090-f5791517d74c/Raw%20Peeled%20Tail%20Off%20Prawns%20500g
Spiced Fruit Buns 6 Pack 450g,$3.79,$0.63 per 1 each,https://dm.apac.cms.aldi.cx/is/image/aldiprodapac/product/jpg/scaleWidth/232/95ca3da4-eaf8-47c5-b515-252f9a381a6a/Spiced%20Fruit%20Buns%206%20Pack%20450g
Ultra Paper Towel 3 Pack,$4.99,$2.77 per 100 sheets,https://dm.apac.cms.aldi.cx/is/image/aldiprodapac/product/jpg/scaleWidth/232/06ad0c2d-103e-42d6-9aab-ef62a35e66c9/Ultra%20Paper%20Towel%203%20Pack
Pale Ale 12x330ml,$22.99,,https://dm.apac.cms.aldi.cx/is/image/aldiprodapac/product/jpg/scaleWidth/232/2b361850-7de4-41d8-b7e2-bf1682b0fd6f/Pale%20Ale%2012x330ml
Coffee Capsules Reggio 16 Pack 124g,$7.99,$0.50 per 1 each,https://dm.apac.cms.aldi.cx/is/image/aldiprodapac/product/jpg/scaleWidth/232/c7f42bab-e1dc-476c-a0f4-5770a3a63e05/Coffee%20Capsules%20Reggio%2016%20Pack%20124g
Original Sandwich Biscuit Family Pack 358g,$4.49,$1.25 per 100 g,https://dm.apac.cms.aldi.cx/is/image/aldiprodapac/product/jpg/scaleWidth/232/84de6560-88bf-4f68-a0b9-a1ecb9892a4e/Original%20Sandwich%20Biscuit%20Family%20Pack%20358g
Shapes Cheese & Bacon 180g,$1.99,$1.11 per 100 g,https://dm.apac.cms.aldi.cx/is/image/aldiprodapac/product/jpg/scaleWidth/232/7de566c2-dc6b-483f-a98c-95385f9d3b8e/Shapes%20Cheese%20%20Bacon%20180g
Top 20 Family Favourites Chips Multipack 20 Pack 375g,$7.49,$2.00 per 100 g,https://dm.apac.cms.aldi.cx/is/image/aldiprodapac/product/jpg/scaleWidth/232/ac6b0e7e-85bb-4b96-8d06-a8048a8dda1f/Top%2020%20Family%20Favourites%20Chips%20Multipack%2020%20Pack%20375g
Coconut Cookies 200g,$2.69,$1.35 per 100 g,https://dm.apac.cms.aldi.cx/is/image/aldiprodapac/product/jpg/scaleWidth/232/d068bf20-1dc0-4dce-86d6-faead0b5ef03/Coconut%20Cookies%20200g
Skadoos Milkshake Biscuit Bars 150g,$2.79,$1.86 per 100 g,https://dm.apac.cms.aldi.cx/is/image/aldiprodapac/product/jpg/scaleWidth/232/26117d69-6693-4200-a0c2-e257ef044015/Skadoos%20Milkshake%20Biscuit%20Bars%20150g
Baby Cucumbers With Chilli 350g,$1.99,$5.69 per 1 kg,https://dm.apac.cms.aldi.cx/is/image/aldiprodapac/product/jpg/scaleWidth/232/049ecf30-966d-4e39-bfb6-e7673a84c8df/Baby%20Cucumbers%20With%20Chilli%20350g
Liqueur Cakes 400g,$5.49,$1.37 per 100 g,https://dm.apac.cms.aldi.cx/is/image/aldiprodapac/product/jpg/scaleWidth/232/81ad4b65-63b6-450d-8a72-07cfacd13aef/Liqueur%20Cakes%20400g
Broccoli Bake 800g,$6.59,$8.24 per 1 kg,https://dm.apac.cms.aldi.cx/is/image/aldiprodapac/product/jpg/scaleWidth/232/12043756-f4c9-45de-9040-306a09018897/Broccoli%20Bake%20800g
White Hot Choc Sachets 10 Pack,$3.69,$0.37 per 1 each,https://dm.apac.cms.aldi.cx/is/image/aldiprodapac/product/jpg/scaleWidth/232/9e627c6e-4a3d-42cc-afc3-11849da9a235/White%20Hot%20Choc%20Sachets%2010%20Pack
Hundreds & Thousands Teddy Tots Biscuits 10 Pack 250g,$3.29,$1.32 per 100 g,https://dm.apac.cms.aldi.cx/is/image/aldiprodapac/product/jpg/scaleWidth/232/739eb2fc-6306-425d-b12b-4928371f8203/Hundreds%20%20Thousands%20Teddy%20Tots%20Biscuits%2010%20Pack%20250g
Sunscreen SPF50+ 1L,$19.99,,https://dm.apac.cms.aldi.cx/is/image/aldiprodapac/product/jpg/scaleWidth/232/867b4606-e52d-48e7-a79a-364b5eca9681/Sunscreen%20SPF50%201L
Crunchy Peanut Butter 500g,$3.09,$0.62 per 100 g,https://dm.apac.cms.aldi.cx/is/image/aldiprodapac/product/jpg/scaleWidth/232/ded966b6-22f9-4fae-b142-8d9b19ca0047/Crunchy%20Peanut%20Butter%20500g
Hoisin Sauce 300ml,$2.29,$0.76 per 100 ml,https://dm.apac.cms.aldi.cx/is/image/aldiprodapac/product/jpg/scaleWidth/232/ac4d3b05-2c36-4053-881e-7b43be06989c/Hoisin%20Sauce%20300ml
Thai Style BBQ Chicken Noodle Bowl 95g,$1.99,$2.09 per 100 g,https://dm.apac.cms.aldi.cx/is/image/aldiprodapac/product/jpg/scaleWidth/232/bb973544-f095-4350-8525-ff7cb144d495/Thai%20Style%20BBQ%20Chicken%20Noodle%20Bowl%2095g
Mixed Herbs 20g,$3.29,$1.65 per 10 g,https://dm.apac.cms.aldi.cx/is/image/aldiprodapac/product/jpg/scaleWidth/232/4a97a7dc-d5eb-4a56-a149-aad74fcc9206/Mixed%20Herbs%2020g
Ginger Loose,$3.00/0.12 kg,$24.99 per 1 kg,https://dm.apac.cms.aldi.cx/is/image/aldiprodapac/product/jpg/scaleWidth/232/63ede333-42c3-4421-8596-e43a9799027a/Ginger%20Loose
Ice Tea Peach 500ml,$3.49,$6.98 per 1 L,https://dm.apac.cms.aldi.cx/is/image/aldiprodapac/product/jpg/scaleWidth/232/aeef4816-6d08-4375-afed-40be87e15219/Ice%20Tea%20Peach%20500ml
Jim Beam & Cola 10 Pack 375ml,$47.99,,https://dm.apac.cms.aldi.cx/is/image/aldiprodapac/product/jpg/scaleWidth/232/22cf6503-b843-43ac-8c40-177b0e615c77/Jim%20Beam%20%20Cola%2010%20Pack%20375ml
Assorted Children's PJ Set,$9.99,,https://dm.apac.cms.aldi.cx/is/image/aldiprodapac/product/jpg/scaleWidth/232/b5aef899-2d84-487c-a691-832fa1f7376b/Assorted%20Childrens%20PJ%20Set
Bakehouse Light Rye Bread 680g,$3.69,$0.54 per 100 g,https://dm.apac.cms.aldi.cx/is/image/aldiprodapac/product/jpg/scaleWidth/232/1f5ed720-3dbc-4140-8c62-e37fb557b209/Bakehouse%20Light%20Rye%20Bread%20680g
Thin & Crispy Pizza Base 2 Pack 200g,$2.59,$1.30 per 100 g,https://dm.apac.cms.aldi.cx/is/image/aldiprodapac/product/jpg/scaleWidth/232/4c06946f-0eb4-4bf9-b5b7-936745c16577/Thin%20%20Crispy%20Pizza%20Base%202%20Pack%20200g
Beef Scotch Fillet Steak 170g,$8.00,$47.06 per 1 kg,https://dm.apac.cms.aldi.cx/is/image/aldiprodapac/product/jpg/scaleWidth/232/3de67d6d-1290-41b2-8a7f-f6dce58f5e6f/Beef%20Scotch%20Fillet%20Steak%20170g
Anti-Perspirant Deodorant 200ml/122g,$4.99,$4.09 per 100 g,https://dm.apac.cms.aldi.cx/is/image/aldiprodapac/product/jpg/scaleWidth/232/a142cf9a-927c-466a-8766-0dff91d6ea84/AntiPerspirant%20Deodorant%20200ml122g
Vegetable Straws 110g,$2.99,$2.72 per 100 g,https://dm.apac.cms.aldi.cx/is/image/aldiprodapac/product/jpg/scaleWidth/232/6ff12d9e-a412-45e3-be8a-800dfcf5adc0/Vegetable%20Straws%20110g
Salted Mixed Nuts 375g,$3.49,$9.31 per 1 kg,https://dm.apac.cms.aldi.cx/is/image/aldiprodapac/product/jpg/scaleWidth/232/508849a6-a90d-4ea0-963e-3aaa1a426d2b/Salted%20Mixed%20Nuts%20375g
Mango and Passionfruit Protein Yoghurt 210g,$2.49,$1.19 per 100 g,https://dm.apac.cms.aldi.cx/is/image/aldiprodapac/product/jpg/scaleWidth/232/cc80ceaa-2909-4ff9-afe4-fa0dc682904a/Mango%20and%20Passionfruit%20Protein%20Yoghurt%20210g
Smokey BBQ Sauce 500ml,$2.99,$0.60 per 100 ml,https://dm.apac.cms.aldi.cx/is/image/aldiprodapac/product/jpg/scaleWidth/232/1c8e22f6-0901-4aa7-a0db-ecbb397c3b82/Smokey%20BBQ%20Sauce%20500ml
Weissbier 4x500ml,$14.99,,https://dm.apac.cms.aldi.cx/is/image/aldiprodapac/product/jpg/scaleWidth/232/ae4f2958-8fd8-423d-b19d-ac3f4fe44e92/Weissbier%204x500ml
Assorted Halloween Light Chain,$2.99,,https://dm.apac.cms.aldi.cx/is/image/aldiprodapac/product/jpg/scaleWidth/232/c6c51acf-3893-4d4d-819e-16c61f0f2870/Assorted%20Halloween%20Light%20Chain
Assorted Paint By Numbers,$7.99,,https://dm.apac.cms.aldi.cx/is/image/aldiprodapac/product/jpg/scaleWidth/232/b3d9707d-3abd-4d50-b11d-211312a50f12/Assorted%20Paint%20By%20Numbers
Beef Lasagne 1.2kg,$7.99,$0.67 per 100 g,https://dm.apac.cms.aldi.cx/is/image/aldiprodapac/product/jpg/scaleWidth/232/941d3166-4df9-446b-aadd-4b8ed0006373/Beef%20Lasagne%201.2kg
Utopia Vanilla 4 Pack 428ml,$5.99,$1.40 per 100 ml,https://dm.apac.cms.aldi.cx/is/image/aldiprodapac/product/jpg/scaleWidth/232/331cf9a9-b7a5-4005-b538-ac80889f2c8b/Utopia%20Vanilla%204%20Pack%20428ml
Mini Hazelnut Cr√®me Bars 5 Pack 200g,$5.49,$2.75 per 100 g,https://dm.apac.cms.aldi.cx/is/image/aldiprodapac/product/jpg/scaleWidth/232/b10c5037-fcbe-452a-8d62-84c012388b7a/Mini%20Hazelnut%20Crme%20Bars%205%20Pack%20200g
Marlborough Salted Caramel & Macadamia Ice Cream 6 Pack 360ml,$7.99,$2.22 per 100 ml,https://dm.apac.cms.aldi.cx/is/image/aldiprodapac/product/jpg/scaleWidth/232/56ab51b1-1b1b-467c-b5d7-da6320204e36/Marlborough%20Salted%20Caramel%20%20Macadamia%20Ice%20Cream%206%20Pack%20360ml
Coconut Clusters 140g,$3.99,$2.85 per 100 g,https://dm.apac.cms.aldi.cx/is/image/aldiprodapac/product/jpg/scaleWidth/232/4dd5a83a-0476-4d60-bce3-d8e9b54796b7/Coconut%20Clusters%20140g
Assorted Fruit and Vegetable Gadgets,$4.99,,https://dm.apac.cms.aldi.cx/is/image/aldiprodapac/product/jpg/scaleWidth/232/65304483-8051-4bbe-8667-36c6a6fdff67/Assorted%20Fruit%20and%20Vegetable%20Gadgets
Organic Hulled Tahini 375g,$4.79,$1.28 per 100 g,https://dm.apac.cms.aldi.cx/is/image/aldiprodapac/product/jpg/scaleWidth/232/95fc79f3-0222-485d-a926-5d8dcfcf56b0/Organic%20Hulled%20Tahini%20375g
Coconut Milk 400ml,$1.69,$0.42 per 100 ml,https://dm.apac.cms.aldi.cx/is/image/aldiprodapac/product/jpg/scaleWidth/232/a54fe9fa-faad-44b0-9afa-b25ea2aa3841/Coconut%20Milk%20400ml
Celery Bunch,$3.49,$3.49 per 1 each,https://dm.apac.cms.aldi.cx/is/image/aldiprodapac/product/jpg/scaleWidth/232/6efa1185-842e-4f93-97bb-1f72356ddd08/Celery%20Bunch
Mini Frozen Yogurt Sticks 14 Pack 504g,$4.99,$0.99 per 100 g,https://dm.apac.cms.aldi.cx/is/image/aldiprodapac/product/jpg/scaleWidth/232/1a23bc3a-0389-4d98-88a1-84b0f22ddc9c/Mini%20Frozen%20Yogurt%20Sticks%2014%20Pack%20504g
Apple & Raisin with Yogurt Fruit & Oat Bars 12+ Months 6 Pack 90g,$2.49,$2.77 per 100 g,https://dm.apac.cms.aldi.cx/is/image/aldiprodapac/product/jpg/scaleWidth/232/dbc91ab4-ef99-4b37-9f61-ac6df517590e/Apple%20%20Raisin%20with%20Yogurt%20Fruit%20%20Oat%20Bars%2012%20Months%206%20Pack%2090g
Truffle Infused Extra Virgin Olive Oil 250ml,$5.99,$2.40 per 100 ml,https://dm.apac.cms.aldi.cx/is/image/aldiprodapac/product/jpg/scaleWidth/232/31b97179-4c8c-4bd3-969a-89d49bd8739c/Truffle%20Infused%20Extra%20Virgin%20Olive%20Oil%20250ml
Lemon Soft Drink 1.25L,$1.09,$0.87 per 1 L,https://dm.apac.cms.aldi.cx/is/image/aldiprodapac/product/jpg/scaleWidth/232/e8a6ad33-931b-46c3-8271-3e9f4a94a3df/Lemon%20Soft%20Drink%201.25L
Spiced Speculaas Biscuits 265g,$3.49,$1.32 per 100 g,https://dm.apac.cms.aldi.cx/is/image/aldiprodapac/product/jpg/scaleWidth/232/aab18f94-ba1f-40f8-acda-964c106821e1/Spiced%20Speculaas%20Biscuits%20265g
Coffee Classic Dark Roast 150g,$13.99,$9.33 per 100 g,https://dm.apac.cms.aldi.cx/is/image/aldiprodapac/product/jpg/scaleWidth/232/ea89b2e5-517e-4be8-8097-8290ea737101/Coffee%20Classic%20Dark%20Roast%20150g
Shredded Chicken Breast Smoke Flavoured 85g,$1.29,$15.18 per 1 kg,https://dm.apac.cms.aldi.cx/is/image/aldiprodapac/product/jpg/scaleWidth/232/edc80b0d-1b18-4133-a5cb-bff25ff3bd1a/Shredded%20Chicken%20Breast%20Smoke%20Flavoured%2085g
Milk Chocolate Caramelts Biscuits 200g,$2.69,$1.35 per 100 g,https://dm.apac.cms.aldi.cx/is/image/aldiprodapac/product/jpg/scaleWidth/232/2f7565a3-886a-4227-88e5-e04fdaaed551/Milk%20Chocolate%20Caramelts%20Biscuits%20200g
Grass Fed Ghee Butter 500ml,$9.99,$2.00 per 100 ml,https://dm.apac.cms.aldi.cx/is/image/aldiprodapac/product/jpg/scaleWidth/232/a0c0c1f5-3482-4173-a707-2d48cfd838b6/Grass%20Fed%20Ghee%20Butter%20500ml
Soy Sauce 500ml,$1.79,$0.36 per 100 ml,https://dm.apac.cms.aldi.cx/is/image/aldiprodapac/product/jpg/scaleWidth/232/7daf8939-cd20-408f-9ced-de1f05a26cfc/Soy%20Sauce%20500ml
Shepherd's Pie Recipe Base 50g,$1.49,$2.98 per 100 g,https://dm.apac.cms.aldi.cx/is/image/aldiprodapac/product/jpg/scaleWidth/232/0b6e6aa8-6c46-4613-9d07-8fc9b3cc45d4/Shepherds%20Pie%20Recipe%20Base%2050g
Beef Rump Steak 250g,$8.00,$32.00 per 1 kg,https://dm.apac.cms.aldi.cx/is/image/aldiprodapac/product/jpg/scaleWidth/232/1db0e2e8-902d-45df-ae4a-057c2c9e9ce7/Beef%20Rump%20Steak%20250g
Pink Lady Apples 1kg,$5.49,$5.49 per 1 kg,https://dm.apac.cms.aldi.cx/is/image/aldiprodapac/product/jpg/scaleWidth/232/25268118-4976-4a41-8e32-014d65c4b9c6/Pink%20Lady%20Apples%201kg
Instant Cup Beef Noodles 70g,$0.99,$1.41 per 100 g,https://dm.apac.cms.aldi.cx/is/image/aldiprodapac/product/jpg/scaleWidth/232/986ab60e-c472-4a67-8b00-65afea37dc2a/Instant%20Cup%20Beef%20Noodles%2070g
Olive Spread Classic 500g,$3.19,$0.64 per 100 g,https://dm.apac.cms.aldi.cx/is/image/aldiprodapac/product/jpg/scaleWidth/232/d9cbdc1b-4b8a-46e1-a3bc-183d5ee7c3fa/Olive%20Spread%20Classic%20500g
Oat Sachets Berry Variety 12 Pack 420g,$5.49,$1.31 per 100 g,https://dm.apac.cms.aldi.cx/is/image/aldiprodapac/product/jpg/scaleWidth/232/0afdc736-b57c-4126-a7bd-35819fb47721/Oat%20Sachets%20Berry%20Variety%2012%20Pack%20420g
Pickle Chips Spicy Maple Bourbon 680g,$2.99,$4.40 per 1 kg,https://dm.apac.cms.aldi.cx/is/image/aldiprodapac/product/jpg/scaleWidth/232/d9d8cf93-ff69-46b1-907d-a56552038ace/Pickle%20Chips%20Spicy%20Maple%20Bourbon%20680g
On The Go Salted Mixed Nuts 5 Pack 225g,$4.69,$20.84 per 1 kg,https://dm.apac.cms.aldi.cx/is/image/aldiprodapac/product/jpg/scaleWidth/232/17bd1640-5c1b-4b84-8edd-de5dd954b110/On%20The%20Go%20Salted%20Mixed%20Nuts%205%20Pack%20225g
Club Cheddar Cheese Original 235g,$4.49,$19.11 per 1 kg,https://dm.apac.cms.aldi.cx/is/image/aldiprodapac/product/jpg/scaleWidth/232/9838d27c-811e-4ca8-b8fe-15c2927726db/Club%20Cheddar%20Cheese%20Original%20235g
Monte Carlo Cream Biscuits 250g,$3.49,$1.40 per 100 g,https://dm.apac.cms.aldi.cx/is/image/aldiprodapac/product/jpg/scaleWidth/232/b201e552-7041-49da-af94-3d0be8585e79/Monte%20Carlo%20Cream%20Biscuits%20250g
Italian Dessert Tiramisu 500g,$7.99,$1.60 per 100 g,https://dm.apac.cms.aldi.cx/is/image/aldiprodapac/product/jpg/scaleWidth/232/85ff6c09-8bc6-4969-a5ff-f83808c9352c/Italian%20Dessert%20Tiramisu%20500g
Original Mix Value Pack 350g,$5.49,$1.57 per 100 g,https://dm.apac.cms.aldi.cx/is/image/aldiprodapac/product/jpg/scaleWidth/232/037b6b71-d2af-4ab2-8e97-8cea983dfbde/Original%20Mix%20Value%20Pack%20350g
Sweet Potato Chips 750g,$4.59,$6.12 per 1 kg,https://dm.apac.cms.aldi.cx/is/image/aldiprodapac/product/jpg/scaleWidth/232/dffddc87-7762-401e-a3c3-ea5117ae57db/Sweet%20Potato%20Chips%20750g
Mashed Potato 1kg,$4.69,$4.69 per 1 kg,https://dm.apac.cms.aldi.cx/is/image/aldiprodapac/product/jpg/scaleWidth/232/ad40ebf2-dcb9-4efb-9b22-8cdc69eca5fa/Mashed%20Potato%201kg
Organic Decaffeinated Ground Coffee 250g,$9.99,$4.00 per 100 g,https://dm.apac.cms.aldi.cx/is/image/aldiprodapac/product/jpg/scaleWidth/232/8a094823-d1e6-4285-866c-c33cd80e8b5c/Organic%20Decaffeinated%20Ground%20Coffee%20250g
Pure Green Tea 50 Pack 75g,$2.19,$0.04 per 1 each,https://dm.apac.cms.aldi.cx/is/image/aldiprodapac/product/jpg/scaleWidth/232/a2b3ab9d-bd98-4ccc-9a7e-9c8837a44f13/Pure%20Green%20Tea%2050%20Pack%2075g
Assorted Trunk Organiser With Cooler,$14.99,,https://dm.apac.cms.aldi.cx/is/image/aldiprodapac/product/jpg/scaleWidth/232/15b6fba7-c41e-428b-8c67-76ec44e0388d/Assorted%20Trunk%20Organiser%20With%20Cooler
Smoked Salmon 200g,$9.99,$49.95 per 1 kg,https://dm.apac.cms.aldi.cx/is/image/aldiprodapac/product/jpg/scaleWidth/232/e685d4d7-bb55-4acb-8eba-dee628daf286/Smoked%20Salmon%20200g
"Thinly Sliced Turkey 4 pack, 320g",$7.59,$23.72 per 1 kg,https://dm.apac.cms.aldi.cx/is/image/aldiprodapac/product/jpg/scaleWidth/232/6cf8a2ef-bc80-4008-8700-26241c8c00b5/Thinly%20Sliced%20Turkey%204%20pack%20320g
Spanish Serrano Ham 80g,$4.49,$56.13 per 1 kg,https://dm.apac.cms.aldi.cx/is/image/aldiprodapac/product/jpg/scaleWidth/232/e5cf0844-bf9a-4ca4-81e8-0fe2f1931dca/Spanish%20Serrano%20Ham%2080g
Brown Sugar 1kg,$2.99,$0.30 per 100 g,https://dm.apac.cms.aldi.cx/is/image/aldiprodapac/product/jpg/scaleWidth/232/c6cc89ce-4458-49f5-9f55-7c3a87cc3442/Brown%20Sugar%201kg
KitKat 42g,$2.19,$5.21 per 100 g,https://dm.apac.cms.aldi.cx/is/image/aldiprodapac/product/jpg/scaleWidth/232/8c7c3903-2775-4d99-9c21-bac8fd45882e/KitKat%2042g
Assorted Super Strength Dishwashing Liquid 950ml,$2.99,$0.31 per 100 ml,https://dm.apac.cms.aldi.cx/is/image/aldiprodapac/product/jpg/scaleWidth/232/13cb570f-89e7-4971-8796-23b3d30148b3/Assorted%20Super%20Strength%20Dishwashing%20Liquid%20950ml
Assorted Daily Essentials Face Creams 30+ 50ml,$8.99,$17.98 per 100 ml,https://dm.apac.cms.aldi.cx/is/image/aldiprodapac/product/jpg/scaleWidth/232/a4275040-a229-4234-8253-113a2780edce/Assorted%20Daily%20Essentials%20Face%20Creams%2030%2050ml
Persian Fetta 180g,$3.99,$22.17 per 1 kg,https://dm.apac.cms.aldi.cx/is/image/aldiprodapac/product/jpg/scaleWidth/232/35e46882-fc3d-42d8-a62f-bd1dda83afc4/Persian%20Fetta%20180g
Organic Extra Virgin Coconut Oil 300g,$3.99,$1.33 per 100 g,https://dm.apac.cms.aldi.cx/is/image/aldiprodapac/product/jpg/scaleWidth/232/967b9889-b19a-4ac8-895e-34e4beea0a57/Organic%20Extra%20Virgin%20Coconut%20Oil%20300g
Carrots 1kg,$1.99,$1.99 per 1 kg,https://dm.apac.cms.aldi.cx/is/image/aldiprodapac/product/jpg/scaleWidth/232/e6b3b290-3a58-4a66-b5ae-d7fa067c630d/Carrots%201kg
Iced Coffee Flavoured Milk 2L,$4.99,$2.50 per 1 L,https://dm.apac.cms.aldi.cx/is/image/aldiprodapac/product/jpg/scaleWidth/232/2915a3ce-3da1-457f-b7bc-1546f4a1cf7c/Iced%20Coffee%20Flavoured%20Milk%202L
Red Kidney Beans 420g,$0.95,$2.26 per 1 kg,https://dm.apac.cms.aldi.cx/is/image/aldiprodapac/product/jpg/scaleWidth/232/007bdf97-5a00-4fdc-a47e-36c8c668dabe/Red%20Kidney%20Beans%20420g
Free Range Eggs 600g,$5.99,$1.00 per 100 g,https://dm.apac.cms.aldi.cx/is/image/aldiprodapac/product/jpg/scaleWidth/232/8d449faa-e6f9-40c3-87d6-2e9d52685b9b/Free%20Range%20Eggs%20600g
Bakehouse Gluten Free White Bread 440g,$4.99,$1.13 per 100 g,https://dm.apac.cms.aldi.cx/is/image/aldiprodapac/product/jpg/scaleWidth/232/52a5a3b5-ca9c-46bd-a453-47972ea7fd8e/Bakehouse%20Gluten%20Free%20White%20Bread%20440g
Smoked Oysters in Oil 85g,$1.39,$16.35 per 1 kg,https://dm.apac.cms.aldi.cx/is/image/aldiprodapac/product/jpg/scaleWidth/232/e2c4f473-4648-49d6-9b06-73ebfa45cf2c/Smoked%20Oysters%20in%20Oil%2085g
Tomato & Onion Tuna 95g,$1.09,$11.47 per 1 kg,https://dm.apac.cms.aldi.cx/is/image/aldiprodapac/product/jpg/scaleWidth/232/95664755-1f67-4f4a-8270-d49c09679a50/Tomato%20%20Onion%20Tuna%2095g
Desiccated Coconut 500g,$4.69,$9.38 per 1 kg,https://dm.apac.cms.aldi.cx/is/image/aldiprodapac/product/jpg/scaleWidth/232/1e9ff83d-57a0-4192-8f15-d90477dd7fbc/Desiccated%20Coconut%20500g
Body Wash 720ml,$8.49,$1.18 per 100 ml,https://dm.apac.cms.aldi.cx/is/image/aldiprodapac/product/jpg/scaleWidth/232/0d07ad5d-9b7d-47af-9797-77a736935418/Body%20Wash%20720ml
Knitted Garden Hose 30m,$39.99,,https://dm.apac.cms.aldi.cx/is/image/aldiprodapac/product/jpg/scaleWidth/232/c704f88e-5f63-443e-8daa-33852af98cba/Knitted%20Garden%20Hose%2030m
Concentrated Laundry Liquid 2L,$12.99,$6.50 per 1 L,https://dm.apac.cms.aldi.cx/is/image/aldiprodapac/product/jpg/scaleWidth/232/5ff89a17-b0c1-4cf5-b5a8-0a6a20dbca8e/Concentrated%20Laundry%20Liquid%202L
Digestives Biscuits 400g,$2.99,$0.75 per 100 g,https://dm.apac.cms.aldi.cx/is/image/aldiprodapac/product/jpg/scaleWidth/232/027349c0-8654-4e63-9b38-c78b7917c455/Digestives%20Biscuits%20400g
Passionfruit Yogurt 170g,$1.99,$1.17 per 100 g,https://dm.apac.cms.aldi.cx/is/image/aldiprodapac/product/jpg/scaleWidth/232/3bc436a0-19cd-4a78-b790-e4d7aa29ea83/Passionfruit%20Yogurt%20170g
Mini Blueberry Muffins 8 Pack,$3.99,$1.25 per 100 g,https://dm.apac.cms.aldi.cx/is/image/aldiprodapac/product/jpg/scaleWidth/232/d4a132df-439e-4c3d-a9cb-3974dea024e0/Mini%20Blueberry%20Muffins%208%20Pack
Chunky Chicken Soup 505g,$2.19,$0.43 per 100 g,https://dm.apac.cms.aldi.cx/is/image/aldiprodapac/product/jpg/scaleWidth/232/6cf1e18d-20d1-4823-b3fe-1bc400a0b6bc/Chunky%20Chicken%20Soup%20505g
Stevia Sweetener Tablets 300 Pack,$2.89,$0.96 per 100 each,https://dm.apac.cms.aldi.cx/is/image/aldiprodapac/product/jpg/scaleWidth/232/59a3e5c7-1df9-45bc-8c6b-b21a2aeb334a/Stevia%20Sweetener%20Tablets%20300%20Pack
Organic Carrot Baby Puffs 12g,$1.49,$12.42 per 100 g,https://dm.apac.cms.aldi.cx/is/image/aldiprodapac/product/jpg/scaleWidth/232/f7fa7a02-c3c6-44fd-bbec-ba9fb1eb8a1e/Organic%20Carrot%20Baby%20Puffs%2012g
Antipasto Mediterranean Olive 130g,$3.29,$2.53 per 100 g,https://dm.apac.cms.aldi.cx/is/image/aldiprodapac/product/jpg/scaleWidth/232/82788ffc-d418-4983-ac12-4884904fa671/Antipasto%20Mediterranean%20Olive%20130g
Nougat Bliss Peanut Butter 45g,$1.79,$3.98 per 100 g,https://dm.apac.cms.aldi.cx/is/image/aldiprodapac/product/jpg/scaleWidth/232/3f87a4a4-6219-46a8-9015-04d2e934e569/Nougat%20Bliss%20Peanut%20Butter%2045g
Assorted Solar Path Disc Lights 4 Pack,$19.99,,https://dm.apac.cms.aldi.cx/is/image/aldiprodapac/product/jpg/scaleWidth/232/b2b6eae6-7982-4869-bcbc-7bae5c884670/Assorted%20Solar%20Path%20Disc%20Lights%204%20Pack
Masala Instant Noodles 8 Pack,$3.79,$0.68 per 100 g,https://dm.apac.cms.aldi.cx/is/image/aldiprodapac/product/jpg/scaleWidth/232/24831ca3-7668-40f3-a966-cebebd94e075/Masala%20Instant%20Noodles%208%20Pack
Chunky Sous Vide Slow Cooked Beef Pies 2 Pack 400g,$6.49,$1.62 per 100 g,https://dm.apac.cms.aldi.cx/is/image/aldiprodapac/product/jpg/scaleWidth/232/79eb7723-2b51-41ab-9b76-b42c4a69836c/Chunky%20Sous%20Vide%20Slow%20Cooked%20Beef%20Pies%202%20Pack%20400g
Assorted Meal Replacement Bars 55g,$2.49,$4.53 per 100 g,https://dm.apac.cms.aldi.cx/is/image/aldiprodapac/product/jpg/scaleWidth/232/03afa20a-4b5e-49f5-9841-ed2c1e600744/Assorted%20Meal%20Replacement%20Bars%2055g
Cavendish Bananas Loose,$0.54/0.18 kg,$2.99 per 1 kg,https://dm.apac.cms.aldi.cx/is/image/aldiprodapac/product/jpg/scaleWidth/232/9494147d-0827-430b-8b66-92c1cefb4f52/Cavendish%20Bananas%20Loose
Prawn Laksa Spring Roll Cones 8 Pack 200g,$2.99,$1.50 per 100 g,https://dm.apac.cms.aldi.cx/is/image/aldiprodapac/product/jpg/scaleWidth/232/feb8bd79-8918-43a0-97b8-6fed170ff9a1/Prawn%20Laksa%20Spring%20Roll%20Cones%208%20Pack%20200g
Multigrain Brown Rice Crackers 100g,$1.49,$1.49 per 100 g,https://dm.apac.cms.aldi.cx/is/image/aldiprodapac/product/jpg/scaleWidth/232/4fd925b6-7142-40a2-a7f6-292936b2b7aa/Multigrain%20Brown%20Rice%20Crackers%20100g
Corned Beef Silverside,$13.77,$9.19 per 1 kg,https://dm.apac.cms.aldi.cx/is/image/aldiprodapac/product/jpg/scaleWidth/232/af8cc191-0671-4ee5-b3a2-ef305833e1c5/Corned%20Beef%20Silverside
Assorted Halloween Basket,$4.99,,https://dm.apac.cms.aldi.cx/is/image/aldiprodapac/product/jpg/scaleWidth/232/75654f7a-9686-460b-9a89-96309d40ca7c/Assorted%20Halloween%20Basket
Malbec Reserva 750ml,$11.99,,https://dm.apac.cms.aldi.cx/is/image/aldiprodapac/product/jpg/scaleWidth/232/23c2f777-9d94-41bc-9242-3290ce6b69ab/Malbec%20Reserva%20750ml
Organic Corn Chips 200g,$3.39,$1.70 per 100 g,https://dm.apac.cms.aldi.cx/is/image/aldiprodapac/product/jpg/scaleWidth/232/3c906a6f-cf59-41a9-b7cb-5856dcb53a8a/Organic%20Corn%20Chips%20200g
Beef Porterhouse Steak with Garlic and Herb Butter 400g,$14.99,$37.48 per 1 kg,https://dm.apac.cms.aldi.cx/is/image/aldiprodapac/product/jpg/scaleWidth/232/93fc4a76-f5ba-4fce-81b6-7da60000a554/Beef%20Porterhouse%20Steak%20with%20Garlic%20and%20Herb%20Butter%20400g
Organic Full Cream Milk 2L,$4.49,$2.25 per 1 L,https://dm.apac.cms.aldi.cx/is/image/aldiprodapac/product/jpg/scaleWidth/232/e9a65400-4946-40c8-b218-8399f3b2ed88/Organic%20Full%20Cream%20Milk%202L
Plus Protein Chocolate No Added Sugar Flavoured Milk 500ml,$3.89,$7.78 per 1 L,https://dm.apac.cms.aldi.cx/is/image/aldiprodapac/product/jpg/scaleWidth/232/d643d4c8-b225-4c8d-be91-c9816a1b4e6b/Plus%20Protein%20Chocolate%20No%20Added%20Sugar%20Flavoured%20Milk%20500ml
Strawberry Flavoured Cr√®me Wafers 125g,$0.79,$0.63 per 100 g,https://dm.apac.cms.aldi.cx/is/image/aldiprodapac/product/jpg/scaleWidth/232/6a3b07e1-5422-40af-a5c3-87e064da3b9f/Strawberry%20Flavoured%20Crme%20Wafers%20125g
Soy Sauce Ginger & Garlic Salmon 95g,$1.49,$15.68 per 1 kg,https://dm.apac.cms.aldi.cx/is/image/aldiprodapac/product/jpg/scaleWidth/232/d7352580-609f-4b42-b299-1dc883cdc4dd/Soy%20Sauce%20Ginger%20%20Garlic%20Salmon%2095g
Car Cleaning Assortment,$12.99,,https://dm.apac.cms.aldi.cx/is/image/aldiprodapac/product/jpg/scaleWidth/232/a10a0da3-d13e-42c7-a1f3-b98cdcbc6121/Car%20Cleaning%20Assortment
Brown Onions Loose,$0.63/0.18 kg,$3.49 per 1 kg,https://dm.apac.cms.aldi.cx/is/image/aldiprodapac/product/jpg/scaleWidth/232/5aa85ab0-4992-4345-9b23-741977ff001b/Brown%20Onions%20Loose
Microwave Potatoes 500g,$2.69,$5.38 per 1 kg,https://dm.apac.cms.aldi.cx/is/image/aldiprodapac/product/jpg/scaleWidth/232/0fcb1eac-a092-4b40-a533-73c9dbefbb32/Microwave%20Potatoes%20500g
Triple Smoked Pan Size Bacon 200g,$3.99,$19.95 per 1 kg,https://dm.apac.cms.aldi.cx/is/image/aldiprodapac/product/jpg/scaleWidth/232/a4d46906-9e4c-4a5b-936e-9177b03481d2/Triple%20Smoked%20Pan%20Size%20Bacon%20200g
Professional Garden Gloves,$10.99,,https://dm.apac.cms.aldi.cx/is/image/aldiprodapac/product/jpg/scaleWidth/232/2f687773-0a1f-4f77-8926-d6143e66298a/Professional%20Garden%20Gloves
Assorted Chindi Rug,$24.99,,https://dm.apac.cms.aldi.cx/is/image/aldiprodapac/product/jpg/scaleWidth/232/d7833e3f-4865-425e-b09f-fca553b03e0b/Assorted%20Chindi%20Rug
Champagne Brut 750ml,$34.99,,https://dm.apac.cms.aldi.cx/is/image/aldiprodapac/product/jpg/scaleWidth/232/4164df99-fa31-43e1-8bac-932b66ea94c7/Champagne%20Brut%20750ml
Assorted Tape,$5.99,,https://dm.apac.cms.aldi.cx/is/image/aldiprodapac/product/jpg/scaleWidth/232/d029b196-c0b8-4b2c-9ce7-fe796bb1e965/Assorted%20Tape
Crumbed Prawn Cutlets 360g,$5.99,$16.64 per 1 kg,https://dm.apac.cms.aldi.cx/is/image/aldiprodapac/product/jpg/scaleWidth/232/17ccac91-c16f-46e1-9ef1-31735761cdac/Crumbed%20Prawn%20Cutlets%20360g
Potato Jewels 1kg,$4.99,$4.99 per 1 kg,https://dm.apac.cms.aldi.cx/is/image/aldiprodapac/product/jpg/scaleWidth/232/06750fd8-c310-4f76-9105-868f0796223d/Potato%20Jewels%201kg
Wet and Dry Vacuum Cleaner,$299.00,,https://dm.apac.cms.aldi.cx/is/image/aldiprodapac/product/jpg/scaleWidth/232/720eae35-14fb-4b0b-9e8d-41cb765a2be2/Wet%20and%20Dry%20Vacuum%20Cleaner
Lime Jelly 85g,$1.19,$1.40 per 100 g,https://dm.apac.cms.aldi.cx/is/image/aldiprodapac/product/jpg/scaleWidth/232/eaf9c5d3-6f94-4db5-ab9c-9d0887ff6b7c/Lime%20Jelly%2085g
Natural Spring Water 10L,$4.69,$0.47 per 1 L,https://dm.apac.cms.aldi.cx/is/image/aldiprodapac/product/jpg/scaleWidth/232/94459b29-5be4-4678-917f-daf015634a06/Natural%20Spring%20Water%2010L
Liquid Hand Wash 3 Pack 250ml,$5.99,$0.80 per 100 ml,https://dm.apac.cms.aldi.cx/is/image/aldiprodapac/product/jpg/scaleWidth/232/94063702-8c02-4645-8b5d-30d1f445f74a/Liquid%20Hand%20Wash%203%20Pack%20250ml
Vacuum Food Sealer Bags,$14.99,,https://dm.apac.cms.aldi.cx/is/image/aldiprodapac/product/jpg/scaleWidth/232/d219e712-d18e-4860-851d-fe99456fbe66/Vacuum%20Food%20Sealer%20Bags
Espresso Ristretto Coffee Capsules 10 Pack x 3,$18.99,$0.63 per 1 each,https://dm.apac.cms.aldi.cx/is/image/aldiprodapac/product/jpg/scaleWidth/232/8eeeaf3c-9a1c-40f3-9243-1d4268ff83f9/Espresso%20Ristretto%20Coffee%20Capsules%2010%20Pack%20x%203
Snack Stix Mild 200g,$4.39,$21.95 per 1 kg,https://dm.apac.cms.aldi.cx/is/image/aldiprodapac/product/jpg/scaleWidth/232/886210ae-0831-4449-ac39-6e4353b88850/Snack%20Stix%20Mild%20200g
Banana Baby Rice Rusk 8+ Months 36g,$2.49,$6.92 per 100 g,https://dm.apac.cms.aldi.cx/is/image/aldiprodapac/product/jpg/scaleWidth/232/bcaed8e8-e463-4907-afb3-93faba70f371/Banana%20Baby%20Rice%20Rusk%208%20Months%2036g
Crunchy Duo 218g,$7.99,,https://dm.apac.cms.aldi.cx/is/image/aldiprodapac/product/jpg/scaleWidth/232/33c59d82-6195-4b03-bf76-7c2c1322e677/Crunchy%20Duo%20218g
Chicken Flavoured Salt 70g,$2.69,$0.38 per 10 g,https://dm.apac.cms.aldi.cx/is/image/aldiprodapac/product/jpg/scaleWidth/232/343e5e3f-c817-4a43-aff9-d223317911ce/Chicken%20Flavoured%20Salt%2070g
Tuna with Sweet Chilli & Onion 95g,$1.09,$11.47 per 1 kg,https://dm.apac.cms.aldi.cx/is/image/aldiprodapac/product/jpg/scaleWidth/232/36647069-82e4-427c-975c-04c362ee6090/Tuna%20with%20Sweet%20Chilli%20%20Onion%2095g
Kinder Surprise Egg Original 20g,$2.49,$12.45 per 100 g,https://dm.apac.cms.aldi.cx/is/image/aldiprodapac/product/jpg/scaleWidth/232/55217645-cf75-4c16-aafe-a50b9bb550c3/Kinder%20Surprise%20Egg%20Original%2020g
Chilli Lime Crunch Salad Kit 350g,$4.99,$14.26 per 1 kg,https://dm.apac.cms.aldi.cx/is/image/aldiprodapac/product/jpg/scaleWidth/232/45e8aa4a-3caa-450e-8d4e-0d759968f61b/Chilli%20Lime%20Crunch%20Salad%20Kit%20350g
Laundry Powder 4kg,$4.99,$1.25 per 1 kg,https://dm.apac.cms.aldi.cx/is/image/aldiprodapac/product/jpg/scaleWidth/232/40ceae86-f003-41a7-b268-0ed914d5616e/Laundry%20Powder%204kg
Beef T-Bone Steak,$10.29,$30.99 per 1 kg,https://dm.apac.cms.aldi.cx/is/image/aldiprodapac/product/jpg/scaleWidth/232/8bc7ea33-3372-4f61-a9ab-6485edce7378/Beef%20TBone%20Steak
Beef Flavour Stock Powder 168g,$2.99,$0.18 per 10 g,https://dm.apac.cms.aldi.cx/is/image/aldiprodapac/product/jpg/scaleWidth/232/a7aed17d-9716-4817-9ddf-967e32d6e067/Beef%20Flavour%20Stock%20Powder%20168g
Italian Dessert Truffle 500g,$7.99,$1.60 per 100 g,https://dm.apac.cms.aldi.cx/is/image/aldiprodapac/product/jpg/scaleWidth/232/3ea59413-0c17-4769-abfc-f5af2a004f09/Italian%20Dessert%20Truffle%20500g
Hoisin Pork 500g,$9.99,$19.98 per 1 kg,https://dm.apac.cms.aldi.cx/is/image/aldiprodapac/product/jpg/scaleWidth/232/296253f4-3709-46d7-a993-3ea0d265ce1a/Hoisin%20Pork%20500g
Pizza Shredded Cheese 500g,$6.29,$12.58 per 1 kg,https://dm.apac.cms.aldi.cx/is/image/aldiprodapac/product/jpg/scaleWidth/232/cdc14481-db3a-4399-bca3-a0b87945057c/Pizza%20Shredded%20Cheese%20500g
2x20v Cordless Lawn Mower Kit,$199.00,,https://dm.apac.cms.aldi.cx/is/image/aldiprodapac/product/jpg/scaleWidth/232/58c27434-97e7-4d32-add4-761936f9c1ff/2x20v%20Cordless%20Lawn%20Mower%20Kit
Yoghurt Coated Sultanas 6 Snack Pack,$3.69,$20.50 per 1 kg,https://dm.apac.cms.aldi.cx/is/image/aldiprodapac/product/jpg/scaleWidth/232/ef8fa3b1-9887-4952-90b8-b612f56e3a33/Yoghurt%20Coated%20Sultanas%206%20Snack%20Pack
TeeVee Snacks Biscuits Malt Sticks 175g,$2.79,$1.59 per 100 g,https://dm.apac.cms.aldi.cx/is/image/aldiprodapac/product/jpg/scaleWidth/232/3277dae2-cacc-4034-ae66-38b8e331ce88/TeeVee%20Snacks%20Biscuits%20Malt%20Sticks%20175g
Chopped Onions 500g,$2.79,$5.58 per 1 kg,https://dm.apac.cms.aldi.cx/is/image/aldiprodapac/product/jpg/scaleWidth/232/e8332a4c-139d-44bd-a346-229696c7d3f5/Chopped%20Onions%20500g
Spider Stix Variety 10 Pack 750ml,$4.99,$0.67 per 100 ml,https://dm.apac.cms.aldi.cx/is/image/aldiprodapac/product/jpg/scaleWidth/232/a6262d6c-a7e1-463b-ae34-a0cedeeb5cce/Spider%20Stix%20Variety%2010%20Pack%20750ml
White Sliced Mushrooms 500g,$5.99,$11.98 per 1 kg,https://dm.apac.cms.aldi.cx/is/image/aldiprodapac/product/jpg/scaleWidth/232/84b032dd-b311-484d-a0b6-14994e839b03/White%20Sliced%20Mushrooms%20500g
Chocolate Chip Brioche Milk Rolls 8 Pack 280g,$4.69,$1.68 per 100 g,https://dm.apac.cms.aldi.cx/is/image/aldiprodapac/product/jpg/scaleWidth/232/f2efa456-39e2-4bc9-93c5-5ff8030239f2/Chocolate%20Chip%20Brioche%20Milk%20Rolls%208%20Pack%20280g
Original Taramosalata 200g,$2.69,$1.35 per 100 g,https://dm.apac.cms.aldi.cx/is/image/aldiprodapac/product/jpg/scaleWidth/232/2dc5aea2-e322-4a9a-9d85-d21a8ce6f518/Original%20Taramosalata%20200g
Non Slip Mat Bulk Pack,$8.99,,https://dm.apac.cms.aldi.cx/is/image/aldiprodapac/product/jpg/scaleWidth/232/f89c7e13-ae1b-4c19-a992-d2ca7deb5e48/Non%20Slip%20Mat%20Bulk%20Pack
Delightful Chocolate Waves Mint 125g,$4.99,$3.99 per 100 g,https://dm.apac.cms.aldi.cx/is/image/aldiprodapac/product/jpg/scaleWidth/232/0a0b2c4c-1b6e-4610-b77f-82fedd177ea9/Delightful%20Chocolate%20Waves%20Mint%20125g
Thai Style Rice Noodles 200g,$1.39,$0.70 per 100 g,https://dm.apac.cms.aldi.cx/is/image/aldiprodapac/product/jpg/scaleWidth/232/1f1ae0b2-3133-4a15-8cfc-6ee80e1f8677/Thai%20Style%20Rice%20Noodles%20200g
Beef Lasagne 2kg,$11.49,$0.57 per 100 g,https://dm.apac.cms.aldi.cx/is/image/aldiprodapac/product/jpg/scaleWidth/232/d57e5d74-23b7-48cf-829a-284de2cd5f72/Beef%20Lasagne%202kg
Pink Lady Apples Loose,$1.10/0.2 kg,$5.49 per 1 kg,https://dm.apac.cms.aldi.cx/is/image/aldiprodapac/product/jpg/scaleWidth/232/195ba99f-fe84-46da-9117-ff2377f4041b/Pink%20Lady%20Apples%20Loose
Microwave Rice Pouch Long Grain White 250g,$1.65,$0.66 per 100 g,https://dm.apac.cms.aldi.cx/is/image/aldiprodapac/product/jpg/scaleWidth/232/5b585e0b-138f-4d33-9ae6-ca6d85bf7afb/Microwave%20Rice%20Pouch%20Long%20Grain%20White%20250g
Organic Coconut Milk 400ml,$1.99,$0.50 per 100 ml,https://dm.apac.cms.aldi.cx/is/image/aldiprodapac/product/jpg/scaleWidth/232/0798b22f-1d16-4c6d-b87d-739546336ef2/Organic%20Coconut%20Milk%20400ml
Men's Body Spray 93g,$4.49,$4.83 per 100 g,https://dm.apac.cms.aldi.cx/is/image/aldiprodapac/product/jpg/scaleWidth/232/c9901331-660e-4bd1-a605-ece8f44dace9/Mens%20Body%20Spray%2093g
Mandarins 1kg,$3.99,$3.99 per 1 kg,https://dm.apac.cms.aldi.cx/is/image/aldiprodapac/product/jpg/scaleWidth/232/ef347f32-d8b2-47a7-a75b-1edf1cbfa855/Mandarins%201kg
Cream Cheese Block 250g,$2.85,$11.40 per 1 kg,https://dm.apac.cms.aldi.cx/is/image/aldiprodapac/product/jpg/scaleWidth/232/b1652912-ae9c-45ce-a0c3-c8ef1287dec9/Cream%20Cheese%20Block%20250g
Baby Broccoli bunch,$1.99,$1.99 per 1 each,https://dm.apac.cms.aldi.cx/is/image/aldiprodapac/product/jpg/scaleWidth/232/a2ed6de5-0413-4b66-8318-f29abd05d0fa/Baby%20Broccoli%20bunch
Harvest Snaps Original Salted 200g,$4.99,$2.50 per 100 g,https://dm.apac.cms.aldi.cx/is/image/aldiprodapac/product/jpg/scaleWidth/232/2a19d6ba-727f-42ab-a7c8-dbfd6ad83971/Harvest%20Snaps%20Original%20Salted%20200g
Silver Scoop Boysenberry 2L,$5.49,$0.27 per 100 ml,https://dm.apac.cms.aldi.cx/is/image/aldiprodapac/product/jpg/scaleWidth/232/ce44f1d3-57e4-4bb7-a69d-3691a743e85a/Silver%20Scoop%20Boysenberry%202L
Rawhide Treats,$4.69,$1.17 per 1 each,https://dm.apac.cms.aldi.cx/is/image/aldiprodapac/product/jpg/scaleWidth/232/c928c33d-8a9c-4e65-951b-d7e1941cebb9/Rawhide%20Treats
Tomato Sauce 2L,$4.99,$0.25 per 100 ml,https://dm.apac.cms.aldi.cx/is/image/aldiprodapac/product/jpg/scaleWidth/232/6338c8e6-2d55-40ab-bca1-8efce3f3a6bf/Tomato%20Sauce%202L
Cabernet Sauvignon 750ml,$5.99,,https://dm.apac.cms.aldi.cx/is/image/aldiprodapac/product/jpg/scaleWidth/232/bb2d6e3a-1ad2-4d32-b3be-e143e28886c3/Cabernet%20Sauvignon%20750ml
Tempranillo Bobal Superior 750mL,$6.99,,https://dm.apac.cms.aldi.cx/is/image/aldiprodapac/product/jpg/scaleWidth/232/2567e3a7-05d9-4f93-ae94-182307e494e4/Tempranillo%20Bobal%20Superior%20750mL
Assorted Liquid Hand Wash 250ml,$1.99,$0.80 per 100 ml,https://dm.apac.cms.aldi.cx/is/image/aldiprodapac/product/jpg/scaleWidth/232/c5e4e141-431d-47a0-83a0-144a1230f273/Assorted%20Liquid%20Hand%20Wash%20250ml
Palazzo Dark Chocolate Biscuits 125g,$3.49,$2.79 per 100 g,https://dm.apac.cms.aldi.cx/is/image/aldiprodapac/product/jpg/scaleWidth/232/34b15219-8713-4144-8efd-3422f5fa22f2/Palazzo%20Dark%20Chocolate%20Biscuits%20125g
English Breakfast Tea Bags 50 Pack,$1.99,$0.04 per 1 each,https://dm.apac.cms.aldi.cx/is/image/aldiprodapac/product/jpg/scaleWidth/232/9fbe7a1f-8f4f-42ae-9849-7f1fbe39a31d/English%20Breakfast%20Tea%20Bags%2050%20Pack
English Muffins 6 Pack 400g,$2.79,$0.47 per 1 each,https://dm.apac.cms.aldi.cx/is/image/aldiprodapac/product/jpg/scaleWidth/232/63c0d014-7287-446a-9d0c-dcea428896f2/English%20Muffins%206%20Pack%20400g
High Protein Lasagne 350g,$7.99,$2.66 per 100 g,https://dm.apac.cms.aldi.cx/is/image/aldiprodapac/product/jpg/scaleWidth/232/71d1ec8d-1388-42ee-aa0b-fada2affc6b0/High%20Protein%20Lasagne%20350g
Wok Ready Sinapore Style Noodles 400g,$1.69,$0.42 per 100 g,https://dm.apac.cms.aldi.cx/is/image/aldiprodapac/product/jpg/scaleWidth/232/67e00675-2e95-4d4a-b026-871ecc64f77f/Wok%20Ready%20Sinapore%20Style%20Noodles%20400g
Skin Science Caviar Illumination Luxury Anti Ageing Serum 15ml,$14.99,$99.93 per 100 ml,https://dm.apac.cms.aldi.cx/is/image/aldiprodapac/product/jpg/scaleWidth/232/25f2bfbc-a950-4e80-9520-334f28e3a5d1/Skin%20Science%20Caviar%20Illumination%20Luxury%20Anti%20Ageing%20Serum%2015ml
Yellowfin Tuna Chunks Italian Style in Oil with Chilli 185g,$2.29,$12.38 per 1 kg,https://dm.apac.cms.aldi.cx/is/image/aldiprodapac/product/jpg/scaleWidth/232/19984aeb-23dd-4555-9f90-ce37010de3eb/Yellowfin%20Tuna%20Chunks%20Italian%20Style%20in%20Oil%20with%20Chilli%20185g
The Best White Sandwich Bread 700g,$3.79,$0.54 per 100 g,https://dm.apac.cms.aldi.cx/is/image/aldiprodapac/product/jpg/scaleWidth/232/739edc5a-dc04-4400-be0e-8b1c203105dc/The%20Best%20White%20Sandwich%20Bread%20700g
Almond Fingers 6 Pack 280g,$2.79,$1.00 per 100 g,https://dm.apac.cms.aldi.cx/is/image/aldiprodapac/product/jpg/scaleWidth/232/d9147159-82e2-4cff-a1a3-12f0d3a337e3/Almond%20Fingers%206%20Pack%20280g
Assorted Anti-Wrinkle Face Creams 55+ 50ml,$8.99,$17.98 per 100 ml,https://dm.apac.cms.aldi.cx/is/image/aldiprodapac/product/jpg/scaleWidth/232/7d6edd73-b7b9-4a91-a3b2-cc94c7589907/Assorted%20AntiWrinkle%20Face%20Creams%2055%2050ml
Funghi Thin Crust Vegetarian Pizza 365g,$5.99,$1.64 per 100 g,https://dm.apac.cms.aldi.cx/is/image/aldiprodapac/product/jpg/scaleWidth/232/5057222e-45f3-4783-92bd-65111904de7a/Funghi%20Thin%20Crust%20Vegetarian%20Pizza%20365g
Uncrystallised Ginger 200g,$3.99,$19.95 per 1 kg,https://dm.apac.cms.aldi.cx/is/image/aldiprodapac/product/jpg/scaleWidth/232/f5ffbdd1-ce7a-4e77-a432-bca5d549338e/Uncrystallised%20Ginger%20200g
Instant Noodles Spicy Singapore 5 Pack 85g,$1.99,$0.47 per 100 g,https://dm.apac.cms.aldi.cx/is/image/aldiprodapac/product/jpg/scaleWidth/232/6a8163ad-e0cb-40b0-9f8b-a833056eeacd/Instant%20Noodles%20Spicy%20Singapore%205%20Pack%2085g
Ginger Beer 10x330ml,$44.99,,https://dm.apac.cms.aldi.cx/is/image/aldiprodapac/product/jpg/scaleWidth/232/4e961d53-1102-4696-a811-df9d90a0db1e/Ginger%20Beer%2010x330ml
Beef Flavour Stock Cubes 21 Pack 105g,$2.49,$0.24 per 10 g,https://dm.apac.cms.aldi.cx/is/image/aldiprodapac/product/jpg/scaleWidth/232/f958e07b-7b1c-4a86-8055-64cf8dad5c7e/Beef%20Flavour%20Stock%20Cubes%2021%20Pack%20105g
Assorted Halloween Meerkats,$9.99,,https://dm.apac.cms.aldi.cx/is/image/aldiprodapac/product/jpg/scaleWidth/232/9e41e8c4-6dab-4103-94d2-5a27c2353196/Assorted%20Halloween%20Meerkats
Cafe Style Raisin Loaf 650g,$3.59,$0.55 per 100 g,https://dm.apac.cms.aldi.cx/is/image/aldiprodapac/product/jpg/scaleWidth/232/0b242266-6d99-4809-b9e0-4953d31d3657/Cafe%20Style%20Raisin%20Loaf%20650g
Caramel Ice Cream Topping 625g,$1.89,$0.30 per 100 g,https://dm.apac.cms.aldi.cx/is/image/aldiprodapac/product/jpg/scaleWidth/232/84b3ce9f-1deb-4e15-9b11-6e307826d0cd/Caramel%20Ice%20Cream%20Topping%20625g
Organic Tricolour Quinoa 500g,$5.49,$1.10 per 100 g,https://dm.apac.cms.aldi.cx/is/image/aldiprodapac/product/jpg/scaleWidth/232/8e3c9591-6a66-46da-b4ac-168709029d02/Organic%20Tricolour%20Quinoa%20500g
Scented Baby Wipes with Coconut Oil 6x80 Pack,$10.99,$2.29 per 100 each,https://dm.apac.cms.aldi.cx/is/image/aldiprodapac/product/jpg/scaleWidth/232/7968868c-1951-4743-8ca5-ca2a24fc51bf/Scented%20Baby%20Wipes%20with%20Coconut%20Oil%206x80%20Pack
Tomato Salsa Salmon 95g,$1.49,$15.68 per 1 kg,https://dm.apac.cms.aldi.cx/is/image/aldiprodapac/product/jpg/scaleWidth/232/0bdde60d-92df-4605-add9-a241d48e1920/Tomato%20Salsa%20Salmon%2095g
Organic Salted Butter 250g,$4.79,$1.92 per 100 g,https://dm.apac.cms.aldi.cx/is/image/aldiprodapac/product/jpg/scaleWidth/232/a919ec90-20ba-4cb5-9dbd-d52b96431f8c/Organic%20Salted%20Butter%20250g
Bakehouse Dark Rye Bread 700g,$3.69,$0.53 per 100 g,https://dm.apac.cms.aldi.cx/is/image/aldiprodapac/product/jpg/scaleWidth/232/5ed75fd4-8443-4ecc-86cc-3c721c310af3/Bakehouse%20Dark%20Rye%20Bread%20700g
Manuka Honey MGO 100+ 250g,$9.29,$3.72 per 100 g,https://dm.apac.cms.aldi.cx/is/image/aldiprodapac/product/jpg/scaleWidth/232/ce79ae89-1cd4-4056-9947-4617ac58c46c/Manuka%20Honey%20MGO%20100%20250g
8 Pack 250ml,$13.99,$7.00 per 1 L,https://dm.apac.cms.aldi.cx/is/image/aldiprodapac/product/jpg/scaleWidth/232/09b66cf5-fb5e-4408-b6a4-775041a2fc3b/8%20Pack%20250ml
Free Range Fresh Whole Chicken,$10.18,$5.99 per 1 kg,https://dm.apac.cms.aldi.cx/is/image/aldiprodapac/product/jpg/scaleWidth/232/b787d33c-83ed-462e-93ac-0d6d58627f3c/Free%20Range%20Fresh%20Whole%20Chicken
Mild Curry Tuna 95g,$1.09,$11.47 per 1 kg,https://dm.apac.cms.aldi.cx/is/image/aldiprodapac/product/jpg/scaleWidth/232/09fe10ba-9e8f-4a4d-849f-81b78be722df/Mild%20Curry%20Tuna%2095g
Baked Beans 3 Pack 300g,$6.99,$0.78 per 100 g,https://dm.apac.cms.aldi.cx/is/image/aldiprodapac/product/jpg/scaleWidth/232/15c57c74-f0e1-476c-bdbd-9d40b47f24d2/Baked%20Beans%203%20Pack%20300g
Bulk Sandwich Bags,$7.99,,https://dm.apac.cms.aldi.cx/is/image/aldiprodapac/product/jpg/scaleWidth/232/dd343bab-0405-493c-b24f-8c365ceb938c/Bulk%20Sandwich%20Bags
Coriander Indian Spices 170g,$4.29,$0.25 per 10 g,https://dm.apac.cms.aldi.cx/is/image/aldiprodapac/product/jpg/scaleWidth/232/ae62476a-5de4-47a6-8400-839ddc750d38/Coriander%20Indian%20Spices%20170g
Chicken Breast Tenders 400g,$3.99,$9.98 per 1 kg,https://dm.apac.cms.aldi.cx/is/image/aldiprodapac/product/jpg/scaleWidth/232/a9f7776c-7170-4350-93d2-fbe3892f2129/Chicken%20Breast%20Tenders%20400g
Mini's Sour Cream & Onion 30 Pack 570g,$14.99,$2.63 per 100 g,https://dm.apac.cms.aldi.cx/is/image/aldiprodapac/product/jpg/scaleWidth/232/0762cf32-a406-4055-8d8b-11a796ad0de4/Minis%20Sour%20Cream%20%20Onion%2030%20Pack%20570g
Triple Choc Cookies 5 Pack 320g,$3.49,$0.70 per 1 each,https://dm.apac.cms.aldi.cx/is/image/aldiprodapac/product/jpg/scaleWidth/232/c7594a54-260f-4c72-b189-7bf9f3cb30fd/Triple%20Choc%20Cookies%205%20Pack%20320g
Herring Fillets In Curry & Pineapple Sauce 200g,$2.29,$11.45 per 1 kg,https://dm.apac.cms.aldi.cx/is/image/aldiprodapac/product/jpg/scaleWidth/232/8cc052fc-1b3b-4d56-9f11-20d8273422b2/Herring%20Fillets%20In%20Curry%20%20Pineapple%20Sauce%20200g
Cappuccino 10 Pack 160g,$4.39,$0.44 per 1 each,https://dm.apac.cms.aldi.cx/is/image/aldiprodapac/product/jpg/scaleWidth/232/d793c2ec-8c1e-4750-9db4-3044958ade71/Cappuccino%2010%20Pack%20160g
Marinated Chicken Roasting Pieces,$10.78,$5.99 per 1 kg,https://dm.apac.cms.aldi.cx/is/image/aldiprodapac/product/jpg/scaleWidth/232/d84ae505-8fd9-49e6-9bf0-4ffb2d95400e/Marinated%20Chicken%20Roasting%20Pieces
Watervale Clare Valley Riesling 750ml,$9.99,,https://dm.apac.cms.aldi.cx/is/image/aldiprodapac/product/jpg/scaleWidth/232/86cf6a3c-2369-4c1d-a072-1e7efc41ce37/Watervale%20Clare%20Valley%20Riesling%20750ml
Barbeque Sauce 500ml,$1.85,$0.37 per 100 ml,https://dm.apac.cms.aldi.cx/is/image/aldiprodapac/product/jpg/scaleWidth/232/60bd893a-a2c1-4ff0-8443-2c788a0c72d0/Barbeque%20Sauce%20500ml
Sundried Tomato Halves 280g,$2.59,$9.25 per 1 kg,https://dm.apac.cms.aldi.cx/is/image/aldiprodapac/product/jpg/scaleWidth/232/6ab546a9-5579-4c02-b893-504b10315736/Sundried%20Tomato%20Halves%20280g
Cut Butternut Pumpkins Loose,$2.09/0.7 kg,$2.99 per 1 kg,https://dm.apac.cms.aldi.cx/is/image/aldiprodapac/product/jpg/scaleWidth/232/31b313e7-f9da-413a-8a66-872200f2a009/Cut%20Butternut%20Pumpkins%20Loose
Banana Custard 6+ Months Baby Food 120g,$0.95,$0.79 per 100 g,https://dm.apac.cms.aldi.cx/is/image/aldiprodapac/product/jpg/scaleWidth/232/7e9dd12a-9ecb-4511-8244-94483c206a00/Banana%20Custard%206%20Months%20Baby%20Food%20120g
Basmati Rice 1kg,$3.99,$0.40 per 100 g,https://dm.apac.cms.aldi.cx/is/image/aldiprodapac/product/jpg/scaleWidth/232/a560b507-81e7-4363-8287-50db45da54a0/Basmati%20Rice%201kg
Hydration Sport Drink Arctic Chill 500ml,$1.39,$2.78 per 1 L,https://dm.apac.cms.aldi.cx/is/image/aldiprodapac/product/jpg/scaleWidth/232/6de2cc85-ecf2-44c8-b77e-b5efa977f403/Hydration%20Sport%20Drink%20Arctic%20Chill%20500ml
Chicken Flavoured Noodle Snacks 12 Pack 300g,$3.49,$1.16 per 100 g,https://dm.apac.cms.aldi.cx/is/image/aldiprodapac/product/jpg/scaleWidth/232/c2517f54-ba89-4291-b2d3-74a0fe1a2ef9/Chicken%20Flavoured%20Noodle%20Snacks%2012%20Pack%20300g
Thin & Crispy Original Rice Crackers 6 Pack 120g,$2.99,$2.49 per 100 g,https://dm.apac.cms.aldi.cx/is/image/aldiprodapac/product/jpg/scaleWidth/232/440f5b67-0920-4c7b-8af7-d697749cb58b/Thin%20%20Crispy%20Original%20Rice%20Crackers%206%20Pack%20120g
3 Star Beef Mince,$21.83,$11.49 per 1 kg,https://dm.apac.cms.aldi.cx/is/image/aldiprodapac/product/jpg/scaleWidth/232/19ef9b67-9c61-4233-abfb-ae90c5c53237/3%20Star%20Beef%20Mince
Paddle Pop Choc Banana 8 Pack 544ml,$6.99,$1.28 per 100 ml,https://dm.apac.cms.aldi.cx/is/image/aldiprodapac/product/jpg/scaleWidth/232/da439964-1c1e-49a3-a2e9-bd8773134926/Paddle%20Pop%20Choc%20Banana%208%20Pack%20544ml
Shiraz Cabernet Sauvignon Cleanskins 6 Pack 750mL,$15.99,,https://dm.apac.cms.aldi.cx/is/image/aldiprodapac/product/jpg/scaleWidth/232/ffc07622-b8e3-4786-ab8d-608c2e3a50cb/Shiraz%20Cabernet%20Sauvignon%20Cleanskins%206%20Pack%20750mL
Tangfastics 300g,$3.69,$1.23 per 100 g,https://dm.apac.cms.aldi.cx/is/image/aldiprodapac/product/jpg/scaleWidth/232/6c4ff9c9-1f90-4840-99b1-1163aeee5b08/Tangfastics%20300g
Eucalyptus Oil 200ml,$12.99,$6.50 per 100 ml,https://dm.apac.cms.aldi.cx/is/image/aldiprodapac/product/jpg/scaleWidth/232/19c76969-85bd-46f4-a685-e20e8507ddd9/Eucalyptus%20Oil%20200ml
Cheese Sauce Mix 29g,$0.99,$0.34 per 10 g,https://dm.apac.cms.aldi.cx/is/image/aldiprodapac/product/jpg/scaleWidth/232/d6a8bdef-e8e1-4a2c-b7cb-50d84a5ce985/Cheese%20Sauce%20Mix%2029g
Roast Beef Sliced 100g,$3.49,$34.90 per 1 kg,https://dm.apac.cms.aldi.cx/is/image/aldiprodapac/product/jpg/scaleWidth/232/60ae79af-64d4-48ae-8037-e3d1e3b8b46f/Roast%20Beef%20Sliced%20100g
Crumbed Chicken Tenders Buffalo Style 400g,$7.39,$18.48 per 1 kg,https://dm.apac.cms.aldi.cx/is/image/aldiprodapac/product/jpg/scaleWidth/232/13f7cf18-ac2c-41b6-807a-45f5aea77c3a/Crumbed%20Chicken%20Tenders%20Buffalo%20Style%20400g
"Chicken, Fetta & Parsley Sausages 500g",$7.99,$15.98 per 1 kg,https://dm.apac.cms.aldi.cx/is/image/aldiprodapac/product/jpg/scaleWidth/232/d18f790b-ca1b-4918-af41-fa283895e496/Chicken%20Fetta%20%20Parsley%20Sausages%20500g
3.5 L Airfryer,$49.99,,https://dm.apac.cms.aldi.cx/is/image/aldiprodapac/product/jpg/scaleWidth/232/7a5f9882-0581-4cdf-a852-05b69e0d3a2d/3.5%20L%20Airfryer
Dishwasher Cleaner 250ml,$2.79,$1.12 per 100 ml,https://dm.apac.cms.aldi.cx/is/image/aldiprodapac/product/jpg/scaleWidth/232/bf470e71-ad2f-4fa7-808b-a08ea2260495/Dishwasher%20Cleaner%20250ml
Raspberry Greek Style Yogurt With Honey Granola 170g,$2.69,$1.58 per 100 g,https://dm.apac.cms.aldi.cx/is/image/aldiprodapac/product/jpg/scaleWidth/232/0aefbc4c-6bce-48d5-a802-d38352221c91/Raspberry%20Greek%20Style%20Yogurt%20With%20Honey%20Granola%20170g
Organic Vanilla Bean Yogurt 1kg,$5.99,$0.60 per 100 g,https://dm.apac.cms.aldi.cx/is/image/aldiprodapac/product/jpg/scaleWidth/232/aabac719-e0a3-40bc-9f49-422d74d4be6c/Organic%20Vanilla%20Bean%20Yogurt%201kg
Gourmet Protein Bars Dark Choc & Cranberry 5 Pack 200g,$3.99,$2.00 per 100 g,https://dm.apac.cms.aldi.cx/is/image/aldiprodapac/product/jpg/scaleWidth/232/f93774dd-f1c1-459d-a129-d7d2adb6133d/Gourmet%20Protein%20Bars%20Dark%20Choc%20%20Cranberry%205%20Pack%20200g
Onion Powder 55g,$2.89,$0.53 per 10 g,https://dm.apac.cms.aldi.cx/is/image/aldiprodapac/product/jpg/scaleWidth/232/0860985d-cd3f-47ee-a58c-97b5212a3947/Onion%20Powder%2055g
Tomato & Garlic Pasta Sauce 425g,$3.99,$0.94 per 100 g,https://dm.apac.cms.aldi.cx/is/image/aldiprodapac/product/jpg/scaleWidth/232/a893ce11-a870-412a-bc5e-9e18d7775a0d/Tomato%20%20Garlic%20Pasta%20Sauce%20425g
Shredded Iceberg Lettuce 200g,$1.99,$9.95 per 1 kg,https://dm.apac.cms.aldi.cx/is/image/aldiprodapac/product/jpg/scaleWidth/232/df187186-b858-4cba-8cb6-8ba7954925ef/Shredded%20Iceberg%20Lettuce%20200g
Tom Yum Cup Soup 100g,$1.35,$1.35 per 100 g,https://dm.apac.cms.aldi.cx/is/image/aldiprodapac/product/jpg/scaleWidth/232/fd9a2d6e-ec9b-4012-8989-d4eef9ce4bd9/Tom%20Yum%20Cup%20Soup%20100g
Lamb & Spinach Gozleme 300g,$4.99,$1.66 per 100 g,https://dm.apac.cms.aldi.cx/is/image/aldiprodapac/product/jpg/scaleWidth/232/c518bf5c-28fc-47e7-9efa-2252cc41c18e/Lamb%20%20Spinach%20Gozleme%20300g
Original Poppadoms 70g,$3.49,$4.99 per 100 g,https://dm.apac.cms.aldi.cx/is/image/aldiprodapac/product/jpg/scaleWidth/232/25c40bd6-5ab7-4035-8103-bb68363e4493/Original%20Poppadoms%2070g
Baby Spinach & Rocket Blend 120g,$1.99,$16.58 per 1 kg,https://dm.apac.cms.aldi.cx/is/image/aldiprodapac/product/jpg/scaleWidth/232/6b089cc7-cdc3-44b3-8fe3-746a2fd50ab9/Baby%20Spinach%20%20Rocket%20Blend%20120g
Creamy Pesto Pasta Premium Prepared Salad 500g,$6.49,$12.98 per 1 kg,https://dm.apac.cms.aldi.cx/is/image/aldiprodapac/product/jpg/scaleWidth/232/914b715a-d96c-40fc-9316-c412600994f4/Creamy%20Pesto%20Pasta%20Premium%20Prepared%20Salad%20500g
"Snack'N'Go Chick Peas with Olive Oil, Garlic & Rosemary 70g",$0.99,$14.14 per 1 kg,https://dm.apac.cms.aldi.cx/is/image/aldiprodapac/product/jpg/scaleWidth/232/ccd114ae-e6f6-4b80-9e66-56ff26724338/SnackNGo%20Chick%20Peas%20with%20Olive%20Oil%20Garlic%20%20Rosemary%2070g
Vanilla Flavoured Syrup 250ml,$3.39,$1.36 per 100 ml,https://dm.apac.cms.aldi.cx/is/image/aldiprodapac/product/jpg/scaleWidth/232/b301709a-b502-4d71-89ea-f59f7de9f126/Vanilla%20Flavoured%20Syrup%20250ml
Yellowfin Tuna Chunks in Oil 425g,$4.49,$10.56 per 1 kg,https://dm.apac.cms.aldi.cx/is/image/aldiprodapac/product/jpg/scaleWidth/232/73fd3ad8-60ac-4664-9d93-9a838e1a8ce3/Yellowfin%20Tuna%20Chunks%20in%20Oil%20425g
Soda With Lime 1.25L,$1.09,$0.87 per 1 L,https://dm.apac.cms.aldi.cx/is/image/aldiprodapac/product/jpg/scaleWidth/232/4c9df3a3-9b44-4746-82cf-7186c161dd0d/Soda%20With%20Lime%201.25L
Drinking Chocolate 450g,$6.99,$1.55 per 100 g,https://dm.apac.cms.aldi.cx/is/image/aldiprodapac/product/jpg/scaleWidth/232/e8bda993-d629-4443-976d-48101d493201/Drinking%20Chocolate%20450g
Luxe Blend Premium Coffee Beans 1kg,$29.99,$3.00 per 100 g,https://dm.apac.cms.aldi.cx/is/image/aldiprodapac/product/jpg/scaleWidth/232/231e96aa-d64b-427a-a6c7-16a90bd4c32b/Luxe%20Blend%20Premium%20Coffee%20Beans%201kg
Pepper & Chive Fine Wafer Crackers 100g,$1.79,$1.79 per 100 g,https://dm.apac.cms.aldi.cx/is/image/aldiprodapac/product/jpg/scaleWidth/232/eaf64994-5488-494b-86c0-63ba7941580e/Pepper%20%20Chive%20Fine%20Wafer%20Crackers%20100g
BBQ flavoured Noodle Snacks 12 Pack 300g,$3.49,$1.16 per 100 g,https://dm.apac.cms.aldi.cx/is/image/aldiprodapac/product/jpg/scaleWidth/232/9cd40e8d-acfd-4630-8077-c2d45a603659/BBQ%20flavoured%20Noodle%20Snacks%2012%20Pack%20300g
Shiraz 2023 Vintage,$12.99,,https://dm.apac.cms.aldi.cx/is/image/aldiprodapac/product/jpg/scaleWidth/232/7979f531-5439-4861-bf26-9cb75fbee7b6/Shiraz%202023%20Vintage
Smooth Peanut Butter 500g,$3.09,$0.62 per 100 g,https://dm.apac.cms.aldi.cx/is/image/aldiprodapac/product/jpg/scaleWidth/232/0ede6aca-a5dd-46a1-a849-9575d5ef40b3/Smooth%20Peanut%20Butter%20500g
Blueberry Premium Jam 360g,$2.99,$0.83 per 100 g,https://dm.apac.cms.aldi.cx/is/image/aldiprodapac/product/jpg/scaleWidth/232/15663d44-effc-4583-8c35-1f3b9d2cb5dd/Blueberry%20Premium%20Jam%20360g
Madeira Cake 450g,$3.39,$0.75 per 100 g,https://dm.apac.cms.aldi.cx/is/image/aldiprodapac/product/jpg/scaleWidth/232/ba6faeea-533a-489e-8474-9d4aafd232d2/Madeira%20Cake%20450g
Olive & Feta Flatbread Dippers 130g,$2.25,$1.73 per 100 g,https://dm.apac.cms.aldi.cx/is/image/aldiprodapac/product/jpg/scaleWidth/232/00620530-0ce7-4fcf-a653-5a4d6d88efda/Olive%20%20Feta%20Flatbread%20Dippers%20130g
Family Favourites Assorted Biscuits 500g,$4.99,$1.00 per 100 g,https://dm.apac.cms.aldi.cx/is/image/aldiprodapac/product/jpg/scaleWidth/232/68a17b72-b13d-42ee-96a3-ff777655833a/Family%20Favourites%20Assorted%20Biscuits%20500g
Wax Strips 40 Pack,$13.99,$0.35 per 1 each,https://dm.apac.cms.aldi.cx/is/image/aldiprodapac/product/jpg/scaleWidth/232/c3975445-752e-4b5e-b8b5-61bdec35fd6c/Wax%20Strips%2040%20Pack
Sweet and Salty Popcorn 120g,$1.99,$1.66 per 100 g,https://dm.apac.cms.aldi.cx/is/image/aldiprodapac/product/jpg/scaleWidth/232/5b6c2917-de20-4826-b66d-eb650dec0f00/Sweet%20and%20Salty%20Popcorn%20120g
Assorted Washable Rug,$99.99,,https://dm.apac.cms.aldi.cx/is/image/aldiprodapac/product/jpg/scaleWidth/232/23d11ee6-08c6-4718-91f5-df043ef1b12f/Assorted%20Washable%20Rug
Insect Bomb 3x 125g,$7.49,$2.00 per 100 g,https://dm.apac.cms.aldi.cx/is/image/aldiprodapac/product/jpg/scaleWidth/232/d1c2e13f-aef3-4012-af51-755cef08cd70/Insect%20Bomb%203x%20125g
Cocktail Frankfurts 500g,$2.99,$5.98 per 1 kg,https://dm.apac.cms.aldi.cx/is/image/aldiprodapac/product/jpg/scaleWidth/232/5ba57e4c-c293-4825-986f-7ca58cdc087b/Cocktail%20Frankfurts%20500g
Wok Ready Hokkien Style Noodles 400g,$1.69,$0.42 per 100 g,https://dm.apac.cms.aldi.cx/is/image/aldiprodapac/product/jpg/scaleWidth/232/51ca1a1c-d3b9-4d06-8b5d-e28a61ddb9e9/Wok%20Ready%20Hokkien%20Style%20Noodles%20400g
Butter Chicken 800g,$11.49,$1.44 per 100 g,https://dm.apac.cms.aldi.cx/is/image/aldiprodapac/product/jpg/scaleWidth/232/f2c73eac-8e48-462a-bf29-6782a5cebf73/Butter%20Chicken%20800g
Assorted Shampoo or Conditioner 1L,$3.39,$0.34 per 100 ml,https://dm.apac.cms.aldi.cx/is/image/aldiprodapac/product/jpg/scaleWidth/232/13024b60-fd7e-4253-8b29-3521295bfa71/Assorted%20Shampoo%20or%20Conditioner%201L
Mixed Berries Protein Yogurt Pouch 150g,$2.19,$1.46 per 100 g,https://dm.apac.cms.aldi.cx/is/image/aldiprodapac/product/jpg/scaleWidth/232/95ffc616-90a5-4edb-8d5f-c31a80bbb34d/Mixed%20Berries%20Protein%20Yogurt%20Pouch%20150g
Rice Crackers Original 100g,$0.95,$0.95 per 100 g,https://dm.apac.cms.aldi.cx/is/image/aldiprodapac/product/jpg/scaleWidth/232/49ee9e09-82ed-4357-83c4-899504bc9184/Rice%20Crackers%20Original%20100g
Mix 300g,$5.99,$2.00 per 100 g,https://dm.apac.cms.aldi.cx/is/image/aldiprodapac/product/jpg/scaleWidth/232/b463a1f3-e661-454b-a6bb-b24827dce34f/Mix%20300g
Sweet Corn 500g,$4.49,$8.98 per 1 kg,https://dm.apac.cms.aldi.cx/is/image/aldiprodapac/product/jpg/scaleWidth/232/d943834f-6d8a-4cfd-b34c-db39d522f7c2/Sweet%20Corn%20500g
Spreadable Dairy Blend 500g,$5.49,$1.10 per 100 g,https://dm.apac.cms.aldi.cx/is/image/aldiprodapac/product/jpg/scaleWidth/232/6f63d20d-8739-4e8e-9f9c-5428cbb93c71/Spreadable%20Dairy%20Blend%20500g
Cinnamon Ground 41g,$2.39,$0.58 per 10 g,https://dm.apac.cms.aldi.cx/is/image/aldiprodapac/product/jpg/scaleWidth/232/ef6a4635-d498-46d2-8ed0-693dc9e99d1e/Cinnamon%20Ground%2041g
Ham Steaks 300g,$3.99,$13.30 per 1 kg,https://dm.apac.cms.aldi.cx/is/image/aldiprodapac/product/jpg/scaleWidth/232/2916b801-8c4f-4476-b6b9-e9e902c821e1/Ham%20Steaks%20300g
Shredded Tasty Cheese 500g,$7.49,$14.98 per 1 kg,https://dm.apac.cms.aldi.cx/is/image/aldiprodapac/product/jpg/scaleWidth/232/ac4d85c5-f4d0-4873-8550-2213430d6c41/Shredded%20Tasty%20Cheese%20500g
Banana Yogurt Squishy Pouch 70g,$0.75,$1.07 per 100 g,https://dm.apac.cms.aldi.cx/is/image/aldiprodapac/product/jpg/scaleWidth/232/e47bece2-e694-489d-b495-381621fade88/Banana%20Yogurt%20Squishy%20Pouch%2070g
Budgie & Canary Seeds 2kg,$4.99,$0.25 per 100 g,https://dm.apac.cms.aldi.cx/is/image/aldiprodapac/product/jpg/scaleWidth/232/4929f43c-2074-40f5-bdd2-aff824d62a80/Budgie%20%20Canary%20Seeds%202kg
Bagels Plain 4 Pack 360g,$2.99,$0.83 per 100 g,https://dm.apac.cms.aldi.cx/is/image/aldiprodapac/product/jpg/scaleWidth/232/d7ea9e1e-59da-4272-801d-7f7babda53a6/Bagels%20Plain%204%20Pack%20360g
Assorted Children's Travel Toilet Seat,$9.99,,https://dm.apac.cms.aldi.cx/is/image/aldiprodapac/product/jpg/scaleWidth/232/7c53fc26-2f77-4e26-a29c-9763cafce2f5/Assorted%20Childrens%20Travel%20Toilet%20Seat
Outdoor Inflatable Ottoman,$34.99,,https://dm.apac.cms.aldi.cx/is/image/aldiprodapac/product/jpg/scaleWidth/232/566fae1d-3b89-4efb-bc9f-49e387d085e2/Outdoor%20Inflatable%20Ottoman
Crunchy Salad Kit 450g,$3.49,$7.76 per 1 kg,https://dm.apac.cms.aldi.cx/is/image/aldiprodapac/product/jpg/scaleWidth/232/67e0a17f-91c4-4778-9770-cd55d9393cc0/Crunchy%20Salad%20Kit%20450g
Body Wash 1L,$5.99,$0.60 per 100 ml,https://dm.apac.cms.aldi.cx/is/image/aldiprodapac/product/jpg/scaleWidth/232/ab43fb03-2981-4efb-bad5-9a8e2f032185/Body%20Wash%201L
Lemongrass and Ginger Herbal Infusions 40 Pack 60g,$1.69,$0.04 per 1 each,https://dm.apac.cms.aldi.cx/is/image/aldiprodapac/product/jpg/scaleWidth/232/4726de5b-978e-4625-9562-b482cf552daf/Lemongrass%20and%20Ginger%20Herbal%20Infusions%2040%20Pack%2060g
Coke No Sugar 36 Pack 375ml,$35.89,$2.66 per 1 L,https://dm.apac.cms.aldi.cx/is/image/aldiprodapac/product/jpg/scaleWidth/232/8452eb51-35bf-4268-be57-c9f5fa680443/Coke%20No%20Sugar%2036%20Pack%20375ml
Hazelnut Flavoured Gelato 4 Pack 400ml,$5.99,$1.50 per 100 ml,https://dm.apac.cms.aldi.cx/is/image/aldiprodapac/product/jpg/scaleWidth/232/650fbfb9-6ae7-44ae-97bd-7f2487a52944/Hazelnut%20Flavoured%20Gelato%204%20Pack%20400ml
Rabbit & Guinea Pig Food 2kg,$6.99,$0.35 per 100 g,https://dm.apac.cms.aldi.cx/is/image/aldiprodapac/product/jpg/scaleWidth/232/82df498a-d30c-46e1-8475-ca801d47a561/Rabbit%20%20Guinea%20Pig%20Food%202kg
Ultra Fresh Mouthwash 1L,$3.29,$0.33 per 100 ml,https://dm.apac.cms.aldi.cx/is/image/aldiprodapac/product/jpg/scaleWidth/232/e4c1bcf5-7cc9-44a0-9b95-00694e283e07/Ultra%20Fresh%20Mouthwash%201L
Clumping Cat Litter 10kg,$8.59,$0.86 per 1 kg,https://dm.apac.cms.aldi.cx/is/image/aldiprodapac/product/jpg/scaleWidth/232/aba04e2f-935f-415b-9cde-8fcf0b58bf9a/Clumping%20Cat%20Litter%2010kg
Margherita Pizza 365g,$6.49,$1.78 per 100 g,https://dm.apac.cms.aldi.cx/is/image/aldiprodapac/product/jpg/scaleWidth/232/95dee573-37b5-4775-9cf3-c139213d38d3/Margherita%20Pizza%20365g
Chilli Con Carne Recipe Base 40g,$1.49,$2.98 per 100 g,https://dm.apac.cms.aldi.cx/is/image/aldiprodapac/product/jpg/scaleWidth/232/d2a5f604-1eb9-4be4-9aa5-8838dd383753/Chilli%20Con%20Carne%20Recipe%20Base%2040g
Sharepack 216g,$6.99,$3.24 per 100 g,https://dm.apac.cms.aldi.cx/is/image/aldiprodapac/product/jpg/scaleWidth/232/cccc11c4-beec-498a-b3d2-0f578913752a/Sharepack%20216g
Family Soap 8 Pack,$3.99,$0.50 per 100 g,https://dm.apac.cms.aldi.cx/is/image/aldiprodapac/product/jpg/scaleWidth/232/50a05002-a30f-41c7-ad2e-838b663abab0/Family%20Soap%208%20Pack
Raspberry Jelly 85g,$1.19,$1.40 per 100 g,https://dm.apac.cms.aldi.cx/is/image/aldiprodapac/product/jpg/scaleWidth/232/6ee5fa64-f477-4bae-bbaa-fdddf31fcc53/Raspberry%20Jelly%2085g
Protein Yogurt Vanilla 160g,$2.19,$1.37 per 100 g,https://dm.apac.cms.aldi.cx/is/image/aldiprodapac/product/jpg/scaleWidth/232/6c0740fd-aabd-4dd6-8be9-8c5c1b672824/Protein%20Yogurt%20Vanilla%20160g
Dairy Free Frozen Dessert Vanilla 475ml,$6.99,$1.47 per 100 ml,https://dm.apac.cms.aldi.cx/is/image/aldiprodapac/product/jpg/scaleWidth/232/b4ffc0e8-6a39-4585-bbbe-6e09293b4bf8/Dairy%20Free%20Frozen%20Dessert%20Vanilla%20475ml
Choco Cosmic Stars 300g,$3.49,$1.16 per 100 g,https://dm.apac.cms.aldi.cx/is/image/aldiprodapac/product/jpg/scaleWidth/232/b83699ac-8db7-4afc-a992-9127d471475d/Choco%20Cosmic%20Stars%20300g
Full Cream Lactose Free Long Life Milk 1L,$1.85,$1.85 per 1 L,https://dm.apac.cms.aldi.cx/is/image/aldiprodapac/product/jpg/scaleWidth/232/f3c9d3d3-c17e-4c82-a451-c3e54923c297/Full%20Cream%20Lactose%20Free%20Long%20Life%20Milk%201L
Assorted Paw Paw Ointment 25g,$2.49,$9.96 per 100 g,https://dm.apac.cms.aldi.cx/is/image/aldiprodapac/product/jpg/scaleWidth/232/3a81debf-77b5-4f3d-a72b-2f03dbf07705/Assorted%20Paw%20Paw%20Ointment%2025g
Soy & Linseed Sourdough 630g,$5.99,$0.95 per 100 g,https://dm.apac.cms.aldi.cx/is/image/aldiprodapac/product/jpg/scaleWidth/232/1ea502cd-1d17-44e5-9635-ba24040718d2/Soy%20%20Linseed%20Sourdough%20630g
Sunflower Oil 1L,$4.59,$0.46 per 100 ml,https://dm.apac.cms.aldi.cx/is/image/aldiprodapac/product/jpg/scaleWidth/232/f315fe90-7075-4f29-b0cb-5abad7510ad9/Sunflower%20Oil%201L
Minestrone Soup 430g,$2.99,$0.70 per 100 g,https://dm.apac.cms.aldi.cx/is/image/aldiprodapac/product/jpg/scaleWidth/232/0544382d-6110-4c78-82eb-706f851f42b5/Minestrone%20Soup%20430g
Assorted Extra Pads,$2.09,$0.13 per 1 each,https://dm.apac.cms.aldi.cx/is/image/aldiprodapac/product/jpg/scaleWidth/232/49faf153-9b14-4447-a203-682458e13959/Assorted%20Extra%20Pads
Spanish Stuffed Green Olives 450g,$2.25,$5.00 per 1 kg,https://dm.apac.cms.aldi.cx/is/image/aldiprodapac/product/jpg/scaleWidth/232/8675cc3e-0c24-4d63-9355-0f43b0d10c02/Spanish%20Stuffed%20Green%20Olives%20450g
Navel Oranges 1.5kg,$4.49,$2.99 per 1 kg,https://dm.apac.cms.aldi.cx/is/image/aldiprodapac/product/jpg/scaleWidth/232/262436ee-8167-41d6-b594-2c592cc0dea6/Navel%20Oranges%201.5kg
Yellow Curry Salmon 4 Pack 500g,$16.99,$33.98 per 1 kg,https://dm.apac.cms.aldi.cx/is/image/aldiprodapac/product/jpg/scaleWidth/232/ffbb9dd3-86c7-4c44-bf4b-965718f511de/Yellow%20Curry%20Salmon%204%20Pack%20500g
Toilet Tissue Hypoallergenic 8 Pack,$5.99,$0.53 per 100 sheets,https://dm.apac.cms.aldi.cx/is/image/aldiprodapac/product/jpg/scaleWidth/232/08308b83-3cbf-45f1-8394-f2df95916841/Toilet%20Tissue%20Hypoallergenic%208%20Pack
Nutmeg Ground 51g,$3.39,$0.66 per 10 g,https://dm.apac.cms.aldi.cx/is/image/aldiprodapac/product/jpg/scaleWidth/232/6e339e49-34fc-4112-9cfc-a2de526ed72b/Nutmeg%20Ground%2051g
Apple Fruit Snack Cereal Bars 12+ Months 8 Pack 128g,$3.99,$3.12 per 100 g,https://dm.apac.cms.aldi.cx/is/image/aldiprodapac/product/jpg/scaleWidth/232/659ac0f7-26d0-473b-a630-40897954b28d/Apple%20Fruit%20Snack%20Cereal%20Bars%2012%20Months%208%20Pack%20128g
AAA Batteries 14 Pack,$6.99,$0.50 per 1 each,https://dm.apac.cms.aldi.cx/is/image/aldiprodapac/product/jpg/scaleWidth/232/d5b68d4d-918d-4eef-a209-10aeabfd2a0c/AAA%20Batteries%2014%20Pack
Hypo-Allergenic Facial Tissues 200 Pack,$2.49,$1.25 per 100 sheets,https://dm.apac.cms.aldi.cx/is/image/aldiprodapac/product/jpg/scaleWidth/232/7251a53b-0092-4ea8-978c-ea2b6b37b245/HypoAllergenic%20Facial%20Tissues%20200%20Pack
Deck and Furniture Oil 4L,$44.99,,https://dm.apac.cms.aldi.cx/is/image/aldiprodapac/product/jpg/scaleWidth/232/101a16d5-8866-4e81-9042-30f15b3875f8/Deck%20and%20Furniture%20Oil%204L
Assorted Powerboards,$39.99,,https://dm.apac.cms.aldi.cx/is/image/aldiprodapac/product/jpg/scaleWidth/232/8e19ddeb-ff1c-47b6-8f83-f4dda3b190ff/Assorted%20Powerboards
Boneless Pork Loin Roast,$21.74,$14.49 per 1 kg,https://dm.apac.cms.aldi.cx/is/image/aldiprodapac/product/jpg/scaleWidth/232/19377752-0460-4601-933a-11abf56a069a/Boneless%20Pork%20Loin%20Roast
Vegetarian Sausages 300g,$4.99,$1.66 per 100 g,https://dm.apac.cms.aldi.cx/is/image/aldiprodapac/product/jpg/scaleWidth/232/1bfc4be4-9c0b-4792-b4a9-502e7f514251/Vegetarian%20Sausages%20300g
Crusty White Bread Mix 1kg,$3.79,$3.79 per 1 kg,https://dm.apac.cms.aldi.cx/is/image/aldiprodapac/product/jpg/scaleWidth/232/336b63d8-b418-44a5-80c8-a8857dd36375/Crusty%20White%20Bread%20Mix%201kg
Aroma Classic Instant Coffee 200g,$5.49,$2.75 per 100 g,https://dm.apac.cms.aldi.cx/is/image/aldiprodapac/product/jpg/scaleWidth/232/c72e7f11-61c5-4eaa-8042-8e88008f60ce/Aroma%20Classic%20Instant%20Coffee%20200g
"Apple, Banana & Blueberry 4+ Months Baby Food 120g",$0.95,$0.79 per 100 g,https://dm.apac.cms.aldi.cx/is/image/aldiprodapac/product/jpg/scaleWidth/232/d44d1401-0e3f-49dc-afc7-c790afc934ce/Apple%20Banana%20%20Blueberry%204%20Months%20Baby%20Food%20120g
Assorted Ambience Floor Lamp,$39.99,,https://dm.apac.cms.aldi.cx/is/image/aldiprodapac/product/jpg/scaleWidth/232/7f10be5a-77d1-4741-965a-eb314952f461/Assorted%20Ambience%20Floor%20Lamp
Australian Strawberry Jam 300g,$3.99,$1.33 per 100 g,https://dm.apac.cms.aldi.cx/is/image/aldiprodapac/product/jpg/scaleWidth/232/fe9b1ab8-e925-47c2-ae21-a441199cbceb/Australian%20Strawberry%20Jam%20300g
Cloth Wipes Bulk 50 Pack,$3.99,$3.99 per 1 each,https://dm.apac.cms.aldi.cx/is/image/aldiprodapac/product/jpg/scaleWidth/232/6fc468b0-26d0-4064-b77f-a9859cf47e09/Cloth%20Wipes%20Bulk%2050%20Pack
Mini Hazelnut Bars 5 Pack 200g,$5.49,$2.75 per 100 g,https://dm.apac.cms.aldi.cx/is/image/aldiprodapac/product/jpg/scaleWidth/232/fc280e58-b543-440a-935c-964305834f7d/Mini%20Hazelnut%20Bars%205%20Pack%20200g
Comfy Fabric Softener 800ml,$2.89,$3.61 per 1 L,https://dm.apac.cms.aldi.cx/is/image/aldiprodapac/product/jpg/scaleWidth/232/1a7051dc-16f9-41fb-8f16-d687a8f0bb42/Comfy%20Fabric%20Softener%20800ml
Lemon Pepper Atlantic Salmon Fillets 250g,$8.49,$33.96 per 1 kg,https://dm.apac.cms.aldi.cx/is/image/aldiprodapac/product/jpg/scaleWidth/232/a5e92fba-c1f3-42fc-95ac-3f6478b125a9/Lemon%20Pepper%20Atlantic%20Salmon%20Fillets%20250g
Fajita Seasoning 40g,$1.39,$3.48 per 100 g,https://dm.apac.cms.aldi.cx/is/image/aldiprodapac/product/jpg/scaleWidth/232/bfc6e3ac-d9d4-479f-99ab-8f306bfae864/Fajita%20Seasoning%2040g
100% Orange Pulp Juice 2L,$4.99,$2.50 per 1 L,https://dm.apac.cms.aldi.cx/is/image/aldiprodapac/product/jpg/scaleWidth/232/f715cb94-e806-4e74-a7eb-a2ca1dae1a35/100%25%20Orange%20Pulp%20Juice%202L
Salted Popcorn Multipack 10 Pack 200g,$2.39,$1.20 per 100 g,https://dm.apac.cms.aldi.cx/is/image/aldiprodapac/product/jpg/scaleWidth/232/f877ca1a-9c09-41a7-9372-ffca67c75dd3/Salted%20Popcorn%20Multipack%2010%20Pack%20200g
Fresh Dry White 4L,$9.49,,https://dm.apac.cms.aldi.cx/is/image/aldiprodapac/product/jpg/scaleWidth/232/c0ea038d-74c1-4349-9f9a-62d29d1c1cd2/Fresh%20Dry%20White%204L
Lower Carb Wraps 5 Pack 210g,$3.69,$1.76 per 100 g,https://dm.apac.cms.aldi.cx/is/image/aldiprodapac/product/jpg/scaleWidth/232/3040bc16-e4fa-470c-a218-ced5e772b355/Lower%20Carb%20Wraps%205%20Pack%20210g
Beef Jerky Original 50g,$3.99,$79.80 per 1 kg,https://dm.apac.cms.aldi.cx/is/image/aldiprodapac/product/jpg/scaleWidth/232/d99bc705-8c48-439d-bf24-635eecd905a4/Beef%20Jerky%20Original%2050g
Hanging Egg Chair,$199.00,,https://dm.apac.cms.aldi.cx/is/image/aldiprodapac/product/jpg/scaleWidth/232/010129fb-a058-47ba-a396-5b83e9ff9e81/Hanging%20Egg%20Chair
Organic Large Free Range Eggs 6 Pack 300g,$4.99,$1.66 per 100 g,https://dm.apac.cms.aldi.cx/is/image/aldiprodapac/product/jpg/scaleWidth/232/e5074d98-51b3-4259-91df-9ed820224201/Organic%20Large%20Free%20Range%20Eggs%206%20Pack%20300g
Mixed Berries 500g,$5.19,$10.38 per 1 kg,https://dm.apac.cms.aldi.cx/is/image/aldiprodapac/product/jpg/scaleWidth/232/d505c9ef-a0a6-45b2-af7f-13ad1d8e7700/Mixed%20Berries%20500g
Premium Potting Mix 22L,$4.99,,https://dm.apac.cms.aldi.cx/is/image/aldiprodapac/product/jpg/scaleWidth/232/b9405a5c-9396-4d6b-8638-c9e2f7f74a91/Premium%20Potting%20Mix%2022L
Stampede Chocolate Dairy Dessert 140g,$1.99,$1.42 per 100 g,https://dm.apac.cms.aldi.cx/is/image/aldiprodapac/product/jpg/scaleWidth/232/d6a92b94-3136-48b1-9087-6e0b4b8fd3a6/Stampede%20Chocolate%20Dairy%20Dessert%20140g
Silverside Sliced 80g,$2.79,$34.88 per 1 kg,https://dm.apac.cms.aldi.cx/is/image/aldiprodapac/product/jpg/scaleWidth/232/25f2f8db-2659-462e-b3cf-d9af97785fd1/Silverside%20Sliced%2080g
Pane Di Casa 680g,$3.69,$0.54 per 100 g,https://dm.apac.cms.aldi.cx/is/image/aldiprodapac/product/jpg/scaleWidth/232/1fc25fbd-cd12-4817-a19d-a4793e5ec73d/Pane%20Di%20Casa%20680g
Tangy Jalapenos Tuna 95g,$1.09,$11.47 per 1 kg,https://dm.apac.cms.aldi.cx/is/image/aldiprodapac/product/jpg/scaleWidth/232/0fdf616f-0666-4573-bf38-98a7d16dfcf8/Tangy%20Jalapenos%20Tuna%2095g
Coffee Mocha Gourmet Ice Cream 1L,$5.99,$0.60 per 100 ml,https://dm.apac.cms.aldi.cx/is/image/aldiprodapac/product/jpg/scaleWidth/232/c183896a-c2c8-44a9-bc74-762d12be66bc/Coffee%20Mocha%20Gourmet%20Ice%20Cream%201L
Kit Kat Mocha 8 Pack 136g,$3.99,$0.50 per 1 each,https://dm.apac.cms.aldi.cx/is/image/aldiprodapac/product/jpg/scaleWidth/232/673a51c3-d89c-4d10-a675-c0c40187067f/Kit%20Kat%20Mocha%208%20Pack%20136g
Party Quiches Spinach & Cheese 12 Pack 525g,$7.49,$1.43 per 100 g,https://dm.apac.cms.aldi.cx/is/image/aldiprodapac/product/jpg/scaleWidth/232/a3717013-2c88-4150-bc20-c60888c44df6/Party%20Quiches%20Spinach%20%20Cheese%2012%20Pack%20525g
Nori Seaweed Sheets 10 Pack 25g,$2.99,$11.96 per 100 g,https://dm.apac.cms.aldi.cx/is/image/aldiprodapac/product/jpg/scaleWidth/232/48aef777-c706-48dd-9991-db380bd548bd/Nori%20Seaweed%20Sheets%2010%20Pack%2025g
Dog Dental Treats 7 Pack,$2.69,$0.38 per 1 each,https://dm.apac.cms.aldi.cx/is/image/aldiprodapac/product/jpg/scaleWidth/232/ea032c23-79a4-4a5a-990c-601c4d0545f7/Dog%20Dental%20Treats%207%20Pack
Crispy Roast Potatoes with Hot Honey Sauce 400g,$4.99,$12.48 per 1 kg,https://dm.apac.cms.aldi.cx/is/image/aldiprodapac/product/jpg/scaleWidth/232/f17e4a86-c559-4a86-87a3-35948e109bd7/Crispy%20Roast%20Potatoes%20with%20Hot%20Honey%20Sauce%20400g
Work Safety Boots,$44.99,,https://dm.apac.cms.aldi.cx/is/image/aldiprodapac/product/jpg/scaleWidth/232/3a67b05d-5b55-45e8-8093-279d20366f3b/Work%20Safety%20Boots
Mini Brown Rice Cakes Chicken 6 Pack 120g,$3.99,$3.33 per 100 g,https://dm.apac.cms.aldi.cx/is/image/aldiprodapac/product/jpg/scaleWidth/232/5e8cdf31-58c5-4d7c-bf2a-91de13dfc20d/Mini%20Brown%20Rice%20Cakes%20Chicken%206%20Pack%20120g
Boysenberry Cones 4 Pack 475ml,$3.39,$0.71 per 100 ml,https://dm.apac.cms.aldi.cx/is/image/aldiprodapac/product/jpg/scaleWidth/232/4c33f9f4-242a-4c61-9c65-0048bb7ee201/Boysenberry%20Cones%204%20Pack%20475ml
4 Way Garden Basket Tree,$49.99,,https://dm.apac.cms.aldi.cx/is/image/aldiprodapac/product/jpg/scaleWidth/232/f3cac7f4-c26e-4a02-9241-7d9a76c05d7a/4%20Way%20Garden%20Basket%20Tree
Cabanossi 300g,$3.99,$13.30 per 1 kg,https://dm.apac.cms.aldi.cx/is/image/aldiprodapac/product/jpg/scaleWidth/232/654671f4-d3cd-4bc2-b5cc-27ae1c49dc9a/Cabanossi%20300g
Assorted Infant Outfit,$9.99,,https://dm.apac.cms.aldi.cx/is/image/aldiprodapac/product/jpg/scaleWidth/232/326b31bf-e1bc-443d-b7ba-a59f6242c497/Assorted%20Infant%20Outfit
"Wholefood Balls Cashew, Cocoa & Berry 69g",$2.29,$3.32 per 100 g,https://dm.apac.cms.aldi.cx/is/image/aldiprodapac/product/jpg/scaleWidth/232/380507c5-51de-4380-8e37-91f0d5108e43/Wholefood%20Balls%20Cashew%20Cocoa%20%20Berry%2069g
Pearl Couscous 300g,$2.99,$1.00 per 100 g,https://dm.apac.cms.aldi.cx/is/image/aldiprodapac/product/jpg/scaleWidth/232/262fbd12-1efe-4691-b846-81eb33e5ed17/Pearl%20Couscous%20300g
RSPCA Approved Chicken and Cheese Schnitzel 1kg,$9.49,$9.49 per 1 kg,https://dm.apac.cms.aldi.cx/is/image/aldiprodapac/product/jpg/scaleWidth/232/c73dd05d-e907-4edc-8c0c-17c84cb552fb/RSPCA%20Approved%20Chicken%20and%20Cheese%20Schnitzel%201kg
Butter Chicken 200g,$4.29,$2.15 per 100 g,https://dm.apac.cms.aldi.cx/is/image/aldiprodapac/product/jpg/scaleWidth/232/65ea9461-bef7-4761-987f-e088aa8d8824/Butter%20Chicken%20200g
Utopia Almond 4 Pack 428ml,$5.99,$1.40 per 100 ml,https://dm.apac.cms.aldi.cx/is/image/aldiprodapac/product/jpg/scaleWidth/232/16c973b2-b553-4f1c-bba1-116b6abef421/Utopia%20Almond%204%20Pack%20428ml
Beef Eye Fillet,$30.33,$36.99 per 1 kg,https://dm.apac.cms.aldi.cx/is/image/aldiprodapac/product/jpg/scaleWidth/232/32114ddd-ed79-42bd-ac6a-0f372282c40c/Beef%20Eye%20Fillet
Utopia Salted Caramel 4 Pack 428ml,$5.99,$1.40 per 100 ml,https://dm.apac.cms.aldi.cx/is/image/aldiprodapac/product/jpg/scaleWidth/232/73b842e6-fcb6-4371-9992-1245b5b75388/Utopia%20Salted%20Caramel%204%20Pack%20428ml
Mattress Filler Wedge,$34.99,,https://dm.apac.cms.aldi.cx/is/image/aldiprodapac/product/jpg/scaleWidth/232/64799862-226f-4031-a897-f69354616010/Mattress%20Filler%20Wedge
Meatballs in Italian Style Herb Sauce 500g,$8.99,$17.98 per 1 kg,https://dm.apac.cms.aldi.cx/is/image/aldiprodapac/product/jpg/scaleWidth/232/a5790acf-3fc9-48fb-b83c-398cb7c3d0f0/Meatballs%20in%20Italian%20Style%20Herb%20Sauce%20500g
Microwave Rice Pouch Black Rice 250g,$2.29,$0.92 per 100 g,https://dm.apac.cms.aldi.cx/is/image/aldiprodapac/product/jpg/scaleWidth/232/24150e5d-7d19-4a99-93ba-d67e81659630/Microwave%20Rice%20Pouch%20Black%20Rice%20250g
Solar Spot Light,$29.99,,https://dm.apac.cms.aldi.cx/is/image/aldiprodapac/product/jpg/scaleWidth/232/79a7e169-7cc7-4c48-a1ad-41ebb5434faa/Solar%20Spot%20Light
Milo Cereal 620g,$7.49,$1.21 per 100 g,https://dm.apac.cms.aldi.cx/is/image/aldiprodapac/product/jpg/scaleWidth/232/1a4f0dbe-e4cc-4b3f-8bba-3d24e240fc48/Milo%20Cereal%20620g
Macaroni & Cheese 375g,$3.69,$0.98 per 100 g,https://dm.apac.cms.aldi.cx/is/image/aldiprodapac/product/jpg/scaleWidth/232/2ea8d48a-3e4e-467c-9881-f7f6e577c07f/Macaroni%20%20Cheese%20375g
Foaming Cleanser 150ml,$4.99,$3.33 per 100 ml,https://dm.apac.cms.aldi.cx/is/image/aldiprodapac/product/jpg/scaleWidth/232/3e68045c-f19a-4fa6-b3b1-15ee062c8098/Foaming%20Cleanser%20150ml
Pitted Prunes 500 g,$5.69,$11.38 per 1 kg,https://dm.apac.cms.aldi.cx/is/image/aldiprodapac/product/jpg/scaleWidth/232/85581f2f-c0b5-422b-93d2-8a73c8b5415c/Pitted%20Prunes%20500%20g
Organic Coconut Cream 400ml,$1.99,$0.50 per 100 ml,https://dm.apac.cms.aldi.cx/is/image/aldiprodapac/product/jpg/scaleWidth/232/2ccf2b2f-d202-4419-acc4-069d92641682/Organic%20Coconut%20Cream%20400ml
Tea Cup Bags 100 Pack,$1.75,$0.02 per 1 each,https://dm.apac.cms.aldi.cx/is/image/aldiprodapac/product/jpg/scaleWidth/232/0b6818d8-dfb4-49bb-a98c-e5c6c6ed3c5a/Tea%20Cup%20Bags%20100%20Pack
Zesty Jalapeno Topped Hommus Dip 200g,$2.99,$1.50 per 100 g,https://dm.apac.cms.aldi.cx/is/image/aldiprodapac/product/jpg/scaleWidth/232/b624c03d-4c85-42f6-9697-f47167ceb003/Zesty%20Jalapeno%20Topped%20Hommus%20Dip%20200g
Mayo And Sweetcorn Tuna Treats With Crackers 112g,$1.99,$17.77 per 1 kg,https://dm.apac.cms.aldi.cx/is/image/aldiprodapac/product/jpg/scaleWidth/232/c1f1ea37-4db5-4c37-a140-99a3fe1ae4db/Mayo%20And%20Sweetcorn%20Tuna%20Treats%20With%20Crackers%20112g
Dry Ginger Ale 1.25L,$1.09,$0.87 per 1 L,https://dm.apac.cms.aldi.cx/is/image/aldiprodapac/product/jpg/scaleWidth/232/a6e07e79-aec2-408f-9559-3fd9202b037f/Dry%20Ginger%20Ale%201.25L
Super Strength Original Dish Liquid 3L,$8.49,$0.28 per 100 ml,https://dm.apac.cms.aldi.cx/is/image/aldiprodapac/product/jpg/scaleWidth/232/48df7f00-ed60-4198-8cb3-c4616a58d8cf/Super%20Strength%20Original%20Dish%20Liquid%203L
Medley Tomatoes 250g,$3.79,$15.16 per 1 kg,https://dm.apac.cms.aldi.cx/is/image/aldiprodapac/product/jpg/scaleWidth/232/4ec6e4e1-204a-4dd2-8435-16e4854ea191/Medley%20Tomatoes%20250g
Japanese Style Sweet Chilli Sambal Stir Fry Sauce 275g,$3.99,$1.45 per 100 g,https://dm.apac.cms.aldi.cx/is/image/aldiprodapac/product/jpg/scaleWidth/232/f1371924-d64a-4ccd-93eb-b1b006ba48e7/Japanese%20Style%20Sweet%20Chilli%20Sambal%20Stir%20Fry%20Sauce%20275g
Continental Cucumber Each,$1.99,$1.99 per 1 each,https://dm.apac.cms.aldi.cx/is/image/aldiprodapac/product/jpg/scaleWidth/232/f3c42eb2-6086-450d-96c9-ec65ee1ff938/Continental%20Cucumber%20Each
Tuna Chunks in Springwater 185g,$1.69,$9.14 per 1 kg,https://dm.apac.cms.aldi.cx/is/image/aldiprodapac/product/jpg/scaleWidth/232/12b48ac9-c0bf-4d79-b598-85291824148c/Tuna%20Chunks%20in%20Springwater%20185g
Prosciutto Cotto & Fungi Pizza 520g,$11.99,$2.31 per 100 g,https://dm.apac.cms.aldi.cx/is/image/aldiprodapac/product/jpg/scaleWidth/232/13a6e1f6-1b92-4236-93a5-7aab6ec04e18/Prosciutto%20Cotto%20%20Fungi%20Pizza%20520g
Smart Dog Portuguese Shiraz Alicante Bouchet 750ml,$7.99,,https://dm.apac.cms.aldi.cx/is/image/aldiprodapac/product/jpg/scaleWidth/232/76f1365e-5a5b-4f5b-99fe-752c29474356/Smart%20Dog%20Portuguese%20Shiraz%20Alicante%20Bouchet%20750ml
Chest of 5 Drawers,$149.00,,https://dm.apac.cms.aldi.cx/is/image/aldiprodapac/product/jpg/scaleWidth/232/f3346580-0f63-40e5-b357-c4c972fb27e9/Chest%20of%205%20Drawers
Grains & Seeds Wholemeal Loaf 750g,$3.19,$0.43 per 100 g,https://dm.apac.cms.aldi.cx/is/image/aldiprodapac/product/jpg/scaleWidth/232/08d9adea-bb0a-48c9-969b-459582b4922d/Grains%20%20Seeds%20Wholemeal%20Loaf%20750g
Tonic Water 1.25L,$1.09,$0.87 per 1 L,https://dm.apac.cms.aldi.cx/is/image/aldiprodapac/product/jpg/scaleWidth/232/10f58614-8e87-4306-9acf-a93ffcf7b22b/Tonic%20Water%201.25L
Assorted DIY Kits,$4.99,,https://dm.apac.cms.aldi.cx/is/image/aldiprodapac/product/jpg/scaleWidth/232/5739ab98-fa1e-4f5b-821c-cf438af54d0d/Assorted%20DIY%20Kits
Gold Sweet Potatoes Loose,$1.80/0.45 kg,$3.99 per 1 kg,https://dm.apac.cms.aldi.cx/is/image/aldiprodapac/product/jpg/scaleWidth/232/e7ec530d-174b-43fa-bccf-f1fe49725165/Gold%20Sweet%20Potatoes%20Loose
Italian Herbs 15g,$2.49,$1.66 per 10 g,https://dm.apac.cms.aldi.cx/is/image/aldiprodapac/product/jpg/scaleWidth/232/b3d8063f-f582-4c81-882b-d09c9470bbef/Italian%20Herbs%2015g
Mayo With Chilli Tuna Treat With Crackers 112g,$1.99,$17.77 per 1 kg,https://dm.apac.cms.aldi.cx/is/image/aldiprodapac/product/jpg/scaleWidth/232/e0ae4259-3f1a-43cc-8595-a7f3585ee7c5/Mayo%20With%20Chilli%20Tuna%20Treat%20With%20Crackers%20112g
Garden Tool Set 3 Piece,$19.99,,https://dm.apac.cms.aldi.cx/is/image/aldiprodapac/product/jpg/scaleWidth/232/10da3a4e-e91e-460e-90a6-7d3f144d00d2/Garden%20Tool%20Set%203%20Piece
NZ Green Kiwifruit 8Pack,$5.99,$0.75 per 1 each,https://dm.apac.cms.aldi.cx/is/image/aldiprodapac/product/jpg/scaleWidth/232/1dbeac76-befb-477b-bc27-75ec47b94d2e/NZ%20Green%20Kiwifruit%208Pack
Summerina Mandarins 750g,$3.99,$5.32 per 1 kg,https://dm.apac.cms.aldi.cx/is/image/aldiprodapac/product/jpg/scaleWidth/232/7c5d4396-c8c1-4470-b8fa-4268c3678d26/Summerina%20Mandarins%20750g
Delightful Chocolate Waves Hazelnut 125g,$4.99,$3.99 per 100 g,https://dm.apac.cms.aldi.cx/is/image/aldiprodapac/product/jpg/scaleWidth/232/75166595-0c6c-4811-8387-8c5f63081f4a/Delightful%20Chocolate%20Waves%20Hazelnut%20125g
Turkish Delight Pomegranate 300g,$4.99,$1.66 per 100 g,https://dm.apac.cms.aldi.cx/is/image/aldiprodapac/product/jpg/scaleWidth/232/5d0db786-ad01-43c2-8459-fa92f3d38aa3/Turkish%20Delight%20Pomegranate%20300g
Metal Garden Trellis,$12.99,,https://dm.apac.cms.aldi.cx/is/image/aldiprodapac/product/jpg/scaleWidth/232/3ae39d79-4fa0-494a-ba0b-3aad543c7bb8/Metal%20Garden%20Trellis
Sweet Chilli Salmon 95g,$1.49,$15.68 per 1 kg,https://dm.apac.cms.aldi.cx/is/image/aldiprodapac/product/jpg/scaleWidth/232/19cc1552-4de4-4980-9104-77e9184d45f4/Sweet%20Chilli%20Salmon%2095g
Party Sausage Rolls 24 Pack 900g,$7.99,$0.89 per 100 g,https://dm.apac.cms.aldi.cx/is/image/aldiprodapac/product/jpg/scaleWidth/232/c4452adc-7bff-4cb6-b815-931be1aa510a/Party%20Sausage%20Rolls%2024%20Pack%20900g
Garlic Naan 2 Pack 250g,$2.69,$1.08 per 100 g,https://dm.apac.cms.aldi.cx/is/image/aldiprodapac/product/jpg/scaleWidth/232/96b735e0-0c2e-48d3-a888-daa2dcb5c399/Garlic%20Naan%202%20Pack%20250g
Free Range Egg Pasta Tagliatelle 375g,$4.89,$1.30 per 100 g,https://dm.apac.cms.aldi.cx/is/image/aldiprodapac/product/jpg/scaleWidth/232/8a2c731b-6dbd-4b1e-9a87-72ef4e906966/Free%20Range%20Egg%20Pasta%20Tagliatelle%20375g
Premium Dog Food Meaty Beef Loaf Style 100g,$0.89,$0.89 per 100 g,https://dm.apac.cms.aldi.cx/is/image/aldiprodapac/product/jpg/scaleWidth/232/a6e78cbd-05e0-43c7-bf96-f7b4224be423/Premium%20Dog%20Food%20Meaty%20Beef%20Loaf%20Style%20100g
Tomato Onion & Garlic Pasta Sauce 500g,$2.29,$0.46 per 100 g,https://dm.apac.cms.aldi.cx/is/image/aldiprodapac/product/jpg/scaleWidth/232/5e1515f7-9835-4e0e-9c80-4f2e6339eb6c/Tomato%20Onion%20%20Garlic%20Pasta%20Sauce%20500g
Balla Stixx Rainbow 200g,$3.49,$1.75 per 100 g,https://dm.apac.cms.aldi.cx/is/image/aldiprodapac/product/jpg/scaleWidth/232/9f86a47e-8e3a-469b-9b4c-6487b8cfd9b3/Balla%20Stixx%20Rainbow%20200g
Chicken Nuggets 1kg,$6.49,$6.49 per 1 kg,https://dm.apac.cms.aldi.cx/is/image/aldiprodapac/product/jpg/scaleWidth/232/6afa3aed-b3dc-4a54-b1c6-49afe6fc7684/Chicken%20Nuggets%201kg
Triple Head Security Light,$26.99,,https://dm.apac.cms.aldi.cx/is/image/aldiprodapac/product/jpg/scaleWidth/232/63a2d61c-5e67-4ceb-9d71-bd747c061d85/Triple%20Head%20Security%20Light
Dark Chocolate Bits 250g,$5.49,$2.20 per 100 g,https://dm.apac.cms.aldi.cx/is/image/aldiprodapac/product/jpg/scaleWidth/232/8276fbdb-e620-4c5c-a7a3-5c5e9a9f1096/Dark%20Chocolate%20Bits%20250g
Lentil Tabbouleh Salad 500g,$6.49,$12.98 per 1 kg,https://dm.apac.cms.aldi.cx/is/image/aldiprodapac/product/jpg/scaleWidth/232/88dd26c6-029c-45a2-8542-ebb0a1ba75cf/Lentil%20Tabbouleh%20Salad%20500g
Ground Coffee Medium Roast 500g,$10.99,$2.20 per 100 g,https://dm.apac.cms.aldi.cx/is/image/aldiprodapac/product/jpg/scaleWidth/232/43650280-900b-4080-8420-b79bc729d147/Ground%20Coffee%20Medium%20Roast%20500g
Bakehouse Gluten Free Seeded Bread 450g,$4.99,$1.11 per 100 g,https://dm.apac.cms.aldi.cx/is/image/aldiprodapac/product/jpg/scaleWidth/232/e2d6fbbb-d170-4c83-8e97-1dffecf61ac6/Bakehouse%20Gluten%20Free%20Seeded%20Bread%20450g
White Vinegar 2L,$1.79,$0.09 per 100 ml,https://dm.apac.cms.aldi.cx/is/image/aldiprodapac/product/jpg/scaleWidth/232/c8af5024-cdf7-4c10-b156-a3bcf35680a6/White%20Vinegar%202L
Rice Bran Oil 1L,$6.39,$0.64 per 100 ml,https://dm.apac.cms.aldi.cx/is/image/aldiprodapac/product/jpg/scaleWidth/232/8995df82-403b-4568-8cfc-c9ef0cb2223f/Rice%20Bran%20Oil%201L
Bean Sprouts 250g,$1.49,$5.96 per 1 kg,https://dm.apac.cms.aldi.cx/is/image/aldiprodapac/product/jpg/scaleWidth/232/42527106-684b-4e3a-889e-a9a76b2c92a2/Bean%20Sprouts%20250g
Organic Tomato Paste 200g,$2.49,$1.25 per 100 g,https://dm.apac.cms.aldi.cx/is/image/aldiprodapac/product/jpg/scaleWidth/232/9e37083f-cfc6-43b1-8a31-b0dcab057b93/Organic%20Tomato%20Paste%20200g
Salt & Pepper Squid 270g,$6.99,$25.89 per 1 kg,https://dm.apac.cms.aldi.cx/is/image/aldiprodapac/product/jpg/scaleWidth/232/1b47c6de-0c22-4513-818e-1e7d45aa3591/Salt%20%20Pepper%20Squid%20270g
Greek Style Natural Yoghurt 930g,$6.39,$0.69 per 100 g,https://dm.apac.cms.aldi.cx/is/image/aldiprodapac/product/jpg/scaleWidth/232/3c28f485-ed67-4b9d-8f32-8ff1d077f9f2/Greek%20Style%20Natural%20Yoghurt%20930g
Beauty Collagen Mature Skin,$12.49,$0.28 per 1 each,https://dm.apac.cms.aldi.cx/is/image/aldiprodapac/product/jpg/scaleWidth/232/034069de-1753-4f37-97ef-a918d6822ef2/Beauty%20Collagen%20Mature%20Skin
Apricot Jam 500g,$2.69,$0.54 per 100 g,https://dm.apac.cms.aldi.cx/is/image/aldiprodapac/product/jpg/scaleWidth/232/1a68df59-152c-4d16-a873-d5405cd44d30/Apricot%20Jam%20500g
Merlot 750ml,$5.99,,https://dm.apac.cms.aldi.cx/is/image/aldiprodapac/product/jpg/scaleWidth/232/240a6f81-b6e8-40f6-a211-13d6f4df7a3c/Merlot%20750ml
Pure Maple Syrup 250ml,$5.49,$2.20 per 100 ml,https://dm.apac.cms.aldi.cx/is/image/aldiprodapac/product/jpg/scaleWidth/232/08d084b3-00f4-41e8-9796-1d791786a47e/Pure%20Maple%20Syrup%20250ml
Assorted Premium Cat Food 85g,$0.99,$1.16 per 100 g,https://dm.apac.cms.aldi.cx/is/image/aldiprodapac/product/jpg/scaleWidth/232/c4fefcbb-8d2d-400a-ae6f-013f1ce54bdc/Assorted%20Premium%20Cat%20Food%2085g
Chicken & Sweetcorn Soup 505g,$1.99,$0.39 per 100 g,https://dm.apac.cms.aldi.cx/is/image/aldiprodapac/product/jpg/scaleWidth/232/7a7f1679-1480-4131-9596-d017d3524010/Chicken%20%20Sweetcorn%20Soup%20505g
Assorted Memory Foam Rug,$129.00,,https://dm.apac.cms.aldi.cx/is/image/aldiprodapac/product/jpg/scaleWidth/232/8b4dde2f-dd85-43d9-9606-ddf6ed907596/Assorted%20Memory%20Foam%20Rug
Assorted Sheepskin Seat Cover,$59.99,,https://dm.apac.cms.aldi.cx/is/image/aldiprodapac/product/jpg/scaleWidth/232/00bdcefe-e32b-48b7-b9cf-8ebd363610b1/Assorted%20Sheepskin%20Seat%20Cover
Macaroni & Cheese 280g,$4.49,$1.60 per 100 g,https://dm.apac.cms.aldi.cx/is/image/aldiprodapac/product/jpg/scaleWidth/232/b68e4253-fc25-4f4e-a135-dc330934217b/Macaroni%20%20Cheese%20280g
Passionfruit & Kamahi Honey Yoghurt Ice Cream 6 Pack 360ml,$7.99,$2.22 per 100 ml,https://dm.apac.cms.aldi.cx/is/image/aldiprodapac/product/jpg/scaleWidth/232/8ae5d449-5851-44ca-a68a-aa60f3b2c1c7/Passionfruit%20%20Kamahi%20Honey%20Yoghurt%20Ice%20Cream%206%20Pack%20360ml
Barossa Shiraz 750ml,$18.99,,https://dm.apac.cms.aldi.cx/is/image/aldiprodapac/product/jpg/scaleWidth/232/9102a069-b57e-462e-9ed7-d953493b18b3/Barossa%20Shiraz%20750ml
Nerds 141g,$3.49,$2.46 per 100 g,https://dm.apac.cms.aldi.cx/is/image/aldiprodapac/product/jpg/scaleWidth/232/339cbfa1-1274-466c-8177-af684db93393/Nerds%20141g
Supplement Powders,$19.99,$3.33 per 100 g,https://dm.apac.cms.aldi.cx/is/image/aldiprodapac/product/jpg/scaleWidth/232/c17b4def-38d8-415e-ab65-857b5d401a0b/Supplement%20Powders
Marinated Fetta 350g,$6.49,$18.54 per 1 kg,https://dm.apac.cms.aldi.cx/is/image/aldiprodapac/product/jpg/scaleWidth/232/f1dab0cb-6e1b-49b6-a6c2-31192e2db0ec/Marinated%20Fetta%20350g
Coke Classic 36 Pack 375ml,$35.89,$2.66 per 1 L,https://dm.apac.cms.aldi.cx/is/image/aldiprodapac/product/jpg/scaleWidth/232/95b25aaf-9782-4277-a331-1e0b17f788d6/Coke%20Classic%2036%20Pack%20375ml
Apple & Blackberry Pies 4 Pack 500g,$3.49,$0.70 per 100 g,https://dm.apac.cms.aldi.cx/is/image/aldiprodapac/product/jpg/scaleWidth/232/1300f560-e179-4815-af82-0d1f57d0342f/Apple%20%20Blackberry%20Pies%204%20Pack%20500g
Bakehouse Traditional Wholemeal Bread 750g,$3.69,$0.49 per 100 g,https://dm.apac.cms.aldi.cx/is/image/aldiprodapac/product/jpg/scaleWidth/232/e3b6d4e3-9881-4517-b373-10696a6334b3/Bakehouse%20Traditional%20Wholemeal%20Bread%20750g
Chocolate Mud Cake 600g,$6.49,$1.08 per 100 g,https://dm.apac.cms.aldi.cx/is/image/aldiprodapac/product/jpg/scaleWidth/232/e8d62ff3-41c7-4e51-ad97-7b79d74c6820/Chocolate%20Mud%20Cake%20600g
French Fries 1kg,$3.49,$3.49 per 1 kg,https://dm.apac.cms.aldi.cx/is/image/aldiprodapac/product/jpg/scaleWidth/232/a1269a4f-3552-44d2-a7f8-bbc62bee6528/French%20Fries%201kg
Assorted Collagen Code Face Care,$12.99,$92.79 per 100 g,https://dm.apac.cms.aldi.cx/is/image/aldiprodapac/product/jpg/scaleWidth/232/65a1a492-37d4-4bd6-8afd-483d28f27094/Assorted%20Collagen%20Code%20Face%20Care
CD Sound Machine,$69.99,,https://dm.apac.cms.aldi.cx/is/image/aldiprodapac/product/jpg/scaleWidth/232/b0d9cc85-74d4-4168-b721-210b69ac3b7d/CD%20Sound%20Machine
Assorted Double Knit Yarn,$1.99,,https://dm.apac.cms.aldi.cx/is/image/aldiprodapac/product/jpg/scaleWidth/232/71b734fd-e22a-4211-bbde-f5aed96f92cd/Assorted%20Double%20Knit%20Yarn
Knob Devon Roll 1kg,$4.39,$4.39 per 1 kg,https://dm.apac.cms.aldi.cx/is/image/aldiprodapac/product/jpg/scaleWidth/232/e3dcc818-a0e6-4f81-b11f-b2fc9149bd2a/Knob%20Devon%20Roll%201kg
Cheese & Bacon Balls 190g,$3.99,$2.10 per 100 g,https://dm.apac.cms.aldi.cx/is/image/aldiprodapac/product/jpg/scaleWidth/232/246c5b66-769f-44e4-b693-3e873714f833/Cheese%20%20Bacon%20Balls%20190g
Greenshell Mussels Original 375g,$6.49,$17.31 per 1 kg,https://dm.apac.cms.aldi.cx/is/image/aldiprodapac/product/jpg/scaleWidth/232/71ad2662-f643-467b-b808-e9825ba09d86/Greenshell%20Mussels%20Original%20375g
Cut Watermelon Loose,$3.58/1.8 kg,$1.99 per 1 kg,https://dm.apac.cms.aldi.cx/is/image/aldiprodapac/product/jpg/scaleWidth/232/6e42391e-19b5-43ab-855c-dd8f3f902326/Cut%20Watermelon%20Loose
Milo Bars 6 Pack 160g,$4.79,$2.99 per 100 g,https://dm.apac.cms.aldi.cx/is/image/aldiprodapac/product/jpg/scaleWidth/232/6249e11d-c710-40d5-9bdf-1614a58d184d/Milo%20Bars%206%20Pack%20160g
Lebanese Cucumbers Loose,$0.84/0.21 kg,$3.99 per 1 kg,https://dm.apac.cms.aldi.cx/is/image/aldiprodapac/product/jpg/scaleWidth/232/13fab124-3e38-48df-9a70-70aae62dab99/Lebanese%20Cucumbers%20Loose
Mint Bunch,$2.99,$2.99 per 1 each,https://dm.apac.cms.aldi.cx/is/image/aldiprodapac/product/jpg/scaleWidth/232/d76506df-30f8-43c8-bcb7-1e7521392529/Mint%20Bunch
Raspberry Flavoured Soft Drink No Sugar 6 Pack 250ml,$4.99,$3.33 per 1 L,https://dm.apac.cms.aldi.cx/is/image/aldiprodapac/product/jpg/scaleWidth/232/c6ba4c45-f4c6-4068-a575-a232a9006312/Raspberry%20Flavoured%20Soft%20Drink%20No%20Sugar%206%20Pack%20250ml
Pitted Dates 500g,$2.39,$4.78 per 1 kg,https://dm.apac.cms.aldi.cx/is/image/aldiprodapac/product/jpg/scaleWidth/232/3178e572-4a8a-42d9-be7a-776d2d646cad/Pitted%20Dates%20500g
Instant Cup Prawn & Chicken Noodles 70g,$0.99,$1.41 per 100 g,https://dm.apac.cms.aldi.cx/is/image/aldiprodapac/product/jpg/scaleWidth/232/c61baea1-7f06-49cd-8463-6e09959a8db4/Instant%20Cup%20Prawn%20%20Chicken%20Noodles%20%2070g
Southern Style RSPCA Approved Chicken Portions,$14.39,$11.99 per 1 kg,https://dm.apac.cms.aldi.cx/is/image/aldiprodapac/product/jpg/scaleWidth/232/402954ba-eaf5-4b75-b637-79d16302d285/Southern%20Style%20RSPCA%20Approved%20Chicken%20Portions
Mix Bix 8 Pack 631ml,$4.99,$0.79 per 100 ml,https://dm.apac.cms.aldi.cx/is/image/aldiprodapac/product/jpg/scaleWidth/232/7d893015-8411-4ae3-890b-3d8f18eefc6f/Mix%20Bix%208%20Pack%20631ml
Natural Cashews 750g,$14.99,$19.99 per 1 kg,https://dm.apac.cms.aldi.cx/is/image/aldiprodapac/product/jpg/scaleWidth/232/01255b30-b699-49e3-9524-dad1e8a9bfe9/Natural%20Cashews%20750g
Mayo & Sweetcorn Tuna 95g,$1.09,$11.47 per 1 kg,https://dm.apac.cms.aldi.cx/is/image/aldiprodapac/product/jpg/scaleWidth/232/f644d50b-39fe-4efc-8248-6e45e021068a/Mayo%20%20Sweetcorn%20Tuna%2095g
Mango Sorbet 4 Pack 400ml,$5.99,$1.50 per 100 ml,https://dm.apac.cms.aldi.cx/is/image/aldiprodapac/product/jpg/scaleWidth/232/e463a9b7-ba8c-42f6-8b3e-206c0d550ff7/Mango%20Sorbet%204%20Pack%20400ml
Mexican Salsa Tuna 95g,$1.09,$11.47 per 1 kg,https://dm.apac.cms.aldi.cx/is/image/aldiprodapac/product/jpg/scaleWidth/232/ba933fce-4c77-42c7-a4fe-bfa65d09e785/Mexican%20Salsa%20Tuna%2095g
Choco Air Mint 100g,$2.49,$2.49 per 100 g,https://dm.apac.cms.aldi.cx/is/image/aldiprodapac/product/jpg/scaleWidth/232/682a2a09-f126-453f-b01a-6c2559aea6ba/Choco%20Air%20Mint%20100g
Advanced Protection Antiperspirant Deodorant 96 Hour 2 Pack 48g,$13.99,$14.57 per 100 g,https://dm.apac.cms.aldi.cx/is/image/aldiprodapac/product/jpg/scaleWidth/232/f2712639-c129-40cf-9175-13ab7e324bd9/Advanced%20Protection%20Antiperspirant%20Deodorant%2096%20Hour%202%20Pack%2048g
Microwave Rice Brown & Red Rice 250g,$1.99,$0.80 per 100 g,https://dm.apac.cms.aldi.cx/is/image/aldiprodapac/product/jpg/scaleWidth/232/ccd6456f-eea6-4e3b-8099-0404e23ffc32/Microwave%20Rice%20Brown%20%20Red%20Rice%20250g
Assorted Watercolour Pad,$9.99,,https://dm.apac.cms.aldi.cx/is/image/aldiprodapac/product/jpg/scaleWidth/232/5d437139-9ed9-4e7b-a929-8cc7cc2a392a/Assorted%20Watercolour%20Pad
Wild Sardines with Lemon Essence 120g,$3.99,,https://dm.apac.cms.aldi.cx/is/image/aldiprodapac/product/jpg/scaleWidth/232/eda1d4b0-e51f-422a-86b5-354914193d09/Wild%20Sardines%20with%20Lemon%20Essence%20120g
Bolognese Pasta Sauce 500g,$2.29,$0.46 per 100 g,https://dm.apac.cms.aldi.cx/is/image/aldiprodapac/product/jpg/scaleWidth/232/67e73557-baad-4fd1-8501-bf1392d90f32/Bolognese%20Pasta%20Sauce%20500g
UK Vintage Cheddar Cheese 200g,$4.49,$22.45 per 1 kg,https://dm.apac.cms.aldi.cx/is/image/aldiprodapac/product/jpg/scaleWidth/232/348f51b9-b81d-4c88-b490-18aaa31cc97a/UK%20Vintage%20Cheddar%20Cheese%20200g
Chicken Massaman 350g,$6.99,$2.00 per 100 g,https://dm.apac.cms.aldi.cx/is/image/aldiprodapac/product/jpg/scaleWidth/232/47f1f910-cf33-42f0-9a8b-9848188e7991/Chicken%20Massaman%20350g
Vintage Cheese Block 500g,$6.99,$13.98 per 1 kg,https://dm.apac.cms.aldi.cx/is/image/aldiprodapac/product/jpg/scaleWidth/232/2f0968c1-e82b-41cc-9224-54fcf4a1030a/Vintage%20Cheese%20Block%20500g
Tuna Chunks in Springwater 425g,$3.29,$7.74 per 1 kg,https://dm.apac.cms.aldi.cx/is/image/aldiprodapac/product/jpg/scaleWidth/232/6bebbb9e-d1f8-4f32-866e-022d7ecd150d/Tuna%20Chunks%20in%20Springwater%20425g
Fruit Swirl Blueberry Yogurt 700g,$4.89,$0.70 per 100 g,https://dm.apac.cms.aldi.cx/is/image/aldiprodapac/product/jpg/scaleWidth/232/8c36ab9d-6657-4dfe-a6a8-3b863380fdb0/Fruit%20Swirl%20Blueberry%20Yogurt%20700g
Chilli Flakes Indian Spices 155g,$4.29,$0.21 per 10 g,https://dm.apac.cms.aldi.cx/is/image/aldiprodapac/product/jpg/scaleWidth/232/da3bff92-fd04-4693-91e9-38373bd4b751/Chilli%20Flakes%20Indian%20Spices%20155g
Tomato Sauce 500ml,$1.85,$0.37 per 100 ml,https://dm.apac.cms.aldi.cx/is/image/aldiprodapac/product/jpg/scaleWidth/232/ced2cab9-f7ec-49a4-8e7d-deed8652ab90/Tomato%20Sauce%20500ml
Thin Cut Chips Original 230g,$2.69,$1.17 per 100 g,https://dm.apac.cms.aldi.cx/is/image/aldiprodapac/product/jpg/scaleWidth/232/77600604-97fd-455b-89ce-e17b50902a36/Thin%20Cut%20Chips%20Original%20230g
Date & Walnut Loaf 450g,$3.69,$0.82 per 100 g,https://dm.apac.cms.aldi.cx/is/image/aldiprodapac/product/jpg/scaleWidth/232/7a4acaf4-b71d-402e-b0b3-74f9f2c81836/Date%20%20Walnut%20Loaf%20450g
Assorted Lyocell Cotton Quilt Cover Set - King Bed,$69.99,,https://dm.apac.cms.aldi.cx/is/image/aldiprodapac/product/jpg/scaleWidth/232/ea748bd1-2c70-40ac-9d16-d3a732e0af3e/Assorted%20Lyocell%20Cotton%20Quilt%20Cover%20Set%20%20King%20Bed
Sardines in Oil 110g,$1.59,$14.45 per 1 kg,https://dm.apac.cms.aldi.cx/is/image/aldiprodapac/product/jpg/scaleWidth/232/3f190a91-7453-4920-88bb-6fa7e7a95cc9/Sardines%20in%20Oil%20110g
Yellowfin Tuna Chunks in Springwater 425g,$4.49,$10.56 per 1 kg,https://dm.apac.cms.aldi.cx/is/image/aldiprodapac/product/jpg/scaleWidth/232/144a6c4a-67de-4c55-af03-e53113ebc959/Yellowfin%20Tuna%20Chunks%20in%20Springwater%20425g
Triple Berry Premium Muesli Bars 270g,$3.99,$1.48 per 100 g,https://dm.apac.cms.aldi.cx/is/image/aldiprodapac/product/jpg/scaleWidth/232/b0823d9f-72a4-4e38-bc08-2ad9b3512de0/Triple%20Berry%20Premium%20Muesli%20Bars%20270g
Prepacked Beetroot 250g,$2.49,$9.96 per 1 kg,https://dm.apac.cms.aldi.cx/is/image/aldiprodapac/product/jpg/scaleWidth/232/07ac3ce7-4abd-4c43-83d7-3d50a86153e1/Prepacked%20Beetroot%20%20250g
Olive Oil 1L,$9.99,$1.00 per 100 ml,https://dm.apac.cms.aldi.cx/is/image/aldiprodapac/product/jpg/scaleWidth/232/67e279e8-a6f7-4121-a973-51b247c20f2e/Olive%20Oil%201L
Mousse with Biscoff Spread 2 Pack 90g,$4.99,$2.77 per 100 g,https://dm.apac.cms.aldi.cx/is/image/aldiprodapac/product/jpg/scaleWidth/232/33a266a1-d6e4-49bc-9f82-167f5cc67a8c/Mousse%20with%20Biscoff%20Spread%202%20Pack%2090g
Peppermint Sugar Free Mints 36g,$1.99,$5.53 per 100 g,https://dm.apac.cms.aldi.cx/is/image/aldiprodapac/product/jpg/scaleWidth/232/379abec6-a0da-4fea-b3e4-4ae4cfb13042/Peppermint%20Sugar%20Free%20Mints%2036g
Sweet Chilli & Sour Cream Party Size 290g,$4.49,$1.55 per 100 g,https://dm.apac.cms.aldi.cx/is/image/aldiprodapac/product/jpg/scaleWidth/232/9af5b877-f331-4903-bacb-799f34bc4c6c/Sweet%20Chilli%20%20Sour%20Cream%20Party%20Size%20290g
Marlborough Sauvignon Blanc 750ml,$9.99,,https://dm.apac.cms.aldi.cx/is/image/aldiprodapac/product/jpg/scaleWidth/232/4eac1c60-42f1-4343-9eca-7b1261f00fd6/Marlborough%20Sauvignon%20Blanc%20750ml
Classic Dry Craft Gin 750ml,$46.99,,https://dm.apac.cms.aldi.cx/is/image/aldiprodapac/product/jpg/scaleWidth/232/7c1481d5-e88d-4ba7-a427-01c638851c3a/Classic%20Dry%20Craft%20Gin%20750ml
Mango & Chilli Biltong Slices 100g,$7.99,$79.90 per 1 kg,https://dm.apac.cms.aldi.cx/is/image/aldiprodapac/product/jpg/scaleWidth/232/33aca250-afcd-4cd3-83a6-0620b6f6fa68/Mango%20%20Chilli%20Biltong%20Slices%20100g
Scottish Shortbread 360g,$14.99,$4.16 per 100 g,https://dm.apac.cms.aldi.cx/is/image/aldiprodapac/product/jpg/scaleWidth/232/99b5707f-9249-431d-aca5-bf66b28177ed/Scottish%20Shortbread%20360g
Mini Digestives 12 Pack 390g,$3.99,$1.02 per 100 g,https://dm.apac.cms.aldi.cx/is/image/aldiprodapac/product/jpg/scaleWidth/232/53208d4a-4196-4845-a78a-54385679d695/Mini%20Digestives%2012%20Pack%20390g
3 Star Beef Mince 500g,$6.49,$12.98 per 1 kg,https://dm.apac.cms.aldi.cx/is/image/aldiprodapac/product/jpg/scaleWidth/232/6aab46af-d60c-4eff-9619-0ac173f7b40b/3%20Star%20Beef%20Mince%20500g
Marlborough Salted Caramel Ice Cream 1L,$7.99,$0.80 per 100 ml,https://dm.apac.cms.aldi.cx/is/image/aldiprodapac/product/jpg/scaleWidth/232/ce10e222-0b9f-47b3-b7d4-67292ddedc62/Marlborough%20Salted%20Caramel%20Ice%20Cream%201L
Breakfast Bubbles 450g,$3.49,$0.78 per 100 g,https://dm.apac.cms.aldi.cx/is/image/aldiprodapac/product/jpg/scaleWidth/232/650c9c9e-7eea-46d9-8c3e-53583c293118/Breakfast%20Bubbles%20450g
Strong Cappuccino Sachets 10 Pack 132g,$3.69,$0.37 per 1 each,https://dm.apac.cms.aldi.cx/is/image/aldiprodapac/product/jpg/scaleWidth/232/d09785dc-9476-4198-af0f-fd8e641b51f5/Strong%20Cappuccino%20Sachets%2010%20Pack%20132g
Snack Stack Chips Original Flavour 160g,$1.99,$1.24 per 100 g,https://dm.apac.cms.aldi.cx/is/image/aldiprodapac/product/jpg/scaleWidth/232/ad3d3e45-1888-4235-b7cd-b8d80ad84d74/Snack%20Stack%20Chips%20Original%20Flavour%20160g
Basmati Rice 5kg,$13.99,$0.28 per 100 g,https://dm.apac.cms.aldi.cx/is/image/aldiprodapac/product/jpg/scaleWidth/232/3d7d85d9-f402-46b6-9b23-8d2977e17864/Basmati%20Rice%205kg
Pasture Raised Free Range Eggs 700g,$8.29,$1.18 per 100 g,https://dm.apac.cms.aldi.cx/is/image/aldiprodapac/product/jpg/scaleWidth/232/2b5e72b4-f1e5-49ef-b62f-848fbb9368d0/Pasture%20Raised%20Free%20Range%20Eggs%20700g
Fruity Filled Bars Blueberry 6 Pack 225g,$2.79,$1.24 per 100 g,https://dm.apac.cms.aldi.cx/is/image/aldiprodapac/product/jpg/scaleWidth/232/8081a303-fa27-401f-b134-96cb291bd67a/Fruity%20Filled%20Bars%20Blueberry%206%20Pack%20225g
Digital Kitchen Scales,$9.99,,https://dm.apac.cms.aldi.cx/is/image/aldiprodapac/product/jpg/scaleWidth/232/a9284825-9f2f-4033-b113-bc0d9aae68f7/Digital%20Kitchen%20Scales
Gluten Free Penne 500g,$2.49,$0.50 per 100 g,https://dm.apac.cms.aldi.cx/is/image/aldiprodapac/product/jpg/scaleWidth/232/024d75cf-8fe0-4907-82e0-bc41f2b50fe8/Gluten%20Free%20Penne%20500g
Garlic Loose,$1.80/0.06 kg,$29.99 per 1 kg,https://dm.apac.cms.aldi.cx/is/image/aldiprodapac/product/jpg/scaleWidth/232/c63ba3b6-6724-4717-946b-2146f411be24/Garlic%20Loose
Golden Crisp Fish Fillets ‚Äì Lemon Crumb 425g,$4.49,$10.56 per 1 kg,https://dm.apac.cms.aldi.cx/is/image/aldiprodapac/product/jpg/scaleWidth/232/94bc0709-cb9d-4a61-a510-dc8b1aa2f707/Golden%20Crisp%20Fish%20Fillets%20%20Lemon%20Crumb%20425g
Super Moist Devil's Food Cake Mix 540g,$3.79,$0.70 per 100 g,https://dm.apac.cms.aldi.cx/is/image/aldiprodapac/product/jpg/scaleWidth/232/ce605add-0fa5-4cb4-90f1-cd46613d03ad/Super%20Moist%20Devils%20Food%20Cake%20Mix%20540g
Chicken Drumsticks Bulk Pack 2kg,$6.89,$3.45 per 1 kg,https://dm.apac.cms.aldi.cx/is/image/aldiprodapac/product/jpg/scaleWidth/232/f0291929-6807-4e57-88e7-34e73b21e44a/Chicken%20Drumsticks%20Bulk%20Pack%202kg
Corn Cobs 1kg,$4.59,$4.59 per 1 kg,https://dm.apac.cms.aldi.cx/is/image/aldiprodapac/product/jpg/scaleWidth/232/06e23ec1-22c7-4b3c-8830-8b8cec6b1a46/Corn%20Cobs%201kg
Rocket Bagged 120g,$1.99,$16.58 per 1 kg,https://dm.apac.cms.aldi.cx/is/image/aldiprodapac/product/jpg/scaleWidth/232/0d3d5f6e-285e-4eb5-bba8-f90088491e98/Rocket%20Bagged%20120g
Large Halloween Assortment,$7.99,,https://dm.apac.cms.aldi.cx/is/image/aldiprodapac/product/jpg/scaleWidth/232/b70f468b-a3e2-4d32-99fb-2ee7a07dcebd/Large%20Halloween%20Assortment
Assorted Cat Food 400g,$1.39,$0.35 per 100 g,https://dm.apac.cms.aldi.cx/is/image/aldiprodapac/product/jpg/scaleWidth/232/3e181f37-a3cd-49ec-b178-f5b245b67549/Assorted%20Cat%20Food%20400g
Brie 125g,$2.49,$19.92 per 1 kg,https://dm.apac.cms.aldi.cx/is/image/aldiprodapac/product/jpg/scaleWidth/232/7779ef82-33d2-4625-8786-f3b25f27683f/Brie%20125g
Oat Bars Golden Oats 6 Pack 240g,$2.99,$1.25 per 100 g,https://dm.apac.cms.aldi.cx/is/image/aldiprodapac/product/jpg/scaleWidth/232/20018d8f-48fc-423b-aebc-8488cf6f86e7/Oat%20Bars%20Golden%20Oats%206%20Pack%20240g
Canola Oil 2L,$5.99,$0.30 per 100 ml,https://dm.apac.cms.aldi.cx/is/image/aldiprodapac/product/jpg/scaleWidth/232/e7991010-3a55-4017-bbac-0e23972aee01/Canola%20Oil%202L
4 Star Grass Fed Beef Mince 500g,$9.49,$18.98 per 1 kg,https://dm.apac.cms.aldi.cx/is/image/aldiprodapac/product/jpg/scaleWidth/232/b5ea5cb2-b5c0-4901-9685-9fddb5e8344d/4%20Star%20Grass%20Fed%20Beef%20Mince%20500g
Sporty Shapes 8 Pack 160g,$3.99,$2.49 per 100 g,https://dm.apac.cms.aldi.cx/is/image/aldiprodapac/product/jpg/scaleWidth/232/7078c99c-229f-4754-abcb-46e9b258069e/Sporty%20Shapes%208%20Pack%20160g
Dark Salty Fudge Almond Choco Changer Chococolate Block 150g,$4.99,$3.33 per 100 g,https://dm.apac.cms.aldi.cx/is/image/aldiprodapac/product/jpg/scaleWidth/232/aa79c01f-8817-4097-80f5-753cefcbd791/Dark%20Salty%20Fudge%20Almond%20Choco%20Changer%20Chococolate%20Block%20150g
Flushable Wipes 40 Pack,$2.99,$0.07 per 1 each,https://dm.apac.cms.aldi.cx/is/image/aldiprodapac/product/jpg/scaleWidth/232/21ee1e00-005b-4b46-aab9-01aea902235d/Flushable%20Wipes%2040%20Pack
Australian Extra Virgin Olive Oil 1L,$19.99,$2.00 per 100 ml,https://dm.apac.cms.aldi.cx/is/image/aldiprodapac/product/jpg/scaleWidth/232/2be4da62-a20c-43d8-a52f-6fcd4c8358fe/Australian%20Extra%20Virgin%20Olive%20Oil%201L
Coffee Capsules Abruzzo 16 pack 124g,$7.99,$0.50 per 1 each,https://dm.apac.cms.aldi.cx/is/image/aldiprodapac/product/jpg/scaleWidth/232/bdc12f16-43ad-4dc0-a98f-7e85575a8b05/Coffee%20Capsules%20Abruzzo%2016%20pack%20124g
Shredded Chicken Breast Wholegrain Mustard Mayonnaise 85g,$1.29,$15.18 per 1 kg,https://dm.apac.cms.aldi.cx/is/image/aldiprodapac/product/jpg/scaleWidth/232/b6750886-97ee-4134-b77a-cbd2042f4ac1/Shredded%20Chicken%20Breast%20Wholegrain%20Mustard%20Mayonnaise%2085g
100% Orange Pulp Free Juice 2L,$4.99,$2.50 per 1 L,https://dm.apac.cms.aldi.cx/is/image/aldiprodapac/product/jpg/scaleWidth/232/8de62298-c42c-477f-8d4e-6758463025ad/100%25%20Orange%20Pulp%20Free%20Juice%202L
Pumpkin Seed and Purple Wheat Panini 3 Pack 330g,$3.19,$1.06 per 1 each,https://dm.apac.cms.aldi.cx/is/image/aldiprodapac/product/jpg/scaleWidth/232/415ca3cc-2e90-4ebf-af48-86bbff37b8e1/Pumpkin%20Seed%20and%20Purple%20Wheat%20Panini%203%20Pack%20330g
Regular or Extra Long Incontinence Liners,$5.49,$0.25 per 1 each,https://dm.apac.cms.aldi.cx/is/image/aldiprodapac/product/jpg/scaleWidth/232/f768ebcc-c77d-4e18-8053-0e69d0f7f99a/Regular%20or%20Extra%20Long%20Incontinence%20Liners
Portuguese Tarts 4 Pack 280g,$4.99,$1.78 per 100 g,https://dm.apac.cms.aldi.cx/is/image/aldiprodapac/product/jpg/scaleWidth/232/a11b4a79-dbf9-4da9-b95d-42e527b25873/Portuguese%20Tarts%204%20Pack%20280g
Canola Oil Cooking Spray 400g,$2.79,$0.70 per 100 g,https://dm.apac.cms.aldi.cx/is/image/aldiprodapac/product/jpg/scaleWidth/232/9b20db4f-59bc-4072-8bb9-06182495aff4/Canola%20Oil%20Cooking%20Spray%20400g
Daily Greens 500g,$24.99,$5.00 per 100 g,https://dm.apac.cms.aldi.cx/is/image/aldiprodapac/product/jpg/scaleWidth/232/cbec8ef8-d24c-4d06-897a-364ee5c59803/Daily%20Greens%20500g
Watermelon Flavoured Soft Drink No Sugar 6 Pack 250ml,$4.99,$3.33 per 1 L,https://dm.apac.cms.aldi.cx/is/image/aldiprodapac/product/jpg/scaleWidth/232/c05d9a77-5006-4eed-a467-4cb621779c93/Watermelon%20Flavoured%20Soft%20Drink%20No%20Sugar%206%20Pack%20250ml
Organic Rolled Oats 500g,$2.79,$0.56 per 100 g,https://dm.apac.cms.aldi.cx/is/image/aldiprodapac/product/jpg/scaleWidth/232/e2e2d893-1653-4d30-9b9c-8f7e123be2f4/Organic%20Rolled%20Oats%20500g
Valletta Coffee Capsules 16 Pack 124g,$7.99,$0.50 per 1 each,https://dm.apac.cms.aldi.cx/is/image/aldiprodapac/product/jpg/scaleWidth/232/69c4f4a5-1b2d-42d9-a3fe-22ec913a2350/Valletta%20Coffee%20Capsules%2016%20Pack%20124g
Lime Juice 250ml,$0.95,$0.38 per 100 ml,https://dm.apac.cms.aldi.cx/is/image/aldiprodapac/product/jpg/scaleWidth/232/05959f80-f196-4c2d-bc0c-279df255add4/Lime%20Juice%20250ml
Size 6 Nappies 16-25kg 40 Pack,$11.49,$0.29 per 1 each,https://dm.apac.cms.aldi.cx/is/image/aldiprodapac/product/jpg/scaleWidth/232/e81beaf9-b366-4d8e-81d5-e328eb8ae5fd/Size%206%20Nappies%201625kg%2040%20Pack
Assorted Cutting Boards,$4.99,,https://dm.apac.cms.aldi.cx/is/image/aldiprodapac/product/jpg/scaleWidth/232/5f749266-7f8f-4f4d-88a3-5042c2c2999a/Assorted%20Cutting%20Boards
Shapes Chicken Crimpy Cracker Biscuits 175g,$1.99,$1.14 per 100 g,https://dm.apac.cms.aldi.cx/is/image/aldiprodapac/product/jpg/scaleWidth/232/d428b646-0737-4be8-968a-018bd9c537ae/Shapes%20Chicken%20Crimpy%20Cracker%20Biscuits%20175g
Protein Oat Bars Dark Choc 5 Pack 200g,$4.49,$2.25 per 100 g,https://dm.apac.cms.aldi.cx/is/image/aldiprodapac/product/jpg/scaleWidth/232/26777f4f-0e5d-486d-9f34-e23b220cf103/Protein%20Oat%20Bars%20Dark%20Choc%205%20Pack%20200g
Caramel Sea Salt Chocolates 5 Pack 125g,$4.99,$3.99 per 100 g,https://dm.apac.cms.aldi.cx/is/image/aldiprodapac/product/jpg/scaleWidth/232/d1c5f24b-2902-45c4-91a6-d64340882fc6/Caramel%20Sea%20Salt%20Chocolates%205%20Pack%20125g
Soup in a Cup Hearty Italian Style Minestrone 2 Pack 60g,$0.95,$1.58 per 100 g,https://dm.apac.cms.aldi.cx/is/image/aldiprodapac/product/jpg/scaleWidth/232/29a0a97b-5ccb-4561-8194-e907066ad7d9/Soup%20in%20a%20Cup%20Hearty%20Italian%20Style%20Minestrone%202%20Pack%2060g
Light Fruit Cake 465g,$3.79,$0.82 per 100 g,https://dm.apac.cms.aldi.cx/is/image/aldiprodapac/product/jpg/scaleWidth/232/d82bb891-1947-44e2-b360-441b143b1a80/Light%20Fruit%20Cake%20465g
Apricot Delights 150g,$3.69,$2.46 per 100 g,https://dm.apac.cms.aldi.cx/is/image/aldiprodapac/product/jpg/scaleWidth/232/06130ddd-b976-43c7-8220-d2675f903367/Apricot%20Delights%20150g
Decaffi Coffee Capsules 16 Pack 124g,$7.99,$0.50 per 1 each,https://dm.apac.cms.aldi.cx/is/image/aldiprodapac/product/jpg/scaleWidth/232/71c2bd63-e1fb-4ff8-a27e-dcd31b736548/Decaffi%20Coffee%20Capsules%2016%20Pack%20124g
Diced Bacon Pieces 2 x 150g,$3.99,$13.30 per 1 kg,https://dm.apac.cms.aldi.cx/is/image/aldiprodapac/product/jpg/scaleWidth/232/50d32722-f337-43af-83e4-82e76978c1ed/Diced%20Bacon%20Pieces%202%20x%20150g
Onion Bhaji 283g,$3.49,$1.23 per 100 g,https://dm.apac.cms.aldi.cx/is/image/aldiprodapac/product/jpg/scaleWidth/232/800f70ac-02c9-4ed6-bf92-65de5c68aa1b/Onion%20Bhaji%20283g
Work Stretch Cargo Shorts,$24.99,,https://dm.apac.cms.aldi.cx/is/image/aldiprodapac/product/jpg/scaleWidth/232/8e1f5ac4-25dc-4dd3-af06-fbee804f1aea/Work%20Stretch%20Cargo%20Shorts
Drain Cleaner Gel 1L,$7.99,$0.80 per 100 ml,https://dm.apac.cms.aldi.cx/is/image/aldiprodapac/product/jpg/scaleWidth/232/a8ab6965-5328-4a94-af7f-e567720f2386/Drain%20Cleaner%20Gel%201L
Vanilla Extract 100ml,$4.99,$0.50 per 10 ml,https://dm.apac.cms.aldi.cx/is/image/aldiprodapac/product/jpg/scaleWidth/232/22fe1dfa-dcad-4bd7-a3ce-7b6b31471d5c/Vanilla%20Extract%20100ml
Assorted Glow in the Dark Rug,$14.99,,https://dm.apac.cms.aldi.cx/is/image/aldiprodapac/product/jpg/scaleWidth/232/00014e15-0b32-4137-bdd0-9d3328ddea55/Assorted%20Glow%20in%20the%20Dark%20Rug
White Chocolate & Raspberry Ice Cream 1L,$7.99,$0.80 per 100 ml,https://dm.apac.cms.aldi.cx/is/image/aldiprodapac/product/jpg/scaleWidth/232/54925885-e099-4beb-bd97-12b82ef9eeb8/White%20Chocolate%20%20Raspberry%20Ice%20Cream%201L
Mini Black Bean Tacos 10 Pack 200g,$2.99,$1.50 per 100 g,https://dm.apac.cms.aldi.cx/is/image/aldiprodapac/product/jpg/scaleWidth/232/f7a9ba30-13ad-418c-84cd-4dc6e4da9b57/Mini%20Black%20Bean%20Tacos%2010%20Pack%20200g
French Salad Dressing 330ml,$1.79,$0.54 per 100 ml,https://dm.apac.cms.aldi.cx/is/image/aldiprodapac/product/jpg/scaleWidth/232/4dd8a0f0-2182-46cb-9444-c859d5494794/French%20Salad%20Dressing%20330ml
Herring Fillets in Mango Pepper Sauce 200g,$2.29,$11.45 per 1 kg,https://dm.apac.cms.aldi.cx/is/image/aldiprodapac/product/jpg/scaleWidth/232/a062a1cc-11f4-4637-80aa-c626ed327e0d/Herring%20Fillets%20in%20Mango%20Pepper%20Sauce%20200g
Macaroons Chocolate 200g,$3.99,$2.00 per 100 g,https://dm.apac.cms.aldi.cx/is/image/aldiprodapac/product/jpg/scaleWidth/232/81a877cb-9df6-4ddb-8b34-a4e742db29f2/Macaroons%20Chocolate%20200g
Unsalted Butter 250g,$3.69,$1.48 per 100 g,https://dm.apac.cms.aldi.cx/is/image/aldiprodapac/product/jpg/scaleWidth/232/791bea71-311f-4be6-9534-b318ec7785b7/Unsalted%20Butter%20250g
Outdoor Tablecloth,$19.99,,https://dm.apac.cms.aldi.cx/is/image/aldiprodapac/product/jpg/scaleWidth/232/97e2c350-7c4f-4f99-8c00-dddc92c9e748/Outdoor%20Tablecloth
Night Pants 4-7 Years 17-30 Kg 10 Pack,$10.99,$1.10 per 1 each,https://dm.apac.cms.aldi.cx/is/image/aldiprodapac/product/jpg/scaleWidth/232/9635929a-a84b-4dcf-a331-59859c862dba/Night%20Pants%20%2047%20Years%201730%20Kg%2010%20Pack
Two Fruits in Strawberry Jelly 4 Pack 125g,$2.09,$4.18 per 1 kg,https://dm.apac.cms.aldi.cx/is/image/aldiprodapac/product/jpg/scaleWidth/232/5954a508-79a8-4b20-a4ef-4373afda64be/Two%20Fruits%20in%20Strawberry%20Jelly%204%20Pack%20125g
Assorted Sand Paper Rolls 5m,$9.99,,https://dm.apac.cms.aldi.cx/is/image/aldiprodapac/product/jpg/scaleWidth/232/e71d8314-5907-42d0-a2b2-10546f2b5c74/Assorted%20Sand%20Paper%20Rolls%205m
Coconut Rolls 140g,$3.99,$2.85 per 100 g,https://dm.apac.cms.aldi.cx/is/image/aldiprodapac/product/jpg/scaleWidth/232/45241ad7-8113-4b89-ad87-2d25b0ed3532/Coconut%20Rolls%20140g
Sesame Snaps 3 Pack 120g,$1.39,$1.16 per 100 g,https://dm.apac.cms.aldi.cx/is/image/aldiprodapac/product/jpg/scaleWidth/232/c8bd2938-eea2-44c2-b105-a7872c73dd6b/Sesame%20Snaps%203%20Pack%20120g
Hot Dog Frankfurts 500g,$2.99,$5.98 per 1 kg,https://dm.apac.cms.aldi.cx/is/image/aldiprodapac/product/jpg/scaleWidth/232/7bdd35c3-2a04-4d38-80c6-18f51f0f0e4a/Hot%20Dog%20Frankfurts%20500g
Organic Baby Food Banana Apple & Mango 6+ Months 120g,$1.49,$1.24 per 100 g,https://dm.apac.cms.aldi.cx/is/image/aldiprodapac/product/jpg/scaleWidth/232/769bd714-ad32-47c0-ae82-57998981099b/Organic%20Baby%20Food%20Banana%20Apple%20%20Mango%206%20Months%20120g
Italian Style Pizza Base 2 Pack 400g,$3.79,$0.95 per 100 g,https://dm.apac.cms.aldi.cx/is/image/aldiprodapac/product/jpg/scaleWidth/232/6eb7bc72-7505-4552-9f74-00cb2f94f2f3/Italian%20Style%20Pizza%20Base%202%20Pack%20400g
Turkey Breast Strips 400g,$7.49,$18.73 per 1 kg,https://dm.apac.cms.aldi.cx/is/image/aldiprodapac/product/jpg/scaleWidth/232/b9424a11-513b-4f25-8ec3-09f665754771/Turkey%20Breast%20Strips%20400g
Work Singlet 2 Pack or 3 Pack,$12.99,,https://dm.apac.cms.aldi.cx/is/image/aldiprodapac/product/jpg/scaleWidth/232/9fcd61d9-7b13-4c85-831e-cf638cc192f9/Work%20Singlet%202%20Pack%20or%203%20Pack
Assorted Fruit or Vegetable Knives,$3.99,,https://dm.apac.cms.aldi.cx/is/image/aldiprodapac/product/jpg/scaleWidth/232/b768df29-385b-4d21-bac9-3bca7f7670b3/Assorted%20Fruit%20or%20Vegetable%20Knives
Tower Fan,$39.99,,https://dm.apac.cms.aldi.cx/is/image/aldiprodapac/product/jpg/scaleWidth/232/4ef10bd1-b7a6-460c-ae9d-128b95ea7f46/Tower%20Fan
Bubble Bars Chocolate Chip 6 Pack 132g,$3.49,$2.64 per 100 g,https://dm.apac.cms.aldi.cx/is/image/aldiprodapac/product/jpg/scaleWidth/232/17358ee5-0265-4cef-9acb-432e3296e320/Bubble%20Bars%20Chocolate%20Chip%206%20Pack%20132g
Wholegrain Mustard 190g,$2.29,$1.21 per 100 g,https://dm.apac.cms.aldi.cx/is/image/aldiprodapac/product/jpg/scaleWidth/232/dea7ea1d-a8af-4c68-bdca-9b5ef2e911d4/Wholegrain%20Mustard%20190g
Capsicum Mediterranean Style Dip 200g,$2.39,$1.20 per 100 g,https://dm.apac.cms.aldi.cx/is/image/aldiprodapac/product/jpg/scaleWidth/232/bfabfdff-d449-4106-88aa-baa40a6c507e/Capsicum%20Mediterranean%20Style%20Dip%20200g
Bowties Pasta 500g,$0.99,$0.20 per 100 g,https://dm.apac.cms.aldi.cx/is/image/aldiprodapac/product/jpg/scaleWidth/232/dbbfa37d-e4d0-433c-970c-03305cbe59cb/Bowties%20Pasta%20500g
Saline Nasal Spray 30ml,$6.99,$23.30 per 100 ml,https://dm.apac.cms.aldi.cx/is/image/aldiprodapac/product/jpg/scaleWidth/232/94b05efe-d2fe-4520-8d4b-1dbde583d0a8/Saline%20Nasal%20Spray%2030ml
Mixed Dried Fruit 1kg,$6.99,$6.99 per 1 kg,https://dm.apac.cms.aldi.cx/is/image/aldiprodapac/product/jpg/scaleWidth/232/39956c31-9cac-46db-92ee-f72f15b75932/Mixed%20Dried%20Fruit%201kg
RSPCA Approved Chicken Bites With Sriracha Mayonnaise 500g,$9.99,$19.98 per 1 kg,https://dm.apac.cms.aldi.cx/is/image/aldiprodapac/product/jpg/scaleWidth/232/e03224ce-c438-4bc0-97ee-b153e675ced6/RSPCA%20Approved%20Chicken%20Bites%20With%20Sriracha%20%20Mayonnaise%20500g
Crispy Tempura Battered Fish Fillets 425g,$4.49,$10.56 per 1 kg,https://dm.apac.cms.aldi.cx/is/image/aldiprodapac/product/jpg/scaleWidth/232/c42d3556-19ed-4dc4-b510-a840f8cfa531/Crispy%20Tempura%20Battered%20Fish%20Fillets%20425g
4 Bean Mix 420g,$0.95,$2.26 per 1 kg,https://dm.apac.cms.aldi.cx/is/image/aldiprodapac/product/jpg/scaleWidth/232/b53dcc2c-1b5d-43e8-92b5-d2e88ffd872e/4%20Bean%20Mix%20420g
Baby Travel Assortment,$5.99,,https://dm.apac.cms.aldi.cx/is/image/aldiprodapac/product/jpg/scaleWidth/232/bb269dd0-7f30-45b0-a0fd-c17388bce7ab/Baby%20Travel%20Assortment
Woodfired Beetroot & Goat's Cheese Pizza 396g,$6.99,$1.77 per 100 g,https://dm.apac.cms.aldi.cx/is/image/aldiprodapac/product/jpg/scaleWidth/232/c9f85b43-ff08-4778-bb27-82999be8aa37/Woodfired%20Beetroot%20%20Goats%20Cheese%20Pizza%20396g
German Pumpernickel Bread 500g,$3.69,$0.74 per 100 g,https://dm.apac.cms.aldi.cx/is/image/aldiprodapac/product/jpg/scaleWidth/232/3c7c8968-977d-40f2-a77e-f7b89efdbb4c/German%20Pumpernickel%20Bread%20500g
Australian Pear Slices in Juice 700g,$3.49,$4.99 per 1 kg,https://dm.apac.cms.aldi.cx/is/image/aldiprodapac/product/jpg/scaleWidth/232/9701645d-8f27-4754-ad3a-3a8ae53ee8b1/Australian%20Pear%20Slices%20in%20Juice%20700g
Choc Peanut Nut Bars 6 Pack 210g,$2.89,$1.38 per 100 g,https://dm.apac.cms.aldi.cx/is/image/aldiprodapac/product/jpg/scaleWidth/232/f9441540-f842-406e-95e9-1d51bf33bed7/Choc%20Peanut%20Nut%20Bars%206%20Pack%20210g
Capri Women's 3 Blade Disposable Razor 4 Pack,$4.99,,https://dm.apac.cms.aldi.cx/is/image/aldiprodapac/product/jpg/scaleWidth/232/b7b4eb68-d09a-4dad-9ab3-d73455c9e730/Capri%20Womens%203%20Blade%20Disposable%20Razor%204%20Pack
Camping Accessories,$5.99,,https://dm.apac.cms.aldi.cx/is/image/aldiprodapac/product/jpg/scaleWidth/232/17498ad2-04cb-4ab6-a92f-4bdbcb473534/Camping%20Accessories
Cooked Prawn Cutlets with Cocktail Sauce 230g,$8.99,$39.09 per 1 kg,https://dm.apac.cms.aldi.cx/is/image/aldiprodapac/product/jpg/scaleWidth/232/596224fb-dddd-49fa-9b54-afd285f12e6c/Cooked%20Prawn%20Cutlets%20with%20Cocktail%20Sauce%20230g
Gluten Free Chicken Cup Noodle 70g,$1.99,$2.84 per 100 g,https://dm.apac.cms.aldi.cx/is/image/aldiprodapac/product/jpg/scaleWidth/232/fc5a6fc6-b1a3-4bbe-a759-67ec3f80f404/Gluten%20Free%20Chicken%20Cup%20Noodle%2070g
Vietnamese Style Creamy Coconut Curry Sauce 275g,$3.99,$1.45 per 100 g,https://dm.apac.cms.aldi.cx/is/image/aldiprodapac/product/jpg/scaleWidth/232/d60bf1ac-72da-4fd2-beed-a3f56b01c530/Vietnamese%20Style%20Creamy%20Coconut%20Curry%20Sauce%20275g
Assorted Antibacterial Wipes 15 Pack,$1.39,$0.09 per 1 each,https://dm.apac.cms.aldi.cx/is/image/aldiprodapac/product/jpg/scaleWidth/232/702631db-be56-4479-9011-96e97ac2bee1/Assorted%20Antibacterial%20Wipes%2015%20Pack
Microwave Brown Rice Cups 2 Pack 125g,$1.99,$0.80 per 100 g,https://dm.apac.cms.aldi.cx/is/image/aldiprodapac/product/jpg/scaleWidth/232/f3bd3bb5-c36e-45d8-b757-76b0199965a5/Microwave%20Brown%20Rice%20Cups%202%20Pack%20125g
Plain Flour 1kg,$1.25,$1.25 per 1 kg,https://dm.apac.cms.aldi.cx/is/image/aldiprodapac/product/jpg/scaleWidth/232/9fb3d748-02ef-4af0-ac84-6bee5d9b0861/Plain%20Flour%201kg
Triple Action Toothpaste 210g,$4.39,$2.09 per 100 g,https://dm.apac.cms.aldi.cx/is/image/aldiprodapac/product/jpg/scaleWidth/232/649157bb-2d2b-4cad-8fa9-89e3cc26bc5f/Triple%20Action%20Toothpaste%20210g
Greek Style Thick & Creamy Natural Yogurt 1kg,$3.49,$0.35 per 100 g,https://dm.apac.cms.aldi.cx/is/image/aldiprodapac/product/jpg/scaleWidth/232/c7ffa8e9-d8a8-4ccd-8ca8-b4a8fe08f8bd/Greek%20Style%20Thick%20%20Creamy%20Natural%20Yogurt%201kg
Di-San Pre Wash Stain Remover 750ml,$2.09,$2.79 per 1 L,https://dm.apac.cms.aldi.cx/is/image/aldiprodapac/product/jpg/scaleWidth/232/fecf14bb-3f41-45c7-857d-31fb8de89311/DiSan%20Pre%20Wash%20Stain%20Remover%20750ml
Brushed Potatoes 3kg,$5.99,$2.00 per 1 kg,https://dm.apac.cms.aldi.cx/is/image/aldiprodapac/product/jpg/scaleWidth/232/27d2c41b-0483-4789-807c-a83bf560cdc6/Brushed%20Potatoes%203kg
Go Cordless Vacuum with Battery,$149.00,,https://dm.apac.cms.aldi.cx/is/image/aldiprodapac/product/jpg/scaleWidth/232/8527f163-d065-4058-bd60-68b3bb0b71f0/Go%20Cordless%20Vacuum%20with%20Battery
Creme Cleanser 500ml,$2.99,$0.60 per 100 ml,https://dm.apac.cms.aldi.cx/is/image/aldiprodapac/product/jpg/scaleWidth/232/764ec27d-171f-4190-8fb5-4900250a885b/Creme%20Cleanser%20500ml
Cobbettes Corn 400g,$3.99,$9.98 per 1 kg,https://dm.apac.cms.aldi.cx/is/image/aldiprodapac/product/jpg/scaleWidth/232/206884a1-47b8-4b14-bc04-3503778ed513/Cobbettes%20Corn%20400g
Mini Panettone Chocolate Chip 100g,$3.99,$3.99 per 100 g,https://dm.apac.cms.aldi.cx/is/image/aldiprodapac/product/jpg/scaleWidth/232/96d2bcf1-2015-4c04-9f90-376ce0dcf310/Mini%20Panettone%20Chocolate%20Chip%20100g
Lamb Shank 320g,$5.79,$1.81 per 100 g,https://dm.apac.cms.aldi.cx/is/image/aldiprodapac/product/jpg/scaleWidth/232/bcfa0c8c-dad3-401b-98bc-d952a613e21a/Lamb%20Shank%20320g
Himalayan Pink Rock Salt Grinder 225g,$4.79,$0.21 per 10 g,https://dm.apac.cms.aldi.cx/is/image/aldiprodapac/product/jpg/scaleWidth/232/ffede4cc-fa42-4e02-a204-684ac9bf1584/Himalayan%20Pink%20Rock%20Salt%20Grinder%20225g
Pork & Beef Italian Sausages 1kg,$13.99,$13.99 per 1 kg,https://dm.apac.cms.aldi.cx/is/image/aldiprodapac/product/jpg/scaleWidth/232/01a6b9ca-8ad9-4d3d-a744-5c882b03d79f/Pork%20%20Beef%20Italian%20Sausages%201kg
Silky Smooth Water-based lubricant 100g,$5.99,$5.99 per 100 g,https://dm.apac.cms.aldi.cx/is/image/aldiprodapac/product/jpg/scaleWidth/232/ea9f3693-8d1a-4841-9921-e167aa0487d4/Silky%20Smooth%20Waterbased%20lubricant%20100g
High Pressure Washer,$149.00,,https://dm.apac.cms.aldi.cx/is/image/aldiprodapac/product/jpg/scaleWidth/232/9ecc07a9-96ee-41c2-ad3c-18d03585da45/High%20Pressure%20Washer
Assorted Verde Cleansing Wipes 25 Pack,$1.99,$0.08 per 1 each,https://dm.apac.cms.aldi.cx/is/image/aldiprodapac/product/jpg/scaleWidth/232/ddb81028-252c-4560-91e3-5471d2fedc1a/Assorted%20Verde%20Cleansing%20Wipes%2025%20Pack
Toscana Gourmet Pasta Sauce 400g,$3.99,$1.00 per 100 g,https://dm.apac.cms.aldi.cx/is/image/aldiprodapac/product/jpg/scaleWidth/232/e7af4bb9-57e3-40d3-85a1-c55142a586d7/Toscana%20Gourmet%20Pasta%20Sauce%20400g
Wafer Rolls Assorted 350g,$4.49,$1.28 per 100 g,https://dm.apac.cms.aldi.cx/is/image/aldiprodapac/product/jpg/scaleWidth/232/7076630e-28d5-4ce9-887e-dbb679bed9eb/Wafer%20Rolls%20Assorted%20350g
Fragrance Free Baby Wipes 400 Pack,$14.99,$3.75 per 100 each,https://dm.apac.cms.aldi.cx/is/image/aldiprodapac/product/jpg/scaleWidth/232/fe3a0d31-f786-46e1-ad79-6dbcfe2882ae/Fragrance%20Free%20Baby%20Wipes%20400%20Pack
Honey Soy Pork Belly Rashers,$10.58,$25.49 per 1 kg,https://dm.apac.cms.aldi.cx/is/content/aldiprodapac/1001860-2_COMING-SOON-GREYSCALE_RGB_OUTLINED_1200x1200
Honey Cosmic Stars 300g,$3.49,$1.16 per 100 g,https://dm.apac.cms.aldi.cx/is/image/aldiprodapac/product/jpg/scaleWidth/232/6b1ab66e-9aaf-4f6d-97ba-496709ec859a/Honey%20Cosmic%20Stars%20300g
Twin Tip Markers 12 Pack,$7.99,,https://dm.apac.cms.aldi.cx/is/image/aldiprodapac/product/jpg/scaleWidth/232/6011e2a4-8144-44df-b945-4026060f2ba2/Twin%20Tip%20Markers%2012%20Pack
Cabbage Half,$2.99,$2.99 per 1 each,https://dm.apac.cms.aldi.cx/is/image/aldiprodapac/product/jpg/scaleWidth/232/16c1ed8a-1b73-4a0c-b3ea-a5a11bf94be8/Cabbage%20Half
Chicken Roulade with Tomato Pesto,$11.19,$15.99 per 1 kg,https://dm.apac.cms.aldi.cx/is/image/aldiprodapac/product/jpg/scaleWidth/232/c33c4b64-3934-4907-a1e8-dfb446d5bd54/Chicken%20Roulade%20with%20Tomato%20Pesto
Whole Kalamata Olives 350g,$2.29,$6.54 per 1 kg,https://dm.apac.cms.aldi.cx/is/image/aldiprodapac/product/jpg/scaleWidth/232/eef16e93-278f-433b-8a13-5f646045566f/Whole%20Kalamata%20Olives%20350g
Caramel Latte Coffee Sachets 10 Pack 170g,$3.69,$0.37 per 1 each,https://dm.apac.cms.aldi.cx/is/image/aldiprodapac/product/jpg/scaleWidth/232/40eac88d-e7e9-4214-a57b-510ef55c79dd/Caramel%20Latte%20Coffee%20Sachets%2010%20Pack%20170g
Gold Label Bourbon 700ml,$43.99,,https://dm.apac.cms.aldi.cx/is/image/aldiprodapac/product/jpg/scaleWidth/232/d802390e-704d-4492-87f7-5bc6928fc271/Gold%20Label%20Bourbon%20700ml
Assorted Premium Cat Food 85g,$0.99,$1.16 per 100 g,https://dm.apac.cms.aldi.cx/is/image/aldiprodapac/product/jpg/scaleWidth/232/4205c2ba-bee0-486b-a0ea-5a6b0f1a9812/Assorted%20Premium%20Cat%20Food%2085g
Prawn Hargow 700g,$11.99,$1.71 per 100 g,https://dm.apac.cms.aldi.cx/is/image/aldiprodapac/product/jpg/scaleWidth/232/3827cee3-201a-42b2-bcb6-fc8812d55824/Prawn%20Hargow%20700g
Natural Cashews 250g,$4.99,$19.96 per 1 kg,https://dm.apac.cms.aldi.cx/is/image/aldiprodapac/product/jpg/scaleWidth/232/6cdd8686-8275-4916-857d-aa7c5156908e/Natural%20Cashews%20250g
16V Cordless Drill Kit,$29.99,,https://dm.apac.cms.aldi.cx/is/image/aldiprodapac/product/jpg/scaleWidth/232/5a11b2be-234b-479a-a510-6602443e22d0/16V%20Cordless%20Drill%20Kit
The Player Barossa Shiraz 750ml,$12.99,,https://dm.apac.cms.aldi.cx/is/image/aldiprodapac/product/jpg/scaleWidth/232/cb386857-936b-44c9-92fb-ccf3c3db9bfa/The%20Player%20Barossa%20Shiraz%20750ml
Vacuum Food Sealer Rolls,$14.99,,https://dm.apac.cms.aldi.cx/is/image/aldiprodapac/product/jpg/scaleWidth/232/2bf1924a-5388-42f3-bef2-046048ddcd42/Vacuum%20Food%20Sealer%20Rolls
Blissful Berry Yogurt 990g,$6.99,$0.71 per 100 g,https://dm.apac.cms.aldi.cx/is/image/aldiprodapac/product/jpg/scaleWidth/232/2723a148-29d1-48b4-bc66-95aa22468a5b/Blissful%20Berry%20Yogurt%20990g
Chicken Kiev 480g,$6.99,$1.46 per 100 g,https://dm.apac.cms.aldi.cx/is/image/aldiprodapac/product/jpg/scaleWidth/232/7e5b2f03-e15d-4a86-9b97-ae980f18f57c/Chicken%20Kiev%20480g
Gluten Free Self Raising Flour 750g,$3.59,$4.79 per 1 kg,https://dm.apac.cms.aldi.cx/is/image/aldiprodapac/product/jpg/scaleWidth/232/678452d3-e341-4baf-af7c-52a88c840ffb/Gluten%20Free%20Self%20Raising%20Flour%20750g
Fresh Australian Barramundi Fillets 2 Pack 260g,$10.99,$42.27 per 1 kg,https://dm.apac.cms.aldi.cx/is/image/aldiprodapac/product/jpg/scaleWidth/232/d94da546-5ad4-4526-b7a1-aff7237170dd/Fresh%20Australian%20Barramundi%20Fillets%202%20Pack%20260g
Assorted Fruit and Vegetable Spiraliser,$14.99,,https://dm.apac.cms.aldi.cx/is/image/aldiprodapac/product/jpg/scaleWidth/232/6ee6f883-95bd-4bdf-ac38-851ac1cb3f4e/Assorted%20Fruit%20and%20Vegetable%20Spiraliser
Anti-Perspirant Deodorant 116g,$4.79,$4.13 per 100 g,https://dm.apac.cms.aldi.cx/is/image/aldiprodapac/product/jpg/scaleWidth/232/efb137b7-3edc-48fc-90ea-e4483a7f0080/AntiPerspirant%20Deodorant%20116g
Salad Leaf Mix 300g,$3.99,$13.30 per 1 kg,https://dm.apac.cms.aldi.cx/is/image/aldiprodapac/product/jpg/scaleWidth/232/80370d3a-7f99-48ef-b62a-6f3ee9a1de51/Salad%20Leaf%20Mix%20300g
Triple Cream Brie Cheese 200g,$4.49,$22.45 per 1 kg,https://dm.apac.cms.aldi.cx/is/image/aldiprodapac/product/jpg/scaleWidth/232/062a3faa-4a09-48b2-bad0-521224c694eb/Triple%20Cream%20Brie%20Cheese%20200g
Christmas Kitchen Accessories,$4.49,,https://dm.apac.cms.aldi.cx/is/image/aldiprodapac/product/jpg/scaleWidth/232/28b7c559-8168-404f-8111-3f264b411e96/Christmas%20Kitchen%20Accessories
Premium Kangaroo Chunks with Chicken for Cats 5 Single Serves 450g,$5.49,$1.22 per 100 g,https://dm.apac.cms.aldi.cx/is/image/aldiprodapac/product/jpg/scaleWidth/232/8c59c774-0d3a-49ec-ac43-7d9332cd9d80/Premium%20Kangaroo%20Chunks%20with%20Chicken%20for%20Cats%205%20Single%20Serves%20450g
Spicy Chicken Noodles 4 Pack,$3.99,$0.77 per 100 g,https://dm.apac.cms.aldi.cx/is/image/aldiprodapac/product/jpg/scaleWidth/232/18302d59-a363-4794-a9c4-6892b25fbdc6/Spicy%20Chicken%20Noodles%204%20Pack
Coir Mat,$12.99,,https://dm.apac.cms.aldi.cx/is/image/aldiprodapac/product/jpg/scaleWidth/232/525e81e9-72a2-41fd-b17f-221b52217eb0/Coir%20Mat
Original Brown Rice Crackers 100g,$1.49,$1.49 per 100 g,https://dm.apac.cms.aldi.cx/is/image/aldiprodapac/product/jpg/scaleWidth/232/ceb6cdcf-41d5-46cb-9f79-d69740904e32/Original%20Brown%20Rice%20Crackers%20100g
Mixed Case - Strawberry Clouds 190g,$2.99,$1.57 per 100 g,https://dm.apac.cms.aldi.cx/is/image/aldiprodapac/product/jpg/scaleWidth/232/b63f5dea-b6fd-47b4-b057-b5c959b10a01/Mixed%20Case%20%20Strawberry%20Clouds%20190g
Divas Vkat Original 700mL,$9.99,,https://dm.apac.cms.aldi.cx/is/image/aldiprodapac/product/jpg/scaleWidth/232/568fa202-851b-4d05-9eaa-b9fccdc22980/Divas%20Vkat%20Original%20700mL
Lemon Each,$1.29,$1.29 per 1 each,https://dm.apac.cms.aldi.cx/is/image/aldiprodapac/product/jpg/scaleWidth/232/621e4b32-f5cc-4e0c-951e-0c654a64c7be/Lemon%20Each
Packham Pears 1kg,$3.99,$3.99 per 1 kg,https://dm.apac.cms.aldi.cx/is/image/aldiprodapac/product/jpg/scaleWidth/232/79739c2d-9020-43c6-b4e1-87dc7cc3cd68/Packham%20Pears%201kg
KitKat 18 Pack 252g,$7.99,$3.17 per 100 g,https://dm.apac.cms.aldi.cx/is/image/aldiprodapac/product/jpg/scaleWidth/232/977b070d-a0a5-4ca2-a0b4-5be40d77c425/KitKat%2018%20Pack%20252g
Mango Passionfruit Kombucha 4x250ml,$5.99,$5.99 per 1 L,https://dm.apac.cms.aldi.cx/is/image/aldiprodapac/product/jpg/scaleWidth/232/27ea305c-1ad8-452f-b3aa-59dca67e2c9c/Mango%20Passionfruit%20Kombucha%204x250ml
Gold Kiwifruit Loose,$1.27/0.15 kg,$8.49 per 1 kg,https://dm.apac.cms.aldi.cx/is/image/aldiprodapac/product/jpg/scaleWidth/232/332ddd1d-22ce-4211-9bf9-e462863d8cdd/Gold%20Kiwifruit%20Loose
Spearmint Sugar Free Gum 27g,$2.29,$8.48 per 100 g,https://dm.apac.cms.aldi.cx/is/image/aldiprodapac/product/jpg/scaleWidth/232/3db1cd1e-8478-4fb5-98d0-84bc3c7c10c7/Spearmint%20Sugar%20Free%20Gum%2027g
Prawn Gyoza with Soy Sauce 200g,$5.99,$29.95 per 1 kg,https://dm.apac.cms.aldi.cx/is/image/aldiprodapac/product/jpg/scaleWidth/232/f13c9f49-4d7b-4cd2-9fe3-0d217b3804b4/Prawn%20Gyoza%20with%20Soy%20Sauce%20200g
Tarantula 281g,$5.99,$2.13 per 100 g,https://dm.apac.cms.aldi.cx/is/image/aldiprodapac/product/jpg/scaleWidth/232/d7a8960c-a5b1-43fa-af9c-3bccbe11e4e5/Tarantula%20281g
Spearmint Sugar Free Gum 64g,$4.69,$7.33 per 100 g,https://dm.apac.cms.aldi.cx/is/image/aldiprodapac/product/jpg/scaleWidth/232/dc72a9b6-72c9-481f-a119-fc3b47031482/Spearmint%20Sugar%20Free%20Gum%2064g
Salt & Pepper Hummus Chips 150g,$3.99,$2.66 per 100 g,https://dm.apac.cms.aldi.cx/is/image/aldiprodapac/product/jpg/scaleWidth/232/543aecea-1520-43e4-b8e7-6bc285fe0f21/Salt%20%20Pepper%20Hummus%20Chips%20150g
Gouda Slices 200g,$4.39,$21.95 per 1 kg,https://dm.apac.cms.aldi.cx/is/image/aldiprodapac/product/jpg/scaleWidth/232/38f0b585-d72c-48f8-bdd2-9b5f704851a7/Gouda%20Slices%20200g
Tikka Masala Curry Paste 195g,$1.99,$1.02 per 100 g,https://dm.apac.cms.aldi.cx/is/image/aldiprodapac/product/jpg/scaleWidth/232/34845781-534d-4057-ba29-3984dc1f542c/Tikka%20Masala%20Curry%20Paste%20195g
Summer Camping Quilt,$39.99,,https://dm.apac.cms.aldi.cx/is/image/aldiprodapac/product/jpg/scaleWidth/232/93184703-c998-43d8-ba57-be5c9f47070b/Summer%20Camping%20Quilt
Go Cordless Hand Mixer with Battery,$149.00,,https://dm.apac.cms.aldi.cx/is/image/aldiprodapac/product/jpg/scaleWidth/232/278b325f-bccd-4bdc-9779-81f432e90f34/Go%20Cordless%20Hand%20Mixer%20with%20Battery
Buttermilk Scones 6 Pack,$5.49,$0.92 per 1 each,https://dm.apac.cms.aldi.cx/is/image/aldiprodapac/product/jpg/scaleWidth/232/68ebb5d3-6441-4af6-9ecd-d92e99a84e51/Buttermilk%20Scones%206%20Pack
Chilli Con Carne with Rice 330g,$4.49,$1.36 per 100 g,https://dm.apac.cms.aldi.cx/is/image/aldiprodapac/product/jpg/scaleWidth/232/515f40ef-3e6b-497a-9d44-2566ce839dc6/Chilli%20Con%20Carne%20with%20Rice%20330g
Chocolate Flavoured Milk 2L,$4.99,$2.50 per 1 L,https://dm.apac.cms.aldi.cx/is/image/aldiprodapac/product/jpg/scaleWidth/232/c869cf21-319d-4148-a5ca-e1edb67abdfc/Chocolate%20Flavoured%20Milk%202L
Spaghetti Bolognese 350g,$6.79,$1.94 per 100 g,https://dm.apac.cms.aldi.cx/is/content/aldiprodapac/1001860-2_COMING-SOON-GREYSCALE_RGB_OUTLINED_1200x1200
Korma Simmer Sauce and Spice Cap 360g,$3.49,$0.97 per 100 g,https://dm.apac.cms.aldi.cx/is/image/aldiprodapac/product/jpg/scaleWidth/232/92b2d01d-0c0d-4580-8cf7-be3680e7d541/Korma%20Simmer%20Sauce%20and%20Spice%20Cap%20360g
Padthaway and Cowra Chardonnay 750mL,$7.99,,https://dm.apac.cms.aldi.cx/is/image/aldiprodapac/product/jpg/scaleWidth/232/53f63d40-1f75-4b27-b10e-057494242d05/Padthaway%20and%20Cowra%20Chardonnay%20750mL
Cherry Tomatoes 250g,$2.89,$11.56 per 1 kg,https://dm.apac.cms.aldi.cx/is/image/aldiprodapac/product/jpg/scaleWidth/232/878aba80-23c9-4abf-a2ec-5dffe4270be3/Cherry%20Tomatoes%20250g
Beef Schnitzel with Crumb Coating 320g,$6.99,$21.84 per 1 kg,https://dm.apac.cms.aldi.cx/is/image/aldiprodapac/product/jpg/scaleWidth/232/b160dcce-00b6-4aff-955a-1015cbcddaf1/Beef%20Schnitzel%20with%20Crumb%20Coating%20320g
Work Hat,$6.99,,https://dm.apac.cms.aldi.cx/is/image/aldiprodapac/product/jpg/scaleWidth/232/4143f9ba-e0ec-4074-86ec-427070782a0f/Work%20Hat
Assorted Children's PJ Set,$9.99,,https://dm.apac.cms.aldi.cx/is/image/aldiprodapac/product/jpg/scaleWidth/232/1a5c0b7b-46ae-4894-a679-ec986bee78b3/Assorted%20Childrens%20PJ%20Set
Cauliflower Bake 800g,$6.59,$8.24 per 1 kg,https://dm.apac.cms.aldi.cx/is/image/aldiprodapac/product/jpg/scaleWidth/232/c77cb08f-67e8-4db3-b7d4-55299e88d7a5/Cauliflower%20Bake%20800g
Organic Golden Berries 100g,$4.29,$42.90 per 1 kg,https://dm.apac.cms.aldi.cx/is/image/aldiprodapac/product/jpg/scaleWidth/232/48a18ad2-a8ab-4bbc-a21b-9212047535fc/Organic%20Golden%20Berries%20100g
Silver Scoop Creamy Vanilla 2L,$5.49,$0.27 per 100 ml,https://dm.apac.cms.aldi.cx/is/image/aldiprodapac/product/jpg/scaleWidth/232/22d61e68-685d-41c3-a5b3-a32d6cb2005c/Silver%20Scoop%20Creamy%20Vanilla%202L
Burek 800g,$11.99,$1.50 per 100 g,https://dm.apac.cms.aldi.cx/is/image/aldiprodapac/product/jpg/scaleWidth/232/5080e74e-36c5-4e5c-8fb4-935f2bb075fe/Burek%20800g
Pear & Apricot 4+ Months Baby Food 120g,$0.95,$0.79 per 100 g,https://dm.apac.cms.aldi.cx/is/image/aldiprodapac/product/jpg/scaleWidth/232/ffe291b9-bcc2-475f-b016-553259a79779/Pear%20%20Apricot%204%20Months%20Baby%20Food%20120g
Yellowfin Tuna Slices In Springwater 125g,$2.59,$20.72 per 1 kg,https://dm.apac.cms.aldi.cx/is/image/aldiprodapac/product/jpg/scaleWidth/232/eb3342dd-1aa3-4bb9-a6da-19d3c643c1ea/Yellowfin%20Tuna%20Slices%20In%20Springwater%20125g
Wooden Kitchen Appliances,$19.99,,https://dm.apac.cms.aldi.cx/is/image/aldiprodapac/product/jpg/scaleWidth/232/6d46398e-cadc-415a-9b40-696787a90103/Wooden%20Kitchen%20Appliances
Spinach & Ricotta Triangles 12 Pack 360g,$3.29,$0.91 per 100 g,https://dm.apac.cms.aldi.cx/is/image/aldiprodapac/product/jpg/scaleWidth/232/7b7a0e12-4341-4827-90d4-3072057b504a/Spinach%20%20Ricotta%20Triangles%2012%20Pack%20360g
Mayo With Cracked Pepper Tuna Treat with Crackers 112g,$1.99,$17.77 per 1 kg,https://dm.apac.cms.aldi.cx/is/image/aldiprodapac/product/jpg/scaleWidth/232/f06b6d28-3c06-487e-9830-547eec723b8c/Mayo%20With%20Cracked%20Pepper%20Tuna%20Treat%20with%20Crackers%20112g
Assorted Disinfectant 1.25L,$2.29,$0.18 per 100 ml,https://dm.apac.cms.aldi.cx/is/image/aldiprodapac/product/jpg/scaleWidth/232/050e57c0-bcf2-4a91-81a7-e1461f374b89/Assorted%20Disinfectant%201.25L
Crinkle Cut Potato Chips Party Bag Original 380g,$4.49,$1.18 per 100 g,https://dm.apac.cms.aldi.cx/is/content/aldiprodapac/1001860-2_COMING-SOON-GREYSCALE_RGB_OUTLINED_1200x1200
Cabanossi & Cheese 50g,$2.79,$55.80 per 1 kg,https://dm.apac.cms.aldi.cx/is/image/aldiprodapac/product/jpg/scaleWidth/232/6979e20d-a911-445c-bcda-eddcc21a0a78/Cabanossi%20%20Cheese%2050g
Original Sandwich Slices 432g,$3.49,$8.08 per 1 kg,https://dm.apac.cms.aldi.cx/is/image/aldiprodapac/product/jpg/scaleWidth/232/d4b04468-fbd1-4e1f-ac45-2cf07f297409/Original%20Sandwich%20Slices%20432g
Sea Salt & Balsamic Vinegar Flavoured Rice Cakes 160g,$1.99,$1.24 per 100 g,https://dm.apac.cms.aldi.cx/is/image/aldiprodapac/product/jpg/scaleWidth/232/5e19ab3a-63db-4f09-9032-094adb74c97a/Sea%20Salt%20%20Balsamic%20Vinegar%20Flavoured%20Rice%20Cakes%20160g
Polar Bars Choc Vanilla 4 Pack 440mL,$3.59,$0.82 per 100 ml,https://dm.apac.cms.aldi.cx/is/image/aldiprodapac/product/jpg/scaleWidth/232/2adb14e6-b6d8-4c0f-8bef-571bf8bff6fd/Polar%20Bars%20Choc%20Vanilla%204%20Pack%20440mL
Thai Massaman Curry Paste 195g,$1.99,$1.02 per 100 g,https://dm.apac.cms.aldi.cx/is/image/aldiprodapac/product/jpg/scaleWidth/232/d1709387-61b3-48b3-9060-6c60c0bbc480/Thai%20Massaman%20Curry%20Paste%20195g
Vanilla Yogurt Squishy Pouch 70g,$0.75,$1.07 per 100 g,https://dm.apac.cms.aldi.cx/is/image/aldiprodapac/product/jpg/scaleWidth/232/cf3154f9-6f7b-47b7-9ad1-3798c4f5851c/Vanilla%20Yogurt%20Squishy%20Pouch%2070g
Shredded Parmesan Cheese 250g,$5.19,$20.76 per 1 kg,https://dm.apac.cms.aldi.cx/is/image/aldiprodapac/product/jpg/scaleWidth/232/1c3e46f4-202b-473d-b23b-54919528f2f7/Shredded%20Parmesan%20Cheese%20250g
TeeVee Snacks Biscuits Original 175g,$2.79,$1.59 per 100 g,https://dm.apac.cms.aldi.cx/is/image/aldiprodapac/product/jpg/scaleWidth/232/147101bf-e50c-4bae-a404-4e80eb758548/TeeVee%20Snacks%20Biscuits%20Original%20175g
Red Onions Loose,$0.96/0.2 kg,$4.79 per 1 kg,https://dm.apac.cms.aldi.cx/is/image/aldiprodapac/product/jpg/scaleWidth/232/225a1252-19d5-433d-9415-ce76bd36760a/Red%20Onions%20Loose
Forest Fruit Flavoured Yoghurt Fruit Bakes 180g,$2.99,$1.66 per 100 g,https://dm.apac.cms.aldi.cx/is/image/aldiprodapac/product/jpg/scaleWidth/232/e3f402d2-3234-4db3-a036-42ad09b7cdbf/Forest%20Fruit%20Flavoured%20Yoghurt%20Fruit%20Bakes%20%20180g
Mini Potato Cakes / Scallops / Fritters 500g,$4.99,$9.98 per 1 kg,https://dm.apac.cms.aldi.cx/is/image/aldiprodapac/product/jpg/scaleWidth/232/2485e9ff-7a11-4e01-828f-b79c7e3cfd33/Mini%20Potato%20Cakes%20%20Scallops%20%20Fritters%20500g
Assorted Paw Paw Ointment 25g,$2.49,$9.96 per 100 g,https://dm.apac.cms.aldi.cx/is/image/aldiprodapac/product/jpg/scaleWidth/232/a0c63f22-fbb7-4332-8051-113da54c4d02/Assorted%20Paw%20Paw%20Ointment%2025g
Organic Green Tea Bags 50 Pack 75g,$2.99,$0.06 per 1 each,https://dm.apac.cms.aldi.cx/is/image/aldiprodapac/product/jpg/scaleWidth/232/7ebc40da-638c-4c2e-9d6b-5d1e862486fd/Organic%20Green%20Tea%20Bags%2050%20Pack%2075g
Chilli Flakes 35g,$2.99,$0.85 per 10 g,https://dm.apac.cms.aldi.cx/is/image/aldiprodapac/product/jpg/scaleWidth/232/0f3f431f-964d-438f-877a-bc99e2916f14/Chilli%20Flakes%2035g
Chinese Style Chicken and Cashew 280g,$4.49,$1.60 per 100 g,https://dm.apac.cms.aldi.cx/is/image/aldiprodapac/product/jpg/scaleWidth/232/32020239-2546-4b02-b9cb-ab67fe15486a/Chinese%20Style%20Chicken%20and%20Cashew%20280g
Apple Juice 2L,$2.59,$1.30 per 1 L,https://dm.apac.cms.aldi.cx/is/image/aldiprodapac/product/jpg/scaleWidth/232/5139fad6-246b-4b25-9776-0f1447a023fb/Apple%20Juice%202L
Salted Pretzel Chocolate Block 200g,$4.99,$2.50 per 100 g,https://dm.apac.cms.aldi.cx/is/image/aldiprodapac/product/jpg/scaleWidth/232/e00ed944-92ef-4bb0-a4bf-b9e65f7f94fc/Salted%20Pretzel%20Chocolate%20Block%20200g
Vintners Cabernet Merlot 2L,$7.89,,https://dm.apac.cms.aldi.cx/is/image/aldiprodapac/product/jpg/scaleWidth/232/f8571f8d-d918-4e78-a2e0-8a0ea27ad1fc/Vintners%20Cabernet%20Merlot%202L
Free Range Marinated Chicken Wings 1.5kg,$13.49,$8.99 per 1 kg,https://dm.apac.cms.aldi.cx/is/image/aldiprodapac/product/jpg/scaleWidth/232/6e0f1ed5-3e9a-4dac-ba3e-d67b2a4523b3/Free%20Range%20Marinated%20Chicken%20Wings%201.5kg
Dishwashing Liquid 1L,$1.39,$0.14 per 100 ml,https://dm.apac.cms.aldi.cx/is/image/aldiprodapac/product/jpg/scaleWidth/232/f977f0d5-86dd-410f-985b-e5898c3d68d2/Dishwashing%20Liquid%201L
Fibre Powder 425g,$19.99,$4.70 per 100 g,https://dm.apac.cms.aldi.cx/is/image/aldiprodapac/product/jpg/scaleWidth/232/1cc39498-0408-494c-9c73-80eb49cc4d8b/Fibre%20Powder%20425g
Cooking Cream 300ml,$2.99,$1.00 per 100 ml,https://dm.apac.cms.aldi.cx/is/image/aldiprodapac/product/jpg/scaleWidth/232/8a97ba86-7082-4e33-bb61-7fe01eadcfa3/Cooking%20Cream%20300ml
"Date, Pecan & Almond Paleo Bars 5 Pack 175g",$4.99,$2.85 per 100 g,https://dm.apac.cms.aldi.cx/is/image/aldiprodapac/product/jpg/scaleWidth/232/2df6eabc-0355-40aa-85b1-09f72c2ddbba/Date%20Pecan%20%20Almond%20Paleo%20Bars%205%20Pack%20175g
Tim Tam Original Chocolate Biscuits 200g,$4.49,$2.25 per 100 g,https://dm.apac.cms.aldi.cx/is/image/aldiprodapac/product/jpg/scaleWidth/232/cec1353f-da14-4739-9fa5-8865ebb0b0c9/Tim%20Tam%20Original%20Chocolate%20Biscuits%20200g
Cheesy String Sticks 8 Pack 168g,$3.79,$22.56 per 1 kg,https://dm.apac.cms.aldi.cx/is/image/aldiprodapac/product/jpg/scaleWidth/232/3ba50a9f-5136-43a8-9f1d-045a7727f5c1/Cheesy%20String%20Sticks%208%20Pack%20168g
Australian Raspberry Jam 300g,$3.99,$1.33 per 100 g,https://dm.apac.cms.aldi.cx/is/image/aldiprodapac/product/jpg/scaleWidth/232/2bd3fd51-9e1a-496e-9ed1-211940002f41/Australian%20Raspberry%20Jam%20300g
Assorted Organic Elements Shampoo or Conditioner 400ml,$2.99,$0.75 per 100 ml,https://dm.apac.cms.aldi.cx/is/image/aldiprodapac/product/jpg/scaleWidth/232/b3e5ef3e-915c-4ba9-8d9b-9297d3fdce9c/Assorted%20Organic%20Elements%20Shampoo%20or%20Conditioner%20400ml
Rolled Oats 750g,$1.49,$0.20 per 100 g,https://dm.apac.cms.aldi.cx/is/image/aldiprodapac/product/jpg/scaleWidth/232/aa5fc5b2-adc4-4908-b085-5182cb8ba98b/Rolled%20Oats%20750g
Rice Crackers Cheese 100g,$0.95,$0.95 per 100 g,https://dm.apac.cms.aldi.cx/is/image/aldiprodapac/product/jpg/scaleWidth/232/38ce6fd3-a06c-4df8-bdae-6ccc29f88674/Rice%20Crackers%20Cheese%20100g
V Energy Drink No Sugar 250ml,$2.59,$10.36 per 1 L,https://dm.apac.cms.aldi.cx/is/image/aldiprodapac/product/jpg/scaleWidth/232/bbbf8806-f5a6-462e-b604-aef83cf7b9ed/V%20Energy%20Drink%20No%20Sugar%20250ml
Havarti Slices 200g,$4.39,$21.95 per 1 kg,https://dm.apac.cms.aldi.cx/is/image/aldiprodapac/product/jpg/scaleWidth/232/47422e7c-edcf-4eae-89cd-e9161adbfb48/Havarti%20Slices%20200g
Assorted Shampoo & Conditioner 2 Pack 940ml,$18.99,$1.01 per 100 ml,https://dm.apac.cms.aldi.cx/is/image/aldiprodapac/product/jpg/scaleWidth/232/d0ac8a42-90e7-44d6-b96c-10b344c2270d/Assorted%20Shampoo%20%20Conditioner%202%20Pack%20940ml
Animal Plush,$59.99,,https://dm.apac.cms.aldi.cx/is/image/aldiprodapac/product/jpg/scaleWidth/232/14db206e-1e1d-441f-abed-4f817fcd55cc/Animal%20Plush
Sweet Chilli Sauce 700ml,$2.49,$0.36 per 100 ml,https://dm.apac.cms.aldi.cx/is/image/aldiprodapac/product/jpg/scaleWidth/232/1f4e2840-d353-49a3-92c2-a1b927f4c03d/Sweet%20Chilli%20Sauce%20700ml
Baking Powder 275g,$3.99,$1.45 per 100 g,https://dm.apac.cms.aldi.cx/is/image/aldiprodapac/product/jpg/scaleWidth/232/36938738-838e-41d8-90bc-ebe1fb43346d/Baking%20Powder%20275g
Sensitive Laundry Liquid 2L,$5.99,$3.00 per 1 L,https://dm.apac.cms.aldi.cx/is/image/aldiprodapac/product/jpg/scaleWidth/232/7f52ea3e-c13c-4bf5-9bfb-b92faf246e9a/Sensitive%20Laundry%20Liquid%202L
Herb & Cheese Cauliflower Bites 200g,$4.99,$2.50 per 100 g,https://dm.apac.cms.aldi.cx/is/image/aldiprodapac/product/jpg/scaleWidth/232/273e5330-35ed-4f64-b02b-c92b8d7d21c2/Herb%20%20Cheese%20Cauliflower%20Bites%20200g
Super Tough Gloves 1 Pack,$1.89,$1.89 per 1 each,https://dm.apac.cms.aldi.cx/is/image/aldiprodapac/product/jpg/scaleWidth/232/9baec985-c6f5-4016-b24c-8125ca62c822/Super%20Tough%20Gloves%201%20Pack
Choc Teddy Tots Biscuits 10 Pack 250g,$3.29,$1.32 per 100 g,https://dm.apac.cms.aldi.cx/is/image/aldiprodapac/product/jpg/scaleWidth/232/1edf1fb9-2b63-472a-a6a4-3fa40cb37109/Choc%20Teddy%20Tots%20Biscuits%2010%20Pack%20250g
Bobal Tempranillo Reserva 750mL,$8.99,,https://dm.apac.cms.aldi.cx/is/image/aldiprodapac/product/jpg/scaleWidth/232/41e2638c-2aea-4895-b33e-0f8e01b3f53d/Bobal%20Tempranillo%20Reserva%20750mL
Scent Booster Beads 150g,$4.99,$33.27 per 1 kg,https://dm.apac.cms.aldi.cx/is/image/aldiprodapac/product/jpg/scaleWidth/232/8482991d-a83c-46f2-9f5e-c6b3bbb4b8e4/Scent%20Booster%20Beads%20150g
Smoked Fish Cakes with Cheddar Cheese Sauce 2 Pack 290g,$5.99,$20.66 per 1 kg,https://dm.apac.cms.aldi.cx/is/image/aldiprodapac/product/jpg/scaleWidth/232/46b9b915-ffd7-416f-91b7-a85a6a847aa7/Smoked%20Fish%20Cakes%20with%20Cheddar%20Cheese%20Sauce%202%20Pack%20290g
White Chocolate 200 g,$4.99,$2.50 per 100 g,https://dm.apac.cms.aldi.cx/is/image/aldiprodapac/product/jpg/scaleWidth/232/89e97dd7-b7d7-4bbd-a187-ca80edb14b2f/White%20Chocolate%20200%20g
Seeded Mustard Tuna 95g,$1.09,$11.47 per 1 kg,https://dm.apac.cms.aldi.cx/is/image/aldiprodapac/product/jpg/scaleWidth/232/3efa1b66-54de-41f6-8b12-1c26217866e2/Seeded%20Mustard%20Tuna%2095g
Yellowfin Tuna Chunks Italian Style in Oil with Chilli 95g,$1.29,$13.58 per 1 kg,https://dm.apac.cms.aldi.cx/is/image/aldiprodapac/product/jpg/scaleWidth/232/e18334a5-96c4-431a-b95e-0c6277a982b2/Yellowfin%20Tuna%20Chunks%20Italian%20Style%20in%20Oil%20with%20Chilli%2095g
Foaming Hand Wash Refill 1L,$3.49,$0.35 per 100 ml,https://dm.apac.cms.aldi.cx/is/image/aldiprodapac/product/jpg/scaleWidth/232/2a372f8d-7c7b-4d49-935c-70295ef7c35f/Foaming%20Hand%20Wash%20Refill%201L
Chicken and Mushroom Puff Pastry Parcels 2 Pack 330g,$7.49,$22.70 per 1 kg,https://dm.apac.cms.aldi.cx/is/image/aldiprodapac/product/jpg/scaleWidth/232/17206491-0147-45be-8ecd-10f93d91034c/Chicken%20and%20Mushroom%20Puff%20Pastry%20Parcels%202%20Pack%20330g
Lactose Free Thickened Cream 300ml,$4.09,$1.36 per 100 ml,https://dm.apac.cms.aldi.cx/is/image/aldiprodapac/product/jpg/scaleWidth/232/b4f596f4-1c8a-4405-8be3-4a3d6b49f258/Lactose%20Free%20Thickened%20Cream%20300ml
Vanilla Liquid Breakfast 6x250ml,$8.69,$5.79 per 1 L,https://dm.apac.cms.aldi.cx/is/image/aldiprodapac/product/jpg/scaleWidth/232/bac6beda-9caf-4dca-ad1f-a1355c9fdda5/Vanilla%20Liquid%20Breakfast%206x250ml
Nougat Bliss Vanilla & Almond 45g,$1.79,$3.98 per 100 g,https://dm.apac.cms.aldi.cx/is/image/aldiprodapac/product/jpg/scaleWidth/232/8f72edb5-665d-4890-a30a-3fee8061a38c/Nougat%20Bliss%20Vanilla%20%20Almond%2045g
Tomato & Basil Tuna 95g,$1.09,$11.47 per 1 kg,https://dm.apac.cms.aldi.cx/is/image/aldiprodapac/product/jpg/scaleWidth/232/8c00c870-99eb-4c88-a4e7-4eebd813e539/Tomato%20%20Basil%20Tuna%2095g
Beef Jerky BBQ 50g,$3.99,$79.80 per 1 kg,https://dm.apac.cms.aldi.cx/is/image/aldiprodapac/product/jpg/scaleWidth/232/382904e1-485b-4382-8960-a0163a3e834f/Beef%20Jerky%20BBQ%2050g
Balsamic Fat Free Salad Dressing 330ml,$1.79,$0.54 per 100 ml,https://dm.apac.cms.aldi.cx/is/image/aldiprodapac/product/jpg/scaleWidth/232/6fce9223-dc5c-45e8-8441-77c70a63d600/Balsamic%20Fat%20Free%20Salad%20Dressing%20330ml
Apricot & Almond Cream Cheese 200g,$3.89,$19.45 per 1 kg,https://dm.apac.cms.aldi.cx/is/image/aldiprodapac/product/jpg/scaleWidth/232/cd82e6ec-8ea4-4a5a-a060-dac111d780aa/Apricot%20%20Almond%20Cream%20Cheese%20200g
Kids Toothpaste 90g,$2.69,$2.99 per 100 g,https://dm.apac.cms.aldi.cx/is/image/aldiprodapac/product/jpg/scaleWidth/232/3a97383e-73d0-4258-afa8-a9111cd1c89c/Kids%20Toothpaste%2090g
Hoppy Christmas Festive IPA 4 Pack,$14.99,,https://dm.apac.cms.aldi.cx/is/image/aldiprodapac/product/jpg/scaleWidth/232/8501ce1a-c824-4f66-80d4-140dd1a5d9c4/Hoppy%20Christmas%20Festive%20IPA%204%20Pack
Aston Martin F1 Go Kart,$199.00,,https://dm.apac.cms.aldi.cx/is/image/aldiprodapac/product/jpg/scaleWidth/232/d13299f0-c03c-4f4f-b2d4-ddfb0c17d65a/Aston%20Martin%20F1%20Go%20Kart
Microwave Rice Pouch Coconut Chilli and Lemongrass Basmati 250g,$2.29,$0.92 per 100 g,https://dm.apac.cms.aldi.cx/is/image/aldiprodapac/product/jpg/scaleWidth/232/39f077cd-a172-43c4-a042-748712577e1c/Microwave%20Rice%20Pouch%20Coconut%20Chilli%20and%20Lemongrass%20Basmati%20250g
Knackwurst 300g,$4.49,$14.97 per 1 kg,https://dm.apac.cms.aldi.cx/is/image/aldiprodapac/product/jpg/scaleWidth/232/16352956-1266-4ad1-907e-9d94bfa32440/Knackwurst%20300g
The Best Wholemeal Sandwich Bread 700g,$3.79,$0.54 per 100 g,https://dm.apac.cms.aldi.cx/is/image/aldiprodapac/product/jpg/scaleWidth/232/d68518d0-7ca2-4dd8-898e-1c1f777f2f7e/The%20Best%20Wholemeal%20Sandwich%20Bread%20700g
Variety Creams Assorted Biscuits 500g,$5.99,$1.20 per 100 g,https://dm.apac.cms.aldi.cx/is/image/aldiprodapac/product/jpg/scaleWidth/232/2ef1e6a5-4f4d-4acb-98a1-93e7346a2f15/Variety%20Creams%20Assorted%20Biscuits%20500g
Morning Break Bars Strawberry 5 Pack 125g,$2.99,$2.39 per 100 g,https://dm.apac.cms.aldi.cx/is/image/aldiprodapac/product/jpg/scaleWidth/232/f285a806-8673-431e-8ac0-920fa6a71630/Morning%20Break%20Bars%20Strawberry%205%20Pack%20125g
Half Lamb Leg Bone In,$20.99,$13.99 per 1 kg,https://dm.apac.cms.aldi.cx/is/image/aldiprodapac/product/jpg/scaleWidth/232/acc6b62c-f250-4b7a-847e-8044f309b4bc/Half%20Lamb%20Leg%20Bone%20In
Coffee Capsules Intenzo 16 Pack 124g,$7.99,$0.50 per 1 each,https://dm.apac.cms.aldi.cx/is/image/aldiprodapac/product/jpg/scaleWidth/232/5f663e60-cdb9-4efe-90af-01a29392eeb2/Coffee%20Capsules%20Intenzo%2016%20Pack%20124g
Lightly Salted & Slightly Sweet Gluten Free Popcorn 5 Pack 65g,$3.49,$5.37 per 100 g,https://dm.apac.cms.aldi.cx/is/image/aldiprodapac/product/jpg/scaleWidth/232/036e9341-664e-4073-a701-3917fa6e252b/Lightly%20Salted%20%20Slightly%20Sweet%20Gluten%20Free%20Popcorn%205%20Pack%2065g
Asian Style Salad Kit Mini 160g,$2.99,$18.69 per 1 kg,https://dm.apac.cms.aldi.cx/is/image/aldiprodapac/product/jpg/scaleWidth/232/18a6a64d-589d-42da-a8d6-c3128a0e1a64/Asian%20Style%20Salad%20Kit%20Mini%20160g
Hass Avocados 5 Pack,$4.99,$1.00 per 1 each,https://dm.apac.cms.aldi.cx/is/image/aldiprodapac/product/jpg/scaleWidth/232/7420041c-8e3b-4d65-9b1c-46656dfc4b93/Hass%20Avocados%205%20Pack
Vanilla Flavour Cupcake Mix 450g,$3.59,$0.80 per 100 g,https://dm.apac.cms.aldi.cx/is/image/aldiprodapac/product/jpg/scaleWidth/232/8802e801-0c9a-4123-a831-3277401903e3/Vanilla%20Flavour%20Cupcake%20Mix%20450g
Cumin Ground 46g,$2.89,$0.63 per 10 g,https://dm.apac.cms.aldi.cx/is/image/aldiprodapac/product/jpg/scaleWidth/232/b999c728-f334-470f-9de2-21980c105200/Cumin%20Ground%2046g
Louisiana Style Chicken Breast Burgers 600g,$9.99,$16.65 per 1 kg,https://dm.apac.cms.aldi.cx/is/image/aldiprodapac/product/jpg/scaleWidth/232/4a66a143-e5c1-422f-baea-49c2bb2d32d9/Louisiana%20Style%20Chicken%20Breast%20Burgers%20600g
Creamy Chicken Curry Recipe Base 30g,$1.49,$4.97 per 100 g,https://dm.apac.cms.aldi.cx/is/image/aldiprodapac/product/jpg/scaleWidth/232/32de3c6a-0db2-4a46-8215-c27b40a6ae25/Creamy%20Chicken%20Curry%20Recipe%20Base%2030g
Weet-Bix 375g,$3.49,$0.93 per 100 g,https://dm.apac.cms.aldi.cx/is/image/aldiprodapac/product/jpg/scaleWidth/232/9d0948ae-721b-4a9a-9b9c-55c3bcc11308/WeetBix%20375g
Turkish Delight Rose 300g,$4.99,$1.66 per 100 g,https://dm.apac.cms.aldi.cx/is/image/aldiprodapac/product/jpg/scaleWidth/232/8db65eef-8a4b-47f0-8d8c-b54c4921e663/Turkish%20Delight%20Rose%20300g
Assorted Hose Nozzles,$14.99,,https://dm.apac.cms.aldi.cx/is/image/aldiprodapac/product/jpg/scaleWidth/232/12629ae6-8581-4fb8-b329-9f4a4327d470/Assorted%20Hose%20Nozzles
Thickened Cream 600ml,$5.19,$0.87 per 100 ml,https://dm.apac.cms.aldi.cx/is/image/aldiprodapac/product/jpg/scaleWidth/232/289a327c-1806-4822-8c43-d31019e31158/Thickened%20Cream%20600ml
Beetroot & Fetta Salad Kit 270g,$4.99,$18.48 per 1 kg,https://dm.apac.cms.aldi.cx/is/image/aldiprodapac/product/jpg/scaleWidth/232/c170f5d9-4a34-4390-af40-d070ee2bd05d/Beetroot%20%20Fetta%20Salad%20Kit%20270g
Assorted Liquid Hand Wash 250ml,$1.99,$0.80 per 100 ml,https://dm.apac.cms.aldi.cx/is/image/aldiprodapac/product/jpg/scaleWidth/232/2cdf52a3-0e10-40ae-b691-72c61e9fbfe6/Assorted%20Liquid%20Hand%20Wash%20250ml
Blueberries 300g,$5.99,$19.97 per 1 kg,https://dm.apac.cms.aldi.cx/is/image/aldiprodapac/product/jpg/scaleWidth/232/3af3a021-5d8c-47aa-ae6b-a0825b5b45cf/Blueberries%20300g
Golden Crumbed Fish Fillets 1kg,$8.49,$8.49 per 1 kg,https://dm.apac.cms.aldi.cx/is/image/aldiprodapac/product/jpg/scaleWidth/232/721f40cb-2332-4b29-9a70-87dc6f7e3380/Golden%20Crumbed%20Fish%20Fillets%201kg
Snack'N'Go Red Kidney Beans with Chilli & Olive Oil 70g,$0.99,$14.14 per 1 kg,https://dm.apac.cms.aldi.cx/is/image/aldiprodapac/product/jpg/scaleWidth/232/66c2af0d-d05b-46ef-acf9-33de78677f5e/SnackNGo%20Red%20Kidney%20Beans%20with%20Chilli%20%20Olive%20Oil%2070g
French Vanilla Yoghurt 900g,$6.49,$0.72 per 100 g,https://dm.apac.cms.aldi.cx/is/image/aldiprodapac/product/jpg/scaleWidth/232/89799790-41d9-4347-a3b1-7402b8e6349c/French%20Vanilla%20Yoghurt%20900g
5 Grains Wholegrain Chips 175g,$2.99,$1.71 per 100 g,https://dm.apac.cms.aldi.cx/is/image/aldiprodapac/product/jpg/scaleWidth/232/d940fff1-079b-4ffd-ae24-489747b64fc5/5%20Grains%20Wholegrain%20Chips%20175g
Thickened Cream 300ml,$3.19,$1.06 per 100 ml,https://dm.apac.cms.aldi.cx/is/image/aldiprodapac/product/jpg/scaleWidth/232/bc6d0f6c-6c03-4c83-9f0a-0f3a2ab41a56/Thickened%20Cream%20300ml
Meal Replacement Shake 55g,$2.99,$5.44 per 100 g,https://dm.apac.cms.aldi.cx/is/image/aldiprodapac/product/jpg/scaleWidth/232/a76f438f-0933-4e6b-9af4-752788de2836/Meal%20Replacement%20Shake%2055g
Plus Iron Crunchy Clusters and Cashews Cereal 410g,$4.99,$1.22 per 100 g,https://dm.apac.cms.aldi.cx/is/image/aldiprodapac/product/jpg/scaleWidth/232/67334474-3895-4d99-94fb-44bdea4132d6/Plus%20Iron%20Crunchy%20Clusters%20and%20Cashews%20Cereal%20410g
Microwave Rice Brown Rice & Quinoa 250g,$1.99,$0.80 per 100 g,https://dm.apac.cms.aldi.cx/is/image/aldiprodapac/product/jpg/scaleWidth/232/75f2ea65-961b-4bb8-9a64-bc788a27a100/Microwave%20Rice%20Brown%20Rice%20%20Quinoa%20250g
Camp Rope 40 Metre,$9.99,,https://dm.apac.cms.aldi.cx/is/image/aldiprodapac/product/jpg/scaleWidth/232/8e56f874-6310-45df-8ba1-92164516cdda/Camp%20Rope%2040%20Metre
Vitamins Glucosamine 60 Pack,$7.99,$0.13 per 1 each,https://dm.apac.cms.aldi.cx/is/image/aldiprodapac/product/jpg/scaleWidth/232/1aaa54b6-faef-4104-b2b9-a4963acca085/Vitamins%20Glucosamine%2060%20Pack
Free Range Boneless Butterflied Chicken,$16.37,$13.99 per 1 kg,https://dm.apac.cms.aldi.cx/is/image/aldiprodapac/product/jpg/scaleWidth/232/634f9389-b97d-4655-800f-387f10eea116/Free%20Range%20Boneless%20Butterflied%20Chicken
Salted Butter 375g,$7.49,$2.00 per 100 g,https://dm.apac.cms.aldi.cx/is/image/aldiprodapac/product/jpg/scaleWidth/232/94cc0404-a5ee-4a26-a7b9-54b9599f619c/Salted%20Butter%20375g
Peas & Corn 1kg,$4.79,$4.79 per 1 kg,https://dm.apac.cms.aldi.cx/is/image/aldiprodapac/product/jpg/scaleWidth/232/9fbf4496-feac-481d-985a-50ca609f8d1a/Peas%20%20Corn%201kg
Traditional German Bakes 175g,$5.99,$3.42 per 100 g,https://dm.apac.cms.aldi.cx/is/image/aldiprodapac/product/jpg/scaleWidth/232/023aedcf-cbda-488d-9895-e6f3cfe383f2/Traditional%20German%20Bakes%20175g
Apple Juice 6x250ml,$3.79,$2.53 per 1 L,https://dm.apac.cms.aldi.cx/is/image/aldiprodapac/product/jpg/scaleWidth/232/0f8ddb23-4676-421d-ac90-279685b8b50a/Apple%20Juice%206x250ml
4L Primer/Sealer/Undercoat,$49.99,,https://dm.apac.cms.aldi.cx/is/image/aldiprodapac/product/jpg/scaleWidth/232/e3431a43-8b0b-4a28-816d-8318a2851fba/4L%20PrimerSealerUndercoat
Glass Cleaner 750ml,$1.85,$0.25 per 100 ml,https://dm.apac.cms.aldi.cx/is/image/aldiprodapac/product/jpg/scaleWidth/232/1e9a9fba-2fba-4e1f-8e92-8a8f98b858e6/Glass%20Cleaner%20750ml
Gluten Free Sweet Potato Wraps 5 Pack 210g,$7.29,$3.47 per 100 g,https://dm.apac.cms.aldi.cx/is/image/aldiprodapac/product/jpg/scaleWidth/232/5a48da2c-c0d4-4e6b-9656-409bedba2d02/Gluten%20Free%20Sweet%20Potato%20Wraps%205%20Pack%20210g
Marshmallows Pink & White 520g,$6.49,$1.25 per 100 g,https://dm.apac.cms.aldi.cx/is/image/aldiprodapac/product/jpg/scaleWidth/232/a9cfdad6-6bfd-45bf-97a6-b9dc6cf4cf34/Marshmallows%20Pink%20%20White%20520g
Rosemary & Mint Lamb Leg Steaks,$13.68,$21.99 per 1 kg,https://dm.apac.cms.aldi.cx/is/image/aldiprodapac/product/jpg/scaleWidth/232/1caa53e8-2c41-44ce-90dc-afe3c62f8209/Rosemary%20%20Mint%20Lamb%20Leg%20Steaks
Sliced Beetroot 425g,$1.69,$3.98 per 1 kg,https://dm.apac.cms.aldi.cx/is/image/aldiprodapac/product/jpg/scaleWidth/232/5e103916-1d86-4e85-a435-4d26bfc9be89/Sliced%20Beetroot%20425g
White Cup Mushrooms 500g,$5.99,$11.98 per 1 kg,https://dm.apac.cms.aldi.cx/is/image/aldiprodapac/product/jpg/scaleWidth/232/9e2f881e-a9af-449c-a143-14d1ec5d7026/White%20Cup%20Mushrooms%20500g
Camping Tarp or Floor Mat,$24.99,,https://dm.apac.cms.aldi.cx/is/image/aldiprodapac/product/jpg/scaleWidth/232/c06e866d-0450-4083-aeb2-11e09d16f29b/Camping%20Tarp%20or%20Floor%20Mat
Shiraz 750ml,$3.49,,https://dm.apac.cms.aldi.cx/is/image/aldiprodapac/product/jpg/scaleWidth/232/8620e0c2-6d95-4185-af9e-92d1730243cf/Shiraz%20750ml
Deli Style Flavoured Potato Chips 10 Pack 280g,$4.79,$1.71 per 100 g,https://dm.apac.cms.aldi.cx/is/image/aldiprodapac/product/jpg/scaleWidth/232/257ef57b-6ff8-435c-9cb7-02bd55657f25/Deli%20Style%20Flavoured%20Potato%20Chips%2010%20Pack%20280g
Kids Strawberry Yoghurt 140g,$1.99,$1.42 per 100 g,https://dm.apac.cms.aldi.cx/is/image/aldiprodapac/product/jpg/scaleWidth/232/ee3431c6-3c41-4d1d-b1c9-b42d882957b8/Kids%20Strawberry%20Yoghurt%20140g
Sardines in Oil 125g,$0.89,$7.12 per 1 kg,https://dm.apac.cms.aldi.cx/is/image/aldiprodapac/product/jpg/scaleWidth/232/5e89750e-6e64-4a67-a529-4cc12c471f93/Sardines%20in%20Oil%20125g
Assorted Art Pencils 36 Pack,$7.99,,https://dm.apac.cms.aldi.cx/is/image/aldiprodapac/product/jpg/scaleWidth/232/128c78e7-e0d8-4550-be33-443c0bfce721/Assorted%20Art%20Pencils%2036%20Pack
White Flat Mushrooms 375g,$5.99,$15.97 per 1 kg,https://dm.apac.cms.aldi.cx/is/image/aldiprodapac/product/jpg/scaleWidth/232/143688d1-077d-4682-a4f8-5cd7a8e42c97/White%20Flat%20Mushrooms%20375g
Cage Eggs 700g,$5.49,$0.78 per 100 g,https://dm.apac.cms.aldi.cx/is/image/aldiprodapac/product/jpg/scaleWidth/232/8217b14e-1058-45e3-9fc6-3799521183b8/Cage%20Eggs%20700g
Sundried Tomato And Basil Tuna Treats with Crackers 112g,$1.99,$17.77 per 1 kg,https://dm.apac.cms.aldi.cx/is/image/aldiprodapac/product/jpg/scaleWidth/232/37e2fdb8-4084-4cbf-b4b4-fcef13c456fd/Sundried%20Tomato%20And%20Basil%20Tuna%20Treats%20with%20Crackers%20112g
Size 4 Nappy Pants Toddler 9-14kg 60 Pack,$16.99,$0.28 per 1 each,https://dm.apac.cms.aldi.cx/is/image/aldiprodapac/product/jpg/scaleWidth/232/0cc40062-5ba2-4446-a2aa-b3a1df8495d2/Size%204%20Nappy%20Pants%20Toddler%20914kg%2060%20Pack
Paprika Ground 45g,$2.39,$0.53 per 10 g,https://dm.apac.cms.aldi.cx/is/image/aldiprodapac/product/jpg/scaleWidth/232/58d63a21-ecd8-4f85-84c1-7f2e9f4be08a/Paprika%20Ground%2045g
Thin & Crispy Salt & Vinegar Rice Crackers 6 Pack 120g,$2.99,$2.49 per 100 g,https://dm.apac.cms.aldi.cx/is/image/aldiprodapac/product/jpg/scaleWidth/232/65d52618-3f35-4b71-9f93-b25f442278a0/Thin%20%20Crispy%20Salt%20%20Vinegar%20Rice%20Crackers%206%20Pack%20120g
Protein Bars Triple Choc 5 Pack 200g,$3.99,$2.00 per 100 g,https://dm.apac.cms.aldi.cx/is/image/aldiprodapac/product/jpg/scaleWidth/232/45615294-2de7-4c5c-a069-edd62e63fa2a/Protein%20Bars%20Triple%20Choc%205%20Pack%20200g
White Cup Mushrooms 200g,$3.49,$17.45 per 1 kg,https://dm.apac.cms.aldi.cx/is/image/aldiprodapac/product/jpg/scaleWidth/232/a3a9e4d3-4778-490a-a51e-7e4e323bdcac/White%20Cup%20Mushrooms%20200g
Cannellini Beans 420g,$0.95,$2.26 per 1 kg,https://dm.apac.cms.aldi.cx/is/image/aldiprodapac/product/jpg/scaleWidth/232/c646f0cb-79b9-459b-95ae-dc0e6bfd9dfe/Cannellini%20Beans%20420g
Beef Patties 6 Pack 750g,$8.69,$11.59 per 1 kg,https://dm.apac.cms.aldi.cx/is/image/aldiprodapac/product/jpg/scaleWidth/232/4b525e89-bd2b-47a9-b203-71e66e90ecc0/Beef%20Patties%206%20Pack%20750g
Baked Bars Apple & Cinnamon 5 Pack 175g,$4.99,$2.85 per 100 g,https://dm.apac.cms.aldi.cx/is/image/aldiprodapac/product/jpg/scaleWidth/232/dc6b21b9-e873-431f-a8ab-59b5dc68ae0d/Baked%20Bars%20Apple%20%20Cinnamon%205%20Pack%20175g
Oat Milk 1L,$1.65,$1.65 per 1 L,https://dm.apac.cms.aldi.cx/is/image/aldiprodapac/product/jpg/scaleWidth/232/5e2db012-63cf-4f59-b31b-0b6f40f5a4d2/Oat%20Milk%201L
Blueberry Muffins 4 Pack 420g,$3.99,$0.95 per 100 g,https://dm.apac.cms.aldi.cx/is/image/aldiprodapac/product/jpg/scaleWidth/232/6175f81d-9bea-4492-9f79-bc289efb1332/Blueberry%20Muffins%204%20Pack%20420g
Diced Beef 500g,$10.99,$21.98 per 1 kg,https://dm.apac.cms.aldi.cx/is/image/aldiprodapac/product/jpg/scaleWidth/232/a932469e-716e-4e3f-bcb0-a2b9cb1a8b85/Diced%20Beef%20500g
Sundried Tomato Strips 280g,$2.59,$9.25 per 1 kg,https://dm.apac.cms.aldi.cx/is/image/aldiprodapac/product/jpg/scaleWidth/232/b553ffcb-eb3d-46e9-9891-630d0ccdab8f/Sundried%20Tomato%20Strips%20280g
Pork Scotch Fillet Steak Per Kg,$4.84,$18.99 per 1 kg,https://dm.apac.cms.aldi.cx/is/image/aldiprodapac/product/jpg/scaleWidth/232/fdf621d6-5e57-4877-806c-95cf8609a8e4/Pork%20Scotch%20Fillet%20Steak%20Per%20Kg
Green Tea and Jasmine 50 Pack 75g,$2.19,$0.04 per 1 each,https://dm.apac.cms.aldi.cx/is/image/aldiprodapac/product/jpg/scaleWidth/232/7590085a-2717-4963-9f48-7171c2f54d81/Green%20Tea%20and%20Jasmine%2050%20Pack%2075g
Nice Biscuits 250g,$1.69,$0.68 per 100 g,https://dm.apac.cms.aldi.cx/is/image/aldiprodapac/product/jpg/scaleWidth/232/0c9585f3-5d3e-4912-818d-2536f0e103c5/Nice%20Biscuits%20250g
Cake In A Mug 4 Pack 220g,$2.99,$1.36 per 100 g,https://dm.apac.cms.aldi.cx/is/image/aldiprodapac/product/jpg/scaleWidth/232/1aadbacf-151d-4745-a5d1-e953f40ae97c/Cake%20In%20A%20Mug%204%20Pack%20220g
Tomato & Capsicum with Basil Soup 430g,$2.99,$0.70 per 100 g,https://dm.apac.cms.aldi.cx/is/image/aldiprodapac/product/jpg/scaleWidth/232/258a9299-30a6-44bf-aab9-a342734c144c/Tomato%20%20Capsicum%20with%20Basil%20Soup%20430g
Raisin Toast 520g,$2.99,$0.58 per 100 g,https://dm.apac.cms.aldi.cx/is/image/aldiprodapac/product/jpg/scaleWidth/232/def52f76-aa4d-4812-9c31-884f916c213d/Raisin%20Toast%20520g
Mexican Style Beef Arancini 8 Pack 200g,$2.99,$1.50 per 100 g,https://dm.apac.cms.aldi.cx/is/image/aldiprodapac/product/jpg/scaleWidth/232/68c95a33-5a09-494f-9597-d3c4d04146e7/Mexican%20Style%20Beef%20Arancini%208%20Pack%20200g
White Sauce Mix 29g,$0.99,$0.34 per 10 g,https://dm.apac.cms.aldi.cx/is/image/aldiprodapac/product/jpg/scaleWidth/232/18a96f95-8559-415a-b7b3-deca35b00f8d/White%20Sauce%20Mix%2029g
Dried Blueberries 130g,$3.99,$30.69 per 1 kg,https://dm.apac.cms.aldi.cx/is/image/aldiprodapac/product/jpg/scaleWidth/232/aaf5542e-aad4-4f9b-86d8-16139eeb805f/Dried%20Blueberries%20130g
Dippits Cheddar Cheese & Crackers 12 Pack 300g,$4.79,$1.60 per 100 g,https://dm.apac.cms.aldi.cx/is/image/aldiprodapac/product/jpg/scaleWidth/232/99668dda-bbfe-4f3d-a309-aa5c49de2cd8/Dippits%20Cheddar%20Cheese%20%20Crackers%2012%20Pack%20300g
Almond Meal 1kg,$15.99,$15.99 per 1 kg,https://dm.apac.cms.aldi.cx/is/image/aldiprodapac/product/jpg/scaleWidth/232/8417ab60-f4f4-48c0-807d-8577ebba6b9a/Almond%20Meal%201kg
Curtain Pack,$99.99,,https://dm.apac.cms.aldi.cx/is/image/aldiprodapac/product/jpg/scaleWidth/232/f8eda891-fd61-4b56-be10-fdf5cc8a198c/Curtain%20Pack
Party Mix 520g,$3.99,$0.77 per 100 g,https://dm.apac.cms.aldi.cx/is/image/aldiprodapac/product/jpg/scaleWidth/232/a1cdbd31-9888-4a5a-9837-bbb25f662ff0/Party%20Mix%20520g
Cotton Balls 200 Pack,$1.99,$1.00 per 100 each,https://dm.apac.cms.aldi.cx/is/image/aldiprodapac/product/jpg/scaleWidth/232/e1dcad27-1235-49cd-9603-45fdca568764/Cotton%20Balls%20200%20Pack
Topz Original Crackers 227g,$2.49,$1.10 per 100 g,https://dm.apac.cms.aldi.cx/is/image/aldiprodapac/product/jpg/scaleWidth/232/ed40d84d-7b0d-429b-b735-9cea4f2b9933/Topz%20Original%20Crackers%20227g
Dolmades 280g,$3.19,$11.39 per 1 kg,https://dm.apac.cms.aldi.cx/is/image/aldiprodapac/product/jpg/scaleWidth/232/8a3f93f5-ae7a-44cc-a42a-fe6c84b9155e/Dolmades%20280g
Chocolate Nut Fudge Protein Bar 51g,$2.49,$4.88 per 100 g,https://dm.apac.cms.aldi.cx/is/image/aldiprodapac/product/jpg/scaleWidth/232/05a37ef9-9cf9-4841-b24e-a70a146547ed/Chocolate%20Nut%20Fudge%20Protein%20Bar%2051g
Limes 400g,$4.79,$11.98 per 1 kg,https://dm.apac.cms.aldi.cx/is/image/aldiprodapac/product/jpg/scaleWidth/232/bd1c136b-75ab-4c9f-91c6-e439c70064b1/Limes%20400g
Finest Dark Chocolate 70% Cocoa 5 Pack 125g,$4.99,$3.99 per 100 g,https://dm.apac.cms.aldi.cx/is/image/aldiprodapac/product/jpg/scaleWidth/232/1da7dbe4-f8c0-4404-bcff-a38c9cfb1f4d/Finest%20Dark%20Chocolate%2070%25%20Cocoa%20%205%20Pack%20125g
Size 6 Nappy Pants 15+kg 24 Pack,$10.49,$0.44 per 1 each,https://dm.apac.cms.aldi.cx/is/image/aldiprodapac/product/jpg/scaleWidth/232/a191ed15-3323-4872-ba7f-27a7d29243ef/Size%206%20Nappy%20Pants%2015kg%2024%20Pack
Beef Bresaola Sliced 80g,$4.99,$62.38 per 1 kg,https://dm.apac.cms.aldi.cx/is/image/aldiprodapac/product/jpg/scaleWidth/232/a11854b0-22d3-4cf2-a202-bc461498f1e3/Beef%20Bresaola%20Sliced%2080g
Special American Mustard 260g,$2.09,$0.80 per 100 g,https://dm.apac.cms.aldi.cx/is/image/aldiprodapac/product/jpg/scaleWidth/232/d3a36b27-a416-4866-b4a1-a0e9c49d74f7/Special%20American%20Mustard%20260g
Assorted Ultra Thin Pads,$4.49,$0.32 per 1 each,https://dm.apac.cms.aldi.cx/is/image/aldiprodapac/product/jpg/scaleWidth/232/21ded7f2-d21c-4f84-9228-7fa70e3743aa/Assorted%20Ultra%20Thin%20Pads
Assorted Children's Leather Sandals,$14.99,,https://dm.apac.cms.aldi.cx/is/image/aldiprodapac/product/jpg/scaleWidth/232/5d6f5edf-e14d-419b-af47-f154582757f4/Assorted%20Childrens%20Leather%20Sandals
Premium Camp Chair,$29.99,,https://dm.apac.cms.aldi.cx/is/image/aldiprodapac/product/jpg/scaleWidth/232/213c1458-ec9b-41cf-b9ac-f7c2387484c1/Premium%20Camp%20Chair
Instant Mash Potato 350g,$4.99,$1.43 per 100 g,https://dm.apac.cms.aldi.cx/is/image/aldiprodapac/product/jpg/scaleWidth/232/176e4e4d-e902-49ad-ae5e-a82eedd1d264/Instant%20Mash%20Potato%20350g
Bircher Muesli 500g,$3.99,$0.80 per 100 g,https://dm.apac.cms.aldi.cx/is/image/aldiprodapac/product/jpg/scaleWidth/232/defcd1f5-00e7-4e99-b992-e7794f4706aa/Bircher%20Muesli%20500g
Cheese Supreme 500g,$6.99,$1.40 per 100 g,https://dm.apac.cms.aldi.cx/is/image/aldiprodapac/product/jpg/scaleWidth/232/3e1170be-7dab-4b83-b0fe-d525315f927e/Cheese%20Supreme%20500g
Organic Soy Milk 1L,$1.85,$1.85 per 1 L,https://dm.apac.cms.aldi.cx/is/image/aldiprodapac/product/jpg/scaleWidth/232/3314912a-dd63-4911-b7aa-903471be828b/Organic%20Soy%20Milk%201L
Vegetable Oil 2L,$5.99,$0.30 per 100 ml,https://dm.apac.cms.aldi.cx/is/image/aldiprodapac/product/jpg/scaleWidth/232/e13c4ecb-6932-4725-bee7-94f7041ed9e4/Vegetable%20Oil%202L
Wholemeal Rolls 450g,$2.69,$0.45 per 1 each,https://dm.apac.cms.aldi.cx/is/image/aldiprodapac/product/jpg/scaleWidth/232/38abba89-87e1-457b-ad5b-99d6c49d40fc/Wholemeal%20Rolls%20450g
Dark Choc Viennese Style Fingers 6 Pack 190g,$3.99,$2.10 per 100 g,https://dm.apac.cms.aldi.cx/is/image/aldiprodapac/product/jpg/scaleWidth/232/9632f70d-622c-4269-86fa-a28e1cb2515e/Dark%20Choc%20Viennese%20Style%20Fingers%206%20Pack%20190g
Mint Slice Chocolate Biscuits 200g,$4.49,$2.25 per 100 g,https://dm.apac.cms.aldi.cx/is/image/aldiprodapac/product/jpg/scaleWidth/232/46187022-5233-4a6b-b448-24e3fd819270/Mint%20Slice%20Chocolate%20Biscuits%20200g
"Adult Dog Food Casserole with Beef, Vegetables & Gravy 1.2kg",$2.89,$0.24 per 100 g,https://dm.apac.cms.aldi.cx/is/image/aldiprodapac/product/jpg/scaleWidth/232/677a4bba-2237-4a79-889d-6d420f4b8d69/Adult%20Dog%20Food%20Casserole%20with%20Beef%20Vegetables%20%20Gravy%201.2kg
Sundried Tomato Chicken & Pasta 370g,$4.49,$1.21 per 100 g,https://dm.apac.cms.aldi.cx/is/image/aldiprodapac/product/jpg/scaleWidth/232/0c66c5a4-bc12-4f60-877a-264e3eb585ca/Sundried%20Tomato%20Chicken%20%20Pasta%20370g
Tuna With 4 Bean Mix 160g,$2.89,$18.06 per 1 kg,https://dm.apac.cms.aldi.cx/is/image/aldiprodapac/product/jpg/scaleWidth/232/ea2954fd-c7f9-4db0-9e71-cdaadd4aad35/Tuna%20With%204%20Bean%20Mix%20160g
Mackerel Fillets in Oil 125g,$2.99,$23.92 per 1 kg,https://dm.apac.cms.aldi.cx/is/image/aldiprodapac/product/jpg/scaleWidth/232/8b26e61f-19c9-4bf4-b2a5-22aef3c975db/Mackerel%20Fillets%20in%20Oil%20125g
Boneless Pork Shoulder Roast,$19.98,$9.99 per 1 kg,https://dm.apac.cms.aldi.cx/is/image/aldiprodapac/product/jpg/scaleWidth/232/a7897c47-b55e-4065-9192-75c24ef134e8/Boneless%20Pork%20Shoulder%20Roast
Mexican Style Salad Kit 400g,$4.99,$12.48 per 1 kg,https://dm.apac.cms.aldi.cx/is/image/aldiprodapac/product/jpg/scaleWidth/232/402af089-100e-4201-8e1f-4970ec603817/Mexican%20Style%20Salad%20Kit%20400g
"Tuna Protein Power Bowl with Brown Rice, Pearl Couscous, Tomato & Onion 170g",$2.99,$17.59 per 1 kg,https://dm.apac.cms.aldi.cx/is/image/aldiprodapac/product/jpg/scaleWidth/232/ac6ccd11-a77e-4cbe-b478-e85080693bd7/Tuna%20Protein%20Power%20Bowl%20with%20Brown%20Rice%20Pearl%20Couscous%20Tomato%20%20Onion%20170g
Mint Choc Cones 4 Pack 475ml,$3.39,$0.71 per 100 ml,https://dm.apac.cms.aldi.cx/is/image/aldiprodapac/product/jpg/scaleWidth/232/8c6e3e91-0acf-4c4d-aaa3-e3c65f6e057e/Mint%20Choc%20Cones%204%20Pack%20475ml
Outdoor First Aid Kit,$15.99,$15.99 per 1 each,https://dm.apac.cms.aldi.cx/is/image/aldiprodapac/product/jpg/scaleWidth/232/bbb61265-8d5f-4742-8349-350ddc084ebf/Outdoor%20First%20Aid%20Kit
Dried Apple Slices 200g,$4.49,$22.45 per 1 kg,https://dm.apac.cms.aldi.cx/is/image/aldiprodapac/product/jpg/scaleWidth/232/b5c3a876-e733-486f-b46b-0e68d1da1024/Dried%20Apple%20Slices%20200g
Garden Peas 1kg,$2.49,$2.49 per 1 kg,https://dm.apac.cms.aldi.cx/is/image/aldiprodapac/product/jpg/scaleWidth/232/09800c91-4c23-430b-89c1-797e7d3652a5/Garden%20Peas%201kg
Australian Short Cut Bacon 200g,$4.99,$24.95 per 1 kg,https://dm.apac.cms.aldi.cx/is/image/aldiprodapac/product/jpg/scaleWidth/232/65de3350-dc7b-415b-8dea-2fdfdf4d2f78/Australian%20Short%20Cut%20Bacon%20200g
BBQ Pork Spring Rolls 6 Pack 240g,$4.99,$2.08 per 100 g,https://dm.apac.cms.aldi.cx/is/image/aldiprodapac/product/jpg/scaleWidth/232/812bbd1b-cdae-48fc-994c-05df1961e4f9/BBQ%20Pork%20Spring%20Rolls%206%20Pack%20240g
Pretzel Twists 200g,$1.99,$1.00 per 100 g,https://dm.apac.cms.aldi.cx/is/image/aldiprodapac/product/jpg/scaleWidth/232/8164ea28-bf2b-4618-b930-9719e7356c4a/Pretzel%20Twists%20200g
Arborio Rice 1kg,$3.99,$0.40 per 100 g,https://dm.apac.cms.aldi.cx/is/image/aldiprodapac/product/jpg/scaleWidth/232/161f5121-4da9-4248-a4d1-ee82611586a1/Arborio%20Rice%201kg
Mixed Vegetables 1kg,$2.79,$2.79 per 1 kg,https://dm.apac.cms.aldi.cx/is/image/aldiprodapac/product/jpg/scaleWidth/232/1854d0fc-6713-4712-a021-b5bcebbf1881/Mixed%20Vegetables%201kg
Bulk Handle Tie Garbage Bags,$9.99,,https://dm.apac.cms.aldi.cx/is/image/aldiprodapac/product/jpg/scaleWidth/232/98cfadd9-494b-4977-8f57-64c0fbdfa84b/Bulk%20Handle%20Tie%20Garbage%20Bags
Bolognese Pasta Bake 200g,$4.29,$2.15 per 100 g,https://dm.apac.cms.aldi.cx/is/image/aldiprodapac/product/jpg/scaleWidth/232/1a2ae6da-de0f-44cb-959d-2c93212d2397/Bolognese%20Pasta%20Bake%20200g
Chunky Pet Mince 1kg,$5.89,$0.59 per 100 g,https://dm.apac.cms.aldi.cx/is/image/aldiprodapac/product/jpg/scaleWidth/232/5c639522-44a9-4485-8db0-c104da1889da/Chunky%20Pet%20Mince%201kg
Beef Rump Roast,$23.99,$23.99 per 1 kg,https://dm.apac.cms.aldi.cx/is/image/aldiprodapac/product/jpg/scaleWidth/232/5a5fa943-75bc-4c64-9c25-1b27eab0b621/Beef%20Rump%20Roast
Daily Intimate Wash 250mL,$5.99,$2.40 per 100 ml,https://dm.apac.cms.aldi.cx/is/image/aldiprodapac/product/jpg/scaleWidth/232/5da0cc38-38b8-477e-8078-9e4913b67529/Daily%20Intimate%20Wash%20250mL
Dry Dog Food Beef & Vegetables 8kg,$17.99,$0.22 per 100 g,https://dm.apac.cms.aldi.cx/is/image/aldiprodapac/product/jpg/scaleWidth/232/aa735dcf-6747-4479-bec3-acbf3a8bf046/Dry%20Dog%20Food%20Beef%20%20Vegetables%208kg
Solar Spot Light,$12.99,,https://dm.apac.cms.aldi.cx/is/image/aldiprodapac/product/jpg/scaleWidth/232/a8b1daa2-bd58-40eb-a161-3f850d826a05/Solar%20Spot%20Light
Sour Cream 300g,$3.09,$1.03 per 100 g,https://dm.apac.cms.aldi.cx/is/image/aldiprodapac/product/jpg/scaleWidth/232/1ec6453a-1b4d-4c7f-bb65-6665c7a46e75/Sour%20Cream%20300g
Super Crisp Lager 30x375ml,$59.99,,https://dm.apac.cms.aldi.cx/is/image/aldiprodapac/product/jpg/scaleWidth/232/2b3f707a-226c-49da-bedf-2721e7d7060a/Super%20Crisp%20Lager%2030x375ml
Organic Psyllium Husk 250g,$6.99,$2.80 per 100 g,https://dm.apac.cms.aldi.cx/is/image/aldiprodapac/product/jpg/scaleWidth/232/a00afdef-8481-4f46-8c6b-a2def325691f/Organic%20Psyllium%20Husk%20250g
Brazil Nuts 400g,$15.99,$39.98 per 1 kg,https://dm.apac.cms.aldi.cx/is/image/aldiprodapac/product/jpg/scaleWidth/232/65e3d0ee-b2c2-49eb-8013-4c6b063b6a40/Brazil%20Nuts%20400g
Assorted Salad Bowl,$19.99,,https://dm.apac.cms.aldi.cx/is/image/aldiprodapac/product/jpg/scaleWidth/232/e53efa24-7309-4356-9543-114d69c5ecb3/Assorted%20Salad%20Bowl
Waffle Cones 12 Pack 170g,$2.89,$0.24 per 1 each,https://dm.apac.cms.aldi.cx/is/image/aldiprodapac/product/jpg/scaleWidth/232/51ca4335-f57e-443e-9fc8-12aeb75cca54/Waffle%20Cones%2012%20Pack%20170g
Party Mix 1.1kg,$12.49,$1.14 per 100 g,https://dm.apac.cms.aldi.cx/is/image/aldiprodapac/product/jpg/scaleWidth/232/8b1c1de0-39fe-4544-9d02-dd1740ee588c/Party%20Mix%201.1kg
Milk Arrowroot Biscuits 250g,$1.39,$0.56 per 100 g,https://dm.apac.cms.aldi.cx/is/image/aldiprodapac/product/jpg/scaleWidth/232/c0ca4201-1c67-4f00-b088-b911b2ed86c3/Milk%20Arrowroot%20Biscuits%20250g
Green Juice 1L,$3.99,$3.99 per 1 L,https://dm.apac.cms.aldi.cx/is/image/aldiprodapac/product/jpg/scaleWidth/232/1f0bd585-48a6-487e-b431-ac722c683b51/Green%20Juice%201L
Creamy Tuna Pasta Bake 500g,$2.99,$0.60 per 100 g,https://dm.apac.cms.aldi.cx/is/image/aldiprodapac/product/jpg/scaleWidth/232/b164950f-dfbc-4eaa-8b00-ef6c694e02ac/Creamy%20Tuna%20Pasta%20Bake%20500g
RSPCA Approved Chicken Breast Fillets Bulk Pack,$15.17,$10.99 per 1 kg,https://dm.apac.cms.aldi.cx/is/image/aldiprodapac/product/jpg/scaleWidth/232/bb461b25-fd38-4631-bffa-75f26d6c6b85/RSPCA%20Approved%20Chicken%20Breast%20Fillets%20Bulk%20Pack
Melt in the Middle Fish Cakes Salmon & Hollandaise 2 Pack 290g,$5.99,$20.66 per 1 kg,https://dm.apac.cms.aldi.cx/is/image/aldiprodapac/product/jpg/scaleWidth/232/b8cd02cf-7e05-4aa7-a32f-cbf34040fb3a/Melt%20in%20the%20Middle%20Fish%20Cakes%20Salmon%20%20Hollandaise%202%20Pack%20290g
Soy Sauce Salt Reduced 500ml,$1.79,$0.36 per 100 ml,https://dm.apac.cms.aldi.cx/is/image/aldiprodapac/product/jpg/scaleWidth/232/05bb1326-4705-435f-b078-18239cce22d2/Soy%20Sauce%20Salt%20Reduced%20500ml
Sensitive 4 in 1 Laundry Capsules,$13.99,$0.50 per 1 each,https://dm.apac.cms.aldi.cx/is/image/aldiprodapac/product/jpg/scaleWidth/232/1a06007b-4094-4d8b-8a75-38b628b7b95c/Sensitive%204%20in%201%20Laundry%20Capsules
Pasta Large Shells 500g,$0.99,$0.20 per 100 g,https://dm.apac.cms.aldi.cx/is/image/aldiprodapac/product/jpg/scaleWidth/232/9a30676d-9c41-4b37-9c66-fc3e95725b4e/Pasta%20Large%20Shells%20500g
Signature 40% Chocolate Chip Cookies 400g,$4.99,$1.25 per 100 g,https://dm.apac.cms.aldi.cx/is/image/aldiprodapac/product/jpg/scaleWidth/232/63c1e3df-aaee-404c-9fb7-62e797f0ee42/Signature%2040%25%20Chocolate%20Chip%20Cookies%20400g
Honey Murcott Mandarins 750g,$3.29,$4.39 per 1 kg,https://dm.apac.cms.aldi.cx/is/image/aldiprodapac/product/jpg/scaleWidth/232/c2732974-5a21-481c-a06c-d53239408b65/Honey%20Murcott%20Mandarins%20750g
Lower Carb White Bread 700g,$3.69,$0.53 per 100 g,https://dm.apac.cms.aldi.cx/is/image/aldiprodapac/product/jpg/scaleWidth/232/57c19ddd-cb72-42df-8575-ff3e1d82fdc6/Lower%20Carb%20White%20Bread%20700g
Almond Flour 300g,$6.99,$23.30 per 1 kg,https://dm.apac.cms.aldi.cx/is/image/aldiprodapac/product/jpg/scaleWidth/232/dc88cbea-2377-420e-bf47-b7042308d64a/Almond%20Flour%20300g
Tuna Pate With Black Pepper Treats with Crackers 112g,$1.99,$17.77 per 1 kg,https://dm.apac.cms.aldi.cx/is/image/aldiprodapac/product/jpg/scaleWidth/232/46ba1458-a3c5-42aa-8812-47764e412d2d/Tuna%20Pate%20With%20Black%20Pepper%20Treats%20with%20Crackers%20112g
Four Cheese Ravioli 350g,$4.99,$1.43 per 100 g,https://dm.apac.cms.aldi.cx/is/image/aldiprodapac/product/jpg/scaleWidth/232/328407a8-30c2-4d51-9949-df8d1c9fb976/Four%20Cheese%20Ravioli%20350g
Chicken Pesto Penne 1.1kg,$11.49,$1.04 per 100 g,https://dm.apac.cms.aldi.cx/is/image/aldiprodapac/product/jpg/scaleWidth/232/6e27a8c1-46c5-4029-8045-47f3133ecc9d/Chicken%20Pesto%20Penne%201.1kg
Soft Dry Red Cask 4L,$9.49,,https://dm.apac.cms.aldi.cx/is/image/aldiprodapac/product/jpg/scaleWidth/232/3cde1b46-fb2d-4e8e-baed-16b3470a5d39/Soft%20Dry%20Red%20Cask%204L
Sour Cream & Chives Pasta & Sauce 125g,$1.29,$1.03 per 100 g,https://dm.apac.cms.aldi.cx/is/image/aldiprodapac/product/jpg/scaleWidth/232/81515f58-47f8-48d5-9b35-fe83356bc6eb/Sour%20Cream%20%20Chives%20Pasta%20%20Sauce%20125g
Merci Variety Mix 200g,$6.99,$3.50 per 100 g,https://dm.apac.cms.aldi.cx/is/image/aldiprodapac/product/jpg/scaleWidth/232/c20bc665-2203-4f8a-93a6-b3a8754b5ca6/Merci%20Variety%20Mix%20200g
Reserve Central Otago Pinot Noir 750ml,$16.99,,https://dm.apac.cms.aldi.cx/is/image/aldiprodapac/product/jpg/scaleWidth/232/20d7bd79-ec6f-446a-80d7-d4be980c1e72/Reserve%20Central%20Otago%20Pinot%20Noir%20750ml
On The Go Roasted & Salted Cashews 5 Pack 175g,$4.69,$26.80 per 1 kg,https://dm.apac.cms.aldi.cx/is/image/aldiprodapac/product/jpg/scaleWidth/232/6c29d141-4f12-4187-aeb0-b100b18f1e4d/On%20The%20Go%20Roasted%20%20Salted%20Cashews%205%20Pack%20175g
Roasted & Salted Mixed Nuts 1kg,$19.99,$19.99 per 1 kg,https://dm.apac.cms.aldi.cx/is/image/aldiprodapac/product/jpg/scaleWidth/232/74326c29-3339-4cdf-8857-305b4628562b/Roasted%20%20Salted%20Mixed%20Nuts%201kg
Dark Hazelnut Chocolate Block 200g,$4.99,$2.50 per 100 g,https://dm.apac.cms.aldi.cx/is/image/aldiprodapac/product/jpg/scaleWidth/232/bd17c137-c8b6-48e2-93f2-06d8cc757c47/Dark%20Hazelnut%20Chocolate%20Block%20200g
Buffalo Style Glazed Chicken Wing Nibbles 1kg,$9.99,$9.99 per 1 kg,https://dm.apac.cms.aldi.cx/is/image/aldiprodapac/product/jpg/scaleWidth/232/a0ca9e85-a4eb-43ba-bf00-881f75123307/Buffalo%20Style%20Glazed%20Chicken%20Wing%20Nibbles%201kg
Hand Mixer & Food Chopper,$18.99,,https://dm.apac.cms.aldi.cx/is/image/aldiprodapac/product/jpg/scaleWidth/232/36f3467d-1b78-4d3a-84fb-fb70e1f660d0/Hand%20Mixer%20%20Food%20Chopper
Dairy Milk Chocolate Bar 50g,$1.99,$3.98 per 100 g,https://dm.apac.cms.aldi.cx/is/image/aldiprodapac/product/jpg/scaleWidth/232/704edf76-5622-4f4e-a0b8-df1216677064/Dairy%20Milk%20Chocolate%20Bar%2050g
Adult Dry Dog Food With Beef 6kg,$22.99,$0.38 per 100 g,https://dm.apac.cms.aldi.cx/is/image/aldiprodapac/product/jpg/scaleWidth/232/b971e9ba-7ec2-41d8-bca7-d9833d5eedfa/Adult%20Dry%20Dog%20Food%20With%20Beef%206kg
Gluten Free Spirals 500g,$2.49,$0.50 per 100 g,https://dm.apac.cms.aldi.cx/is/image/aldiprodapac/product/jpg/scaleWidth/232/ea92110d-52f5-4307-8fb3-f9e38240ed9d/Gluten%20Free%20Spirals%20500g
Honey Wheats 670g,$4.69,$0.70 per 100 g,https://dm.apac.cms.aldi.cx/is/image/aldiprodapac/product/jpg/scaleWidth/232/617ab32a-64d5-474e-82f8-67d64c87f22e/Honey%20Wheats%20670g
Broccoli 500g,$2.79,$5.58 per 1 kg,https://dm.apac.cms.aldi.cx/is/image/aldiprodapac/product/jpg/scaleWidth/232/31942024-3b50-4311-bdd9-3f5934c541e0/Broccoli%20500g
Red Seedless Grapes Loose,$11.69/0.9 kg,$12.99 per 1 kg,https://dm.apac.cms.aldi.cx/is/image/aldiprodapac/product/jpg/scaleWidth/232/21fc6e90-eef6-46ab-8ee2-acc522a6c7d6/Red%20Seedless%20Grapes%20Loose
Southern Blue Whiting Bites 400g,$7.49,$18.73 per 1 kg,https://dm.apac.cms.aldi.cx/is/image/aldiprodapac/product/jpg/scaleWidth/232/3612432a-1fe5-42c2-9c33-2a1cae0b332b/Southern%20Blue%20Whiting%20Bites%20400g
Organic Baby Food Banana Blueberry & Quinoa 6+ Months 120g,$1.49,$1.24 per 100 g,https://dm.apac.cms.aldi.cx/is/image/aldiprodapac/product/jpg/scaleWidth/232/86b696d9-a5ba-441c-bf6a-000f0eae6a46/Organic%20Baby%20Food%20Banana%20Blueberry%20%20Quinoa%206%20Months%20120g
Cordless Multifunctional Scrubber,$29.99,,https://dm.apac.cms.aldi.cx/is/image/aldiprodapac/product/jpg/scaleWidth/232/156dd762-133d-4f3f-b680-191f9d8db51f/Cordless%20Multifunctional%20Scrubber
RSPCA Approved Chicken Breast Mince 1kg,$8.99,$8.99 per 1 kg,https://dm.apac.cms.aldi.cx/is/image/aldiprodapac/product/jpg/scaleWidth/232/c997c0ea-deda-4582-9a51-31c3d2c91850/RSPCA%20Approved%20Chicken%20Breast%20Mince%201kg
Coconut Water 1L,$2.59,$2.59 per 1 L,https://dm.apac.cms.aldi.cx/is/image/aldiprodapac/product/jpg/scaleWidth/232/0aa78f50-ae95-4766-93f5-bec4a46b7489/Coconut%20Water%201L
Hazelnut Praline Chocolate Block 185g,$4.99,$2.70 per 100 g,https://dm.apac.cms.aldi.cx/is/image/aldiprodapac/product/jpg/scaleWidth/232/631f3821-f1bd-4c98-bd6f-4d261b124308/Hazelnut%20Praline%20Chocolate%20Block%20185g
Luxe Reserve Guatemala 500g,$15.99,$3.20 per 100 g,https://dm.apac.cms.aldi.cx/is/image/aldiprodapac/product/jpg/scaleWidth/232/7b96cc40-1b58-469c-9dd2-9b1aa76782c8/Luxe%20Reserve%20Guatemala%20500g
Corn Chips Cheese Extreme 200g,$2.39,$1.20 per 100 g,https://dm.apac.cms.aldi.cx/is/image/aldiprodapac/product/jpg/scaleWidth/232/ce5556db-5e7e-4c95-b9f4-f0ce8521a1f6/Corn%20Chips%20Cheese%20Extreme%20200g
Protein Bar Boysenberry 30g,$2.29,$7.63 per 100 g,https://dm.apac.cms.aldi.cx/is/image/aldiprodapac/product/jpg/scaleWidth/232/9c4168e2-e9b0-4a60-9612-b66ec6ff81ad/Protein%20Bar%20Boysenberry%2030g
Double Smoked Leg Ham,$12.33,$18.49 per 1 kg,https://dm.apac.cms.aldi.cx/is/image/aldiprodapac/product/jpg/scaleWidth/232/afd41d05-a9e0-4f22-82e5-df301daabe4f/Double%20Smoked%20Leg%20Ham
Pasta Spirals 500g,$0.89,$0.18 per 100 g,https://dm.apac.cms.aldi.cx/is/image/aldiprodapac/product/jpg/scaleWidth/232/d506412d-dd2b-40dd-86f9-89bac02ebc6d/Pasta%20Spirals%20500g
Mini Twin Pack Puddings 220g,$4.79,$2.18 per 100 g,https://dm.apac.cms.aldi.cx/is/image/aldiprodapac/product/jpg/scaleWidth/232/2cba984e-f95a-41a6-8a33-6a2e1ebfef54/Mini%20Twin%20Pack%20Puddings%20220g
Gluten Free Spaghetti 500g,$2.49,$0.50 per 100 g,https://dm.apac.cms.aldi.cx/is/image/aldiprodapac/product/jpg/scaleWidth/232/93270e0f-849d-4f5d-8146-a5a8baf98acc/Gluten%20Free%20Spaghetti%20500g
Summer Touch Booty Balm 250ml,$9.99,$4.00 per 100 ml,https://dm.apac.cms.aldi.cx/is/image/aldiprodapac/product/jpg/scaleWidth/232/5a3b07be-9a2b-476c-b17c-c59171af5a74/Summer%20Touch%20Booty%20Balm%20250ml
Chicken & Mushroom Risotto 350g,$4.49,$1.28 per 100 g,https://dm.apac.cms.aldi.cx/is/image/aldiprodapac/product/jpg/scaleWidth/232/446e3961-02da-447e-9fe8-90093046a8e0/Chicken%20%20Mushroom%20Risotto%20350g
Vegetable Liquid Stock 1L,$1.85,$0.19 per 100 ml,https://dm.apac.cms.aldi.cx/is/image/aldiprodapac/product/jpg/scaleWidth/232/a9203f4d-965c-4335-8aa4-6226b07c9277/Vegetable%20Liquid%20Stock%201L
Cranberry Classic 1.5L,$5.69,$3.79 per 1 L,https://dm.apac.cms.aldi.cx/is/image/aldiprodapac/product/jpg/scaleWidth/232/2683d0da-8785-48ce-a7a0-ce1782d325a7/Cranberry%20Classic%201.5L
Free Range Eggs 800g,$6.99,$0.87 per 100 g,https://dm.apac.cms.aldi.cx/is/image/aldiprodapac/product/jpg/scaleWidth/232/c0619339-69ef-4ee0-aee4-73fde4fb4720/Free%20Range%20Eggs%20800g
Short Cut Bacon 1kg,$10.49,$10.49 per 1 kg,https://dm.apac.cms.aldi.cx/is/image/aldiprodapac/product/jpg/scaleWidth/232/8afa9aa6-232c-4dfb-b89b-c9b4566e820c/Short%20Cut%20Bacon%201kg
Sparkling Water with Lime 8 Pack 330ml,$6.99,$2.65 per 1 L,https://dm.apac.cms.aldi.cx/is/image/aldiprodapac/product/jpg/scaleWidth/232/85e142f5-e543-4c1d-88dc-c55a61b25f09/Sparkling%20Water%20with%20Lime%208%20Pack%20330ml
Assorted Premium Cat Food 85g,$0.99,$1.16 per 100 g,https://dm.apac.cms.aldi.cx/is/image/aldiprodapac/product/jpg/scaleWidth/232/0da5f14d-4f48-4537-9f1e-fdf0283ad4af/Assorted%20Premium%20Cat%20Food%2085g
Sultana Pasties 185g,$3.99,$2.16 per 100 g,https://dm.apac.cms.aldi.cx/is/image/aldiprodapac/product/jpg/scaleWidth/232/7f64d630-c0ff-4a48-be85-1580e11e365c/Sultana%20Pasties%20185g
Metal Detector,$99.99,,https://dm.apac.cms.aldi.cx/is/image/aldiprodapac/product/jpg/scaleWidth/232/727648d7-e075-4efd-b6b7-197abd91a5bd/Metal%20Detector
Grana Padano Flaked 125g,$4.49,$35.92 per 1 kg,https://dm.apac.cms.aldi.cx/is/image/aldiprodapac/product/jpg/scaleWidth/232/bdc16ca6-f2eb-4acd-a3f8-334e81726890/Grana%20Padano%20Flaked%20125g
Potato Gratin Spinach & Ricotta 400g,$4.49,$11.23 per 1 kg,https://dm.apac.cms.aldi.cx/is/image/aldiprodapac/product/jpg/scaleWidth/232/9f83f513-8dbd-4c56-b939-e736a34297ca/Potato%20Gratin%20Spinach%20%20Ricotta%20400g
Baby Gem Lettuce 3 Pack,$3.99,$1.33 per 1 each,https://dm.apac.cms.aldi.cx/is/image/aldiprodapac/product/jpg/scaleWidth/232/9f8cd18a-3d35-424c-8947-c12c9a886403/Baby%20Gem%20Lettuce%203%20Pack
Gourmet Dry Cat Food 1kg,$7.99,$0.80 per 100 g,https://dm.apac.cms.aldi.cx/is/image/aldiprodapac/product/jpg/scaleWidth/232/3f20c03e-82e4-4972-b633-d865a0b22c64/Gourmet%20Dry%20Cat%20Food%201kg
2.0Ah Battery and Charger Kit,$49.99,,https://dm.apac.cms.aldi.cx/is/content/aldiprodapac/1001860-2_COMING-SOON-GREYSCALE_RGB_OUTLINED_1200x1200
Trail Mix 500g,$7.99,$15.98 per 1 kg,https://dm.apac.cms.aldi.cx/is/image/aldiprodapac/product/jpg/scaleWidth/232/168efe20-fa04-41c5-a327-22ca100ddd55/Trail%20Mix%20500g
Light Greek Style Natural Yogurt 1kg,$3.49,$0.35 per 100 g,https://dm.apac.cms.aldi.cx/is/image/aldiprodapac/product/jpg/scaleWidth/232/73e9de10-054a-481f-b1dd-ee0529397271/Light%20Greek%20Style%20Natural%20Yogurt%201kg
Dentitex Advanced Whitening Toothpaste 200g,$2.09,$1.05 per 100 g,https://dm.apac.cms.aldi.cx/is/image/aldiprodapac/product/jpg/scaleWidth/232/8e23dcc7-a502-48c6-9bde-0be756a923a0/Dentitex%20Advanced%20Whitening%20Toothpaste%20200g
Delightful Chocolate Waves Milk Chocolate 125g,$4.99,$3.99 per 100 g,https://dm.apac.cms.aldi.cx/is/image/aldiprodapac/product/jpg/scaleWidth/232/66863572-186f-4ce8-8a6d-ee392307555f/Delightful%20Chocolate%20Waves%20Milk%20Chocolate%20125g
Irish Cream Salted Caramel Liqueur 700ml,$15.99,,https://dm.apac.cms.aldi.cx/is/image/aldiprodapac/product/jpg/scaleWidth/232/f3f1c1d8-a45c-4c89-8a68-82c188dbf150/Irish%20Cream%20Salted%20Caramel%20Liqueur%20700ml
"Wholefood Balls Cashew, Cocoa & Berry 16 Pack 184g",$4.69,$2.55 per 100 g,https://dm.apac.cms.aldi.cx/is/image/aldiprodapac/product/jpg/scaleWidth/232/2aa2d73b-9c24-45f0-b72e-6f1f19c793b1/Wholefood%20Balls%20Cashew%20Cocoa%20%20Berry%2016%20Pack%20184g
Large Drop Over Greenhouse,$39.99,,https://dm.apac.cms.aldi.cx/is/image/aldiprodapac/product/jpg/scaleWidth/232/26d845b1-e53d-41b7-88cd-392431b7aa34/Large%20Drop%20Over%20Greenhouse
Lactose Free Kids Yoghurt Pouch Strawberry 140g,$1.99,$1.42 per 100 g,https://dm.apac.cms.aldi.cx/is/image/aldiprodapac/product/jpg/scaleWidth/232/3871790f-ab8f-40d9-beb8-8b911c465166/Lactose%20Free%20Kids%20Yoghurt%20Pouch%20Strawberry%20140g
Baking Spices 255g-270g,$4.99,$0.20 per 10 g,https://dm.apac.cms.aldi.cx/is/image/aldiprodapac/product/jpg/scaleWidth/232/40d6e41c-991b-444c-85c3-c350d7392f4d/Baking%20Spices%20255g270g
Light Tasty Cheese Slices 500g,$7.49,$14.98 per 1 kg,https://dm.apac.cms.aldi.cx/is/image/aldiprodapac/product/jpg/scaleWidth/232/bf86e278-6496-4f09-9b73-25142d257e90/Light%20Tasty%20Cheese%20Slices%20500g
"Dog Food Loaf with Chicken, Vegetables & Rice 700g",$2.49,$0.36 per 100 g,https://dm.apac.cms.aldi.cx/is/image/aldiprodapac/product/jpg/scaleWidth/232/e01dc3bd-71d0-4eb7-87d8-ab7a0acfd25e/Dog%20Food%20Loaf%20with%20Chicken%20Vegetables%20%20Rice%20700g
Temperature Regulating Quilt,$69.99,,https://dm.apac.cms.aldi.cx/is/image/aldiprodapac/product/jpg/scaleWidth/232/3bb6b15a-0eb2-40f3-96ce-1a410364fa35/Temperature%20Regulating%20Quilt
Assorted USB-C Rechargeable Batteries,$14.99,$3.75 per 1 each,https://dm.apac.cms.aldi.cx/is/image/aldiprodapac/product/jpg/scaleWidth/232/7bd9ac6a-1ded-4015-b5b0-fc326cc096f7/Assorted%20USBC%20Rechargeable%20Batteries
Beef Scotch Fillet 2 Pack,$15.40,$38.49 per 1 kg,https://dm.apac.cms.aldi.cx/is/image/aldiprodapac/product/jpg/scaleWidth/232/74145b85-9ff3-4650-8357-e2cc63384649/Beef%20Scotch%20Fillet%202%20Pack
Barbecue Seasoning 65g,$1.99,$0.31 per 10 g,https://dm.apac.cms.aldi.cx/is/image/aldiprodapac/product/jpg/scaleWidth/232/c5c1c5c1-a9c9-4533-8c59-0fb03e407732/Barbecue%20Seasoning%2065g
Peppermint Herbal Infusions 40 Pack 60g,$1.69,$0.04 per 1 each,https://dm.apac.cms.aldi.cx/is/image/aldiprodapac/product/jpg/scaleWidth/232/f4df71c6-7e80-4290-b667-078322bc0560/Peppermint%20Herbal%20Infusions%2040%20Pack%2060g
Puppy Dog Food 100g,$0.89,$0.89 per 100 g,https://dm.apac.cms.aldi.cx/is/image/aldiprodapac/product/jpg/scaleWidth/232/08488bd4-aa57-484e-b43a-83dbb46d1853/Puppy%20Dog%20Food%20100g
100% Orange Juice 500ml,$1.99,$3.98 per 1 L,https://dm.apac.cms.aldi.cx/is/image/aldiprodapac/product/jpg/scaleWidth/232/cab19bb2-0c46-45dc-90ee-ab65f5a70510/100%25%20Orange%20Juice%20500ml
Rechargeable LED Strip,$9.99,,https://dm.apac.cms.aldi.cx/is/image/aldiprodapac/product/jpg/scaleWidth/232/d3a693de-7126-45c0-9dc0-a500a4365c58/Rechargeable%20LED%20Strip
Biltong Original 100g,$7.99,$79.90 per 1 kg,https://dm.apac.cms.aldi.cx/is/image/aldiprodapac/product/jpg/scaleWidth/232/b7bbaa7e-2dc9-4ad6-8da3-2952a7ca1fa1/Biltong%20Original%20100g
Cracked Pepper Hot Smoked Salmon 150g,$7.99,$53.27 per 1 kg,https://dm.apac.cms.aldi.cx/is/image/aldiprodapac/product/jpg/scaleWidth/232/804aeed9-1aa3-4d65-806b-2db3f2896344/Cracked%20Pepper%20Hot%20Smoked%20Salmon%20150g
Salami Stix Mild 15g,$0.99,$66.00 per 1 kg,https://dm.apac.cms.aldi.cx/is/image/aldiprodapac/product/jpg/scaleWidth/232/eb82fc19-7549-4119-a09d-b9586f4396fa/Salami%20Stix%20Mild%2015g
Automatic Insect Spray Refill 165g,$3.99,$2.42 per 100 g,https://dm.apac.cms.aldi.cx/is/image/aldiprodapac/product/jpg/scaleWidth/232/d735968a-1745-434d-b62a-edc2e2ed96f8/Automatic%20Insect%20Spray%20Refill%20165g
Assorted Kids Toothbrushes 2 Pack,$3.49,$1.75 per 1 each,https://dm.apac.cms.aldi.cx/is/image/aldiprodapac/product/jpg/scaleWidth/232/9fe8b5b0-ec0d-4157-a8cd-5f92ec229dce/Assorted%20Kids%20Toothbrushes%202%20Pack
Cashew & Date Paleo Bars 5 Pack 175g,$4.99,$2.85 per 100 g,https://dm.apac.cms.aldi.cx/is/image/aldiprodapac/product/jpg/scaleWidth/232/28176d15-2445-4ad5-8f37-e4d02b283d7a/Cashew%20%20Date%20Paleo%20Bars%205%20Pack%20175g
Dettol,$19.99,,https://dm.apac.cms.aldi.cx/is/image/aldiprodapac/product/jpg/scaleWidth/232/5861a58f-d3ef-4d0a-b966-2d4aeac5508e/Dettol
Organic Goji Berries 150g,$4.29,$28.60 per 1 kg,https://dm.apac.cms.aldi.cx/is/image/aldiprodapac/product/jpg/scaleWidth/232/3007060b-ff98-417b-84ff-5b1e2a826a29/Organic%20Goji%20Berries%20150g
Halloumi Cheese 225g,$4.99,$22.18 per 1 kg,https://dm.apac.cms.aldi.cx/is/image/aldiprodapac/product/jpg/scaleWidth/232/ee3a4aa4-93f9-45c2-b2cf-846788a3dc06/Halloumi%20Cheese%20225g
Shredded Chicken Breast Springwater And Sea Salt 85g,$1.29,$15.18 per 1 kg,https://dm.apac.cms.aldi.cx/is/image/aldiprodapac/product/jpg/scaleWidth/232/bfff0283-63a8-4917-91df-9c2b9b2f3757/Shredded%20Chicken%20Breast%20Springwater%20And%20Sea%20Salt%2085g
Microwave Rice Pouch Basmati 250g,$1.65,$0.66 per 100 g,https://dm.apac.cms.aldi.cx/is/image/aldiprodapac/product/jpg/scaleWidth/232/79f8243d-1f53-4ac6-82d8-44ec00b35139/Microwave%20Rice%20Pouch%20Basmati%20250g
Baby Powder 200g,$3.99,$2.00 per 100 g,https://dm.apac.cms.aldi.cx/is/image/aldiprodapac/product/jpg/scaleWidth/232/ed1d31df-10f0-4855-bf0b-dc3c8a88c4e3/Baby%20Powder%20200g
Moroccan Flavoured Cous Cous 100g,$1.69,$1.69 per 100 g,https://dm.apac.cms.aldi.cx/is/image/aldiprodapac/product/jpg/scaleWidth/232/76ce1f53-a0ea-4801-9f71-2721385c35ca/Moroccan%20Flavoured%20Cous%20Cous%20100g
Organic Apple Cinnamon Baby Puffs 12g,$1.49,$12.42 per 100 g,https://dm.apac.cms.aldi.cx/is/image/aldiprodapac/product/jpg/scaleWidth/232/3c68a315-bad2-4c72-ac75-32ae8ef66b05/Organic%20Apple%20Cinnamon%20Baby%20Puffs%2012g
Pulled Beef With Penne 1.1kg,$11.49,$1.04 per 100 g,https://dm.apac.cms.aldi.cx/is/image/aldiprodapac/product/jpg/scaleWidth/232/c6b98339-ab0c-4929-82e2-408091cb8ffc/Pulled%20Beef%20With%20Penne%201.1kg
Quadruple Distilled Vodka 700ml,$36.99,,https://dm.apac.cms.aldi.cx/is/image/aldiprodapac/product/jpg/scaleWidth/232/df745b40-00e5-46dc-be29-f37f71defa16/Quadruple%20Distilled%20Vodka%20700ml
20V Wet and Dry Hard Floor Cleaner Kit,$199.00,,https://dm.apac.cms.aldi.cx/is/image/aldiprodapac/product/jpg/scaleWidth/232/b16f0309-3d55-45f0-b1c5-313b0c3f6d38/20V%20Wet%20and%20Dry%20Hard%20Floor%20Cleaner%20Kit
Espresso Onyx Coffee Capsules 10 Pack x 3,$18.99,$0.63 per 1 each,https://dm.apac.cms.aldi.cx/is/image/aldiprodapac/product/jpg/scaleWidth/232/6bb6142a-31bb-495a-8323-293c7819dbfe/Espresso%20Onyx%20Coffee%20Capsules%2010%20Pack%20x%203
Assorted Scented Candles 130g,$2.89,$2.22 per 100 g,https://dm.apac.cms.aldi.cx/is/image/aldiprodapac/product/jpg/scaleWidth/232/f5621ad0-5714-464c-9819-2fc80ada93e8/Assorted%20Scented%20Candles%20130g
Mediterranean Style Dip Sweet Potato 200g,$2.69,$1.35 per 100 g,https://dm.apac.cms.aldi.cx/is/image/aldiprodapac/product/jpg/scaleWidth/232/6bfcf143-871b-4649-b8e1-d6956bd13d9f/Mediterranean%20Style%20Dip%20Sweet%20Potato%20200g
Zesty Portuguese Flavoured Cashews 150g,$3.99,$26.60 per 1 kg,https://dm.apac.cms.aldi.cx/is/image/aldiprodapac/product/jpg/scaleWidth/232/eea126ed-b31c-442d-adaf-9b57ce87a1e8/Zesty%20Portuguese%20Flavoured%20Cashews%20150g
Hair Brush - Assorted designs,$7.99,,https://dm.apac.cms.aldi.cx/is/image/aldiprodapac/product/jpg/scaleWidth/232/c10f679c-790f-47b3-97c0-b38ef4c9cd3f/Hair%20Brush%20%20%20Assorted%20designs
Microwave Sticky Rice 250g,$2.99,$1.20 per 100 g,https://dm.apac.cms.aldi.cx/is/image/aldiprodapac/product/jpg/scaleWidth/232/b7b2f865-8004-4bfe-a886-c66450b674b9/Microwave%20Sticky%20Rice%20250g
Fish Food Flakes 36g,$3.19,$8.86 per 100 g,https://dm.apac.cms.aldi.cx/is/image/aldiprodapac/product/jpg/scaleWidth/232/1f307512-220a-4cad-86c9-5836f7911c8d/Fish%20Food%20Flakes%2036g
Free Range Chicken Thigh Fillets,$10.52,$17.99 per 1 kg,https://dm.apac.cms.aldi.cx/is/image/aldiprodapac/product/jpg/scaleWidth/232/aa91d819-9c8b-4d82-bfba-2da137dca509/Free%20Range%20Chicken%20Thigh%20Fillets
Assorted Revitalise Expert Face Care,$9.99,$19.98 per 100 ml,https://dm.apac.cms.aldi.cx/is/image/aldiprodapac/product/jpg/scaleWidth/232/ccc8535a-3bfa-4fd0-b236-078847776d10/Assorted%20Revitalise%20Expert%20Face%20Care
Dark Peppermint Chocolate Block 205g,$4.99,$2.43 per 100 g,https://dm.apac.cms.aldi.cx/is/image/aldiprodapac/product/jpg/scaleWidth/232/7abe9840-9344-4b20-9e3d-b16e4288dc6b/Dark%20Peppermint%20Chocolate%20Block%20205g
Classic Vodka 700ml,$39.99,,https://dm.apac.cms.aldi.cx/is/image/aldiprodapac/product/jpg/scaleWidth/232/6248578e-f0f7-4e8b-a461-6be6ebaa1439/Classic%20Vodka%20700ml
Dried Fig Garland 375g,$4.79,$12.77 per 1 kg,https://dm.apac.cms.aldi.cx/is/image/aldiprodapac/product/jpg/scaleWidth/232/87b31a84-b7cd-486b-8f55-d118569a3dc7/Dried%20Fig%20Garland%20375g
"Dog Food Loaf with Kangaroo, Vegetables & Rice 700g",$2.49,$0.36 per 100 g,https://dm.apac.cms.aldi.cx/is/image/aldiprodapac/product/jpg/scaleWidth/232/7bf168f0-668d-4577-a68d-05c4b6d45d0c/Dog%20Food%20Loaf%20with%20Kangaroo%20Vegetables%20%20Rice%20700g
Fruit Swirl Mango & Blood Orange Yogurt 700g,$4.89,$0.70 per 100 g,https://dm.apac.cms.aldi.cx/is/image/aldiprodapac/product/jpg/scaleWidth/232/826fd26d-6ea8-4978-a954-88449239cafa/Fruit%20Swirl%20Mango%20%20Blood%20Orange%20Yogurt%20700g
Size 4 Nappies 10-15kg 50 Pack,$11.49,$0.23 per 1 each,https://dm.apac.cms.aldi.cx/is/image/aldiprodapac/product/jpg/scaleWidth/232/429ec92f-9a1c-47ca-9d8d-deed73e5d0b6/Size%204%20Nappies%201015kg%2050%20Pack
Brown Rice 1kg,$2.49,$0.25 per 100 g,https://dm.apac.cms.aldi.cx/is/image/aldiprodapac/product/jpg/scaleWidth/232/404c3432-cfff-4c85-bfb4-80e31bf58d71/Brown%20Rice%201kg
Mascarpone 250g,$4.69,$18.76 per 1 kg,https://dm.apac.cms.aldi.cx/is/image/aldiprodapac/product/jpg/scaleWidth/232/681d138a-6379-4921-a791-e89e8093d772/Mascarpone%20250g
White Sliced Mushrooms 200g,$3.49,$17.45 per 1 kg,https://dm.apac.cms.aldi.cx/is/image/aldiprodapac/product/jpg/scaleWidth/232/d9d81d3e-3808-468d-997d-4d406c9cf746/White%20Sliced%20Mushrooms%20200g
Coconut Natural Yogurt 500g,$4.49,$0.90 per 100 g,https://dm.apac.cms.aldi.cx/is/image/aldiprodapac/product/jpg/scaleWidth/232/59ef4024-e992-4b47-a1c1-a1e4dbfaa654/Coconut%20Natural%20Yogurt%20500g
Microwave Rice Pouch Mexican 250g,$2.29,$0.92 per 100 g,https://dm.apac.cms.aldi.cx/is/image/aldiprodapac/product/jpg/scaleWidth/232/71706f92-b0ad-4502-bfbd-a4e3b0411c9b/Microwave%20Rice%20Pouch%20Mexican%20250g
Gluten Free Pasta Quinoa Penne 350g,$4.19,$1.20 per 100 g,https://dm.apac.cms.aldi.cx/is/image/aldiprodapac/product/jpg/scaleWidth/232/6823ff94-db2f-4159-96d0-2f2f4e65895a/Gluten%20Free%20Pasta%20Quinoa%20Penne%20350g
Nutri-Grain Breakfast Cereal 580g,$7.19,$1.24 per 100 g,https://dm.apac.cms.aldi.cx/is/image/aldiprodapac/product/jpg/scaleWidth/232/967407ea-ea74-47d0-afed-5e46bd86857a/NutriGrain%20Breakfast%20Cereal%20580g
Thai Sweet Chilli Flavour Tuna Treats with Crackers 112g,$1.99,$17.77 per 1 kg,https://dm.apac.cms.aldi.cx/is/image/aldiprodapac/product/jpg/scaleWidth/232/d2901e6f-1629-414f-b976-0f7bbf8888fb/Thai%20Sweet%20Chilli%20Flavour%20Tuna%20Treats%20with%20Crackers%20112g
Assorted Children's 2 Piece Set,$14.99,,https://dm.apac.cms.aldi.cx/is/image/aldiprodapac/product/jpg/scaleWidth/232/d9c441ea-c912-409b-8847-5f4ea044d041/Assorted%20Childrens%202%20Piece%20Set
Skim Milk 2L,$3.19,$1.60 per 1 L,https://dm.apac.cms.aldi.cx/is/image/aldiprodapac/product/jpg/scaleWidth/232/c927b6be-386e-4282-ac81-f26dc0070d98/Skim%20Milk%202L
Old Fashioned Chicken Pouch Soup 430g,$2.99,$0.70 per 100 g,https://dm.apac.cms.aldi.cx/is/image/aldiprodapac/product/jpg/scaleWidth/232/524ae08d-a7d9-47a8-8710-3851f83355b4/Old%20Fashioned%20Chicken%20Pouch%20Soup%20430g
Assorted Active 5 Ball Gel Toilet Blocks 35g,$2.39,$6.83 per 100 g,https://dm.apac.cms.aldi.cx/is/image/aldiprodapac/product/jpg/scaleWidth/232/d9462980-728d-420b-8668-45635116931c/Assorted%20Active%205%20Ball%20Gel%20Toilet%20Blocks%2035g
Midstrength Beer 12x330ml,$14.99,,https://dm.apac.cms.aldi.cx/is/image/aldiprodapac/product/jpg/scaleWidth/232/ca0b499c-d3ea-42d6-8cd7-f669f0979dce/Midstrength%20Beer%2012x330ml
Sauvignon Blanc Semillon 750ml,$8.99,,https://dm.apac.cms.aldi.cx/is/image/aldiprodapac/product/jpg/scaleWidth/232/5b57a468-9fec-4cf2-8b15-ee23a5e94409/Sauvignon%20Blanc%20Semillon%20750ml
Premium Dog Food Meaty Chicken Loaf Style 100g,$0.89,$0.89 per 100 g,https://dm.apac.cms.aldi.cx/is/image/aldiprodapac/product/jpg/scaleWidth/232/eec77937-66ed-4a74-a115-8c0c3a741abe/Premium%20Dog%20Food%20Meaty%20Chicken%20Loaf%20Style%20100g
Dry Dog Food Chicken & Rice 7kg,$25.99,$0.37 per 100 g,https://dm.apac.cms.aldi.cx/is/image/aldiprodapac/product/jpg/scaleWidth/232/7cb8b5fb-7387-420b-8529-aa8fb02aa694/Dry%20Dog%20Food%20Chicken%20%20Rice%207kg
Milk Chocolate Block 200g,$4.99,$2.50 per 100 g,https://dm.apac.cms.aldi.cx/is/image/aldiprodapac/product/jpg/scaleWidth/232/7f798fd3-4856-42fa-a8dd-d5c992ab9531/Milk%20Chocolate%20Block%20200g
Deli Selections 150g,$8.99,$59.93 per 1 kg,https://dm.apac.cms.aldi.cx/is/image/aldiprodapac/product/jpg/scaleWidth/232/2ede8df4-fb1d-4d5c-bc47-2b3573885fb1/Deli%20Selections%20150g
Tasty Cheese Slices 500g,$6.99,$13.98 per 1 kg,https://dm.apac.cms.aldi.cx/is/image/aldiprodapac/product/jpg/scaleWidth/232/bd926bfc-2bcc-4b31-aeb3-eba4350b5768/Tasty%20Cheese%20Slices%20500g
Choc Coats 10 Pack 865ml,$3.99,$0.46 per 100 ml,https://dm.apac.cms.aldi.cx/is/image/aldiprodapac/product/jpg/scaleWidth/232/da9436f6-685e-4e11-9a07-8f09e991853a/Choc%20Coats%2010%20Pack%20865ml
Ionic Hairdryer,$24.99,,https://dm.apac.cms.aldi.cx/is/image/aldiprodapac/product/jpg/scaleWidth/232/a17d4269-d44c-4f4c-8107-eb40922c3503/Ionic%20Hairdryer
Australian Apple Slices in Juice 410g,$2.09,$5.10 per 1 kg,https://dm.apac.cms.aldi.cx/is/image/aldiprodapac/product/jpg/scaleWidth/232/0d5c692a-cb20-409b-b9ef-b6069800249d/Australian%20Apple%20Slices%20in%20Juice%20410g
Safety Ladder with Deep Steps,$79.99,,https://dm.apac.cms.aldi.cx/is/image/aldiprodapac/product/jpg/scaleWidth/232/b1d6d732-2052-45f0-8839-d2d7c0ea3763/Safety%20Ladder%20with%20Deep%20Steps
Natural Coconut Flakes 200g,$3.49,$17.45 per 1 kg,https://dm.apac.cms.aldi.cx/is/image/aldiprodapac/product/jpg/scaleWidth/232/4a9f84b4-6e7d-45d4-bdf9-bba5d143ac75/Natural%20Coconut%20Flakes%20200g
Hot Chocolate Sachets 10 Pack 200g,$3.69,$0.37 per 1 each,https://dm.apac.cms.aldi.cx/is/image/aldiprodapac/product/jpg/scaleWidth/232/63a21f90-4351-43d7-8f23-d3b8c2b279d5/Hot%20Chocolate%20Sachets%2010%20Pack%20200g
Premium Carbonara Pasta Sauce 500g,$2.69,$0.54 per 100 g,https://dm.apac.cms.aldi.cx/is/image/aldiprodapac/product/jpg/scaleWidth/232/7fa04806-9398-4092-a5b4-f60cfb352b25/Premium%20Carbonara%20Pasta%20Sauce%20500g
Finest Dark 85% Cocoa Chocolate 5 Pack 125g,$4.99,$3.99 per 100 g,https://dm.apac.cms.aldi.cx/is/image/aldiprodapac/product/jpg/scaleWidth/232/f31ee06d-364b-43d4-95e0-01c645887c89/Finest%20Dark%2085%25%20Cocoa%20Chocolate%205%20Pack%20125g
Artisan Style Oat & Chia Crispbread 150g,$3.49,$2.33 per 100 g,https://dm.apac.cms.aldi.cx/is/image/aldiprodapac/product/jpg/scaleWidth/232/f2e6e4db-1965-47e7-8640-59d5ded58741/Artisan%20Style%20Oat%20%20Chia%20Crispbread%20150g
Protein Bar Chocolate 30g,$2.29,$7.63 per 100 g,https://dm.apac.cms.aldi.cx/is/image/aldiprodapac/product/jpg/scaleWidth/232/0a6b917a-d9b1-467e-884b-30bcc804f2d5/Protein%20Bar%20Chocolate%2030g
Sparkling Natural Mineral Water 1.25 Litre,$1.09,$0.87 per 1 L,https://dm.apac.cms.aldi.cx/is/image/aldiprodapac/product/jpg/scaleWidth/232/2cf1e884-7d20-480f-a7c0-3519f08a326b/Sparkling%20Natural%20Mineral%20Water%201.25%20Litre
Laundry Capsules 50 Pack,$13.69,$0.27 per 1 each,https://dm.apac.cms.aldi.cx/is/image/aldiprodapac/product/jpg/scaleWidth/232/bc579ba4-9523-4c3c-81d5-4f141594bda1/Laundry%20Capsules%2050%20Pack
Light Sour Cream 300g,$3.09,$1.03 per 100 g,https://dm.apac.cms.aldi.cx/is/image/aldiprodapac/product/jpg/scaleWidth/232/82d65eca-38e5-40ed-a1ee-4c819cc9efee/Light%20Sour%20Cream%20300g
Puff Pastry 1kg,$3.79,$0.38 per 100 g,https://dm.apac.cms.aldi.cx/is/image/aldiprodapac/product/jpg/scaleWidth/232/6083e40f-06ca-41a4-9959-7ce1a9acc861/Puff%20Pastry%201kg
Grain Waves Sour Cream & Chives 170g,$2.49,$1.46 per 100 g,https://dm.apac.cms.aldi.cx/is/image/aldiprodapac/product/jpg/scaleWidth/232/0accf0e8-8613-487c-a134-c05d0a665907/Grain%20Waves%20Sour%20Cream%20%20Chives%20170g
Assorted Children‚Äôs Snacking Containers,$3.99,,https://dm.apac.cms.aldi.cx/is/content/aldiprodapac/1001860-2_COMING-SOON-GREYSCALE_RGB_OUTLINED_1200x1200
Ham & Cheese Mini Pizza 4 Pack 400g,$5.49,$1.37 per 100 g,https://dm.apac.cms.aldi.cx/is/image/aldiprodapac/product/jpg/scaleWidth/232/901891b9-5152-479a-9be1-f3bb42797802/Ham%20%20Cheese%20Mini%20Pizza%204%20Pack%20400g
"Carrot, Sweetcorn & Broccoli Quicksteam Vegetables 3 Pack 450g",$2.79,$6.20 per 1 kg,https://dm.apac.cms.aldi.cx/is/image/aldiprodapac/product/jpg/scaleWidth/232/30d2c21e-162b-4c3d-b6cb-3481833a604d/Carrot%20Sweetcorn%20%20Broccoli%20Quicksteam%20Vegetables%20%203%20Pack%20450g
Crispetts Original Crispbread 125g,$2.29,$1.83 per 100 g,https://dm.apac.cms.aldi.cx/is/image/aldiprodapac/product/jpg/scaleWidth/232/03d93459-aabe-40e0-b04a-c319553e19ed/Crispetts%20Original%20Crispbread%20125g
High Protein Chocolate Pudding 170g,$2.69,$1.58 per 100 g,https://dm.apac.cms.aldi.cx/is/image/aldiprodapac/product/jpg/scaleWidth/232/1abdfe55-c819-4d40-a006-e4b9f0959b7c/High%20Protein%20Chocolate%20Pudding%20170g
Garlic Roti Bread 6 Pack,$3.49,$1.29 per 100 g,https://dm.apac.cms.aldi.cx/is/image/aldiprodapac/product/jpg/scaleWidth/232/54ad7e52-062e-4232-ae05-32720339a35f/Garlic%20Roti%20Bread%206%20Pack
Chocolate Caramel Protein Bar 57g,$2.49,$4.37 per 100 g,https://dm.apac.cms.aldi.cx/is/image/aldiprodapac/product/jpg/scaleWidth/232/94d80cfb-b0f5-4c8d-bf96-e24dc9515542/Chocolate%20Caramel%20Protein%20Bar%2057g
Makeup Rounds 80 Pack,$1.39,$1.74 per 100 each,https://dm.apac.cms.aldi.cx/is/image/aldiprodapac/product/jpg/scaleWidth/232/9affd977-e4ae-4952-be38-1a7d0c0707a2/Makeup%20Rounds%2080%20Pack
Spearmint Chewy Mints 40g,$1.99,$4.98 per 100 g,https://dm.apac.cms.aldi.cx/is/image/aldiprodapac/product/jpg/scaleWidth/232/7aa00798-017f-4e27-af87-4d15d94faec4/Spearmint%20Chewy%20Mints%2040g
Greek Style Yogurt Strawberry Pouch 140g,$1.99,$1.42 per 100 g,https://dm.apac.cms.aldi.cx/is/image/aldiprodapac/product/jpg/scaleWidth/232/c55d98d8-ff1b-4b60-84e6-61df78abfec8/Greek%20Style%20Yogurt%20Strawberry%20Pouch%20140g
Micellar Cleansing Water 400ml,$6.99,$1.75 per 100 ml,https://dm.apac.cms.aldi.cx/is/image/aldiprodapac/product/jpg/scaleWidth/232/f1806ad9-7f94-4705-a576-f6a6c3d5da56/Micellar%20Cleansing%20Water%20400ml
Free Range Marinated Chicken Breast,$9.50,$18.99 per 1 kg,https://dm.apac.cms.aldi.cx/is/image/aldiprodapac/product/jpg/scaleWidth/232/49e4760d-a44c-4bc8-a19d-6261f4e766c0/Free%20Range%20Marinated%20Chicken%20Breast
Argan Hair Oil 100ml,$6.99,$6.99 per 100 ml,https://dm.apac.cms.aldi.cx/is/image/aldiprodapac/product/jpg/scaleWidth/232/64038541-599a-474a-9262-761292eecaff/Argan%20Hair%20Oil%20100ml
Leather Garden Gloves,$7.99,,https://dm.apac.cms.aldi.cx/is/image/aldiprodapac/product/jpg/scaleWidth/232/07e997ed-eddb-4cb8-a738-56a9eb6b8845/Leather%20Garden%20Gloves
Aluminium Foil 150m,$3.99,$0.13 per 1 m,https://dm.apac.cms.aldi.cx/is/image/aldiprodapac/product/jpg/scaleWidth/232/c517e0c5-8087-4965-97df-53b461543f38/Aluminium%20Foil%20150m
Coconut Lip Balm SPF 50+ 2 Pack 4.5g,$4.99,$5.54 per 10 g,https://dm.apac.cms.aldi.cx/is/image/aldiprodapac/product/jpg/scaleWidth/232/ecf966fc-7a1d-4eb3-b03a-c561507956c1/Coconut%20Lip%20Balm%20SPF%2050%202%20Pack%204.5g
Icing Mixture 1kg,$3.89,$0.39 per 100 g,https://dm.apac.cms.aldi.cx/is/image/aldiprodapac/product/jpg/scaleWidth/232/3d99d776-afc1-4d43-a809-3ddd72b7e2e3/Icing%20Mixture%201kg
Cookie Icing 3 Pack 675g,$9.99,$1.48 per 100 g,https://dm.apac.cms.aldi.cx/is/image/aldiprodapac/product/jpg/scaleWidth/232/23e2fe1f-28b7-4cdc-9489-aca928d2e7b2/Cookie%20Icing%203%20Pack%20675g
Smoky BBQ Tuna With Beans 160g,$2.89,$18.06 per 1 kg,https://dm.apac.cms.aldi.cx/is/image/aldiprodapac/product/jpg/scaleWidth/232/a0439640-410b-4922-8844-1e0bc24f140a/Smoky%20BBQ%20Tuna%20With%20Beans%20160g
Full Cream Milk 1L,$1.65,$1.65 per 1 L,https://dm.apac.cms.aldi.cx/is/image/aldiprodapac/product/jpg/scaleWidth/232/cd0a15dd-4610-4156-9652-de9fe688e507/Full%20Cream%20Milk%201L
Strawberry Milk 2L,$6.59,$3.30 per 1 L,https://dm.apac.cms.aldi.cx/is/image/aldiprodapac/product/jpg/scaleWidth/232/89503ff8-b8a7-478a-a072-f28f3b88d637/Strawberry%20Milk%202L
Roasted Vegetable Flavoured Cous Cous 100g,$1.69,$1.69 per 100 g,https://dm.apac.cms.aldi.cx/is/image/aldiprodapac/product/jpg/scaleWidth/232/dba6b359-1d4c-4f7a-ad19-0898eea958f0/Roasted%20Vegetable%20Flavoured%20Cous%20Cous%20100g
Lens Cleaning Wipes 200 Pack,$7.99,$4.00 per 100 each,https://dm.apac.cms.aldi.cx/is/image/aldiprodapac/product/jpg/scaleWidth/232/655f2b5a-09dd-44b6-a207-e7d06bafcaf5/Lens%20Cleaning%20Wipes%20200%20Pack
Chocolate Baby Cake 300g,$3.29,$1.10 per 100 g,https://dm.apac.cms.aldi.cx/is/image/aldiprodapac/product/jpg/scaleWidth/232/ed97044b-5e36-45ee-ac7f-35e1ca3cb781/Chocolate%20Baby%20Cake%20300g
White Chocolate Raspberry Bites 120g,$2.99,$2.49 per 100 g,https://dm.apac.cms.aldi.cx/is/image/aldiprodapac/product/jpg/scaleWidth/232/40759d0e-a92e-467e-8bef-f615cd260b7d/White%20Chocolate%20Raspberry%20Bites%20120g
Almond Speculaas Biscuits 265g,$3.49,$1.32 per 100 g,https://dm.apac.cms.aldi.cx/is/image/aldiprodapac/product/jpg/scaleWidth/232/9f28e770-8eb4-4d6e-995e-b1330e65c7c8/Almond%20Speculaas%20Biscuits%20265g
Banana Muffin Bars 10 Pack 420g,$5.99,$1.43 per 100 g,https://dm.apac.cms.aldi.cx/is/image/aldiprodapac/product/jpg/scaleWidth/232/2b4ca0b9-1561-4dc3-9e64-82fd43905220/Banana%20Muffin%20Bars%2010%20Pack%20420g
Strawberry Ice Cream Topping 605g,$1.89,$0.31 per 100 g,https://dm.apac.cms.aldi.cx/is/image/aldiprodapac/product/jpg/scaleWidth/232/5bd6103a-2049-499a-b969-e6bec0149044/Strawberry%20Ice%20Cream%20Topping%20605g
Premium Embossed Baby Wipes Fragrance Free 80 Pack,$2.49,$3.11 per 100 each,https://dm.apac.cms.aldi.cx/is/image/aldiprodapac/product/jpg/scaleWidth/232/3bdb4383-ba32-438c-9ada-06658be9a27e/Premium%20Embossed%20Baby%20Wipes%20Fragrance%20Free%2080%20Pack
Australian Apricot Halves in Juice 410g,$1.89,$4.61 per 1 kg,https://dm.apac.cms.aldi.cx/is/image/aldiprodapac/product/jpg/scaleWidth/232/66e4d424-9148-4428-84f1-f572f2d7c0fe/Australian%20Apricot%20Halves%20in%20Juice%20410g
Middle Bacon Rindless 500g,$7.79,$15.58 per 1 kg,https://dm.apac.cms.aldi.cx/is/image/aldiprodapac/product/jpg/scaleWidth/232/94b261d0-707c-41cf-b8fa-c850c625924b/Middle%20Bacon%20Rindless%20500g
"Honey Leg Ham Sliced 4 Pack, 400g",$5.39,$13.48 per 1 kg,https://dm.apac.cms.aldi.cx/is/image/aldiprodapac/product/jpg/scaleWidth/232/7f2404a5-5990-49cc-854d-80d936e142cc/Honey%20Leg%20Ham%20Sliced%204%20Pack%20400g
Laundry Detergent 1L,$2.69,$2.69 per 1 L,https://dm.apac.cms.aldi.cx/is/image/aldiprodapac/product/jpg/scaleWidth/232/7d383f88-5d94-415c-8fe5-9a3a65f36f2d/Laundry%20Detergent%201L
Protein Yogurt Salted Caramel 160g,$2.19,$1.37 per 100 g,https://dm.apac.cms.aldi.cx/is/image/aldiprodapac/product/jpg/scaleWidth/232/47331b75-e76b-4329-b199-74dc20c0a526/Protein%20Yogurt%20Salted%20Caramel%20160g
Triple Smoked Leg Ham Shaved 100g,$1.99,$19.90 per 1 kg,https://dm.apac.cms.aldi.cx/is/image/aldiprodapac/product/jpg/scaleWidth/232/2f4f1baf-1352-47b3-b0fa-ae77b7695cdb/Triple%20Smoked%20Leg%20Ham%20Shaved%20100g
Pork Liverwurst 250g,$4.99,$19.96 per 1 kg,https://dm.apac.cms.aldi.cx/is/image/aldiprodapac/product/jpg/scaleWidth/232/a0a79ade-9f19-4f12-b136-76fc9af3c649/Pork%20Liverwurst%20250g
Dog Treat with Beef Liver 500g,$9.49,$1.90 per 100 g,https://dm.apac.cms.aldi.cx/is/image/aldiprodapac/product/jpg/scaleWidth/232/e52ebc96-e3b5-47e4-8a28-7047f38dea53/Dog%20Treat%20with%20Beef%20Liver%20500g
Reusable Non-stick Grill Mat,$3.99,,https://dm.apac.cms.aldi.cx/is/image/aldiprodapac/product/jpg/scaleWidth/232/e0b53d49-9b8d-49ef-91b1-784abe2341be/Reusable%20Nonstick%20Grill%20Mat
Immunity Shots 3 Pack 60ml,$6.99,$38.83 per 1 L,https://dm.apac.cms.aldi.cx/is/image/aldiprodapac/product/jpg/scaleWidth/232/279a8e55-5d5a-4aea-aa2b-be226cec55d8/Immunity%20Shots%203%20Pack%2060ml
Fruity Rings 300g,$2.79,$0.93 per 100 g,https://dm.apac.cms.aldi.cx/is/image/aldiprodapac/product/jpg/scaleWidth/232/c1d98a08-a44b-46c6-8dbc-4f5b586d4f4f/Fruity%20Rings%20300g
Assorted Auto Air Freshner Refill 185g,$3.99,$2.16 per 100 g,https://dm.apac.cms.aldi.cx/is/image/aldiprodapac/product/jpg/scaleWidth/232/495a467e-2846-46f0-b2cc-c0827cfa8b5f/Assorted%20Auto%20Air%20Freshner%20Refill%20185g
Beef Blade Steak,$17.75,$18.49 per 1 kg,https://dm.apac.cms.aldi.cx/is/image/aldiprodapac/product/jpg/scaleWidth/232/705030e4-fb76-4a1c-a392-76652858db6a/Beef%20Blade%20Steak
Beef Jerky Teriyaki 50g,$3.99,$79.80 per 1 kg,https://dm.apac.cms.aldi.cx/is/image/aldiprodapac/product/jpg/scaleWidth/232/664effea-b20e-4ff8-ab7c-07f486570edd/Beef%20Jerky%20Teriyaki%2050g
"Cashew, Almond & Maple Syrup Paleo Granola 300g",$6.99,$2.33 per 100 g,https://dm.apac.cms.aldi.cx/is/image/aldiprodapac/product/jpg/scaleWidth/232/e73199c4-defb-431e-a3a5-40ae2a04b374/Cashew%20Almond%20%20Maple%20Syrup%20Paleo%20Granola%20300g
Milk Almond Chocolate Block 200g,$4.99,$2.50 per 100 g,https://dm.apac.cms.aldi.cx/is/image/aldiprodapac/product/jpg/scaleWidth/232/5d356945-9223-48b9-8a46-10fc33ab3d61/Milk%20Almond%20Chocolate%20Block%20200g
Chicken Breast Tenders Sweet Chilli 1kg,$8.49,$8.49 per 1 kg,https://dm.apac.cms.aldi.cx/is/image/aldiprodapac/product/jpg/scaleWidth/232/325b1ddc-1735-4517-9390-3679e0732337/Chicken%20Breast%20Tenders%20Sweet%20Chilli%201kg
No Added Sugar Strawberry Yogurt Pouch 110g,$1.19,$1.08 per 100 g,https://dm.apac.cms.aldi.cx/is/image/aldiprodapac/product/jpg/scaleWidth/232/d0e7bf3f-3df0-47e3-8dd0-77b4aeeca342/No%20Added%20Sugar%20Strawberry%20Yogurt%20Pouch%20110g
Mini Wholegrain Wraps 8 Pack 360g,$2.19,$0.61 per 100 g,https://dm.apac.cms.aldi.cx/is/image/aldiprodapac/product/jpg/scaleWidth/232/1e7b960f-9ab9-4c42-bc34-02a1ab4bc79b/Mini%20Wholegrain%20Wraps%208%20Pack%20360g
Golden Crisp Fish Fillets ‚Äì Original 425g,$4.49,$10.56 per 1 kg,https://dm.apac.cms.aldi.cx/is/image/aldiprodapac/product/jpg/scaleWidth/232/c683dd89-4264-4fd3-af7b-d671fdfa5834/Golden%20Crisp%20Fish%20Fillets%20%20Original%20425g
Rosemary Leaves 30g,$2.79,$0.93 per 10 g,https://dm.apac.cms.aldi.cx/is/image/aldiprodapac/product/jpg/scaleWidth/232/b54ff913-eb22-442c-bdd4-e3fd6a1b9d96/Rosemary%20Leaves%2030g
Roasted Garlic Gourmet Hommus 200g,$2.69,$1.35 per 100 g,https://dm.apac.cms.aldi.cx/is/image/aldiprodapac/product/jpg/scaleWidth/232/af2945ca-45b6-48ee-95f3-cb1ced34635d/Roasted%20Garlic%20Gourmet%20Hommus%20200g
3 Blade Razor System 8 Pack,$4.79,$0.60 per 1 each,https://dm.apac.cms.aldi.cx/is/image/aldiprodapac/product/jpg/scaleWidth/232/6ffad96e-6673-41ea-895d-d1b4ac9c603f/3%20Blade%20Razor%20System%208%20Pack
5 Star Beef Mince 500g,$8.99,$17.98 per 1 kg,https://dm.apac.cms.aldi.cx/is/image/aldiprodapac/product/jpg/scaleWidth/232/91bec25f-bfee-4c2e-a37b-da8688c1dfdf/5%20Star%20Beef%20Mince%20500g
Garden Fertiliser 2.5kg,$9.49,,https://dm.apac.cms.aldi.cx/is/image/aldiprodapac/product/jpg/scaleWidth/232/7fc3a5b5-21e1-42a1-9844-c83d7fd69e74/Garden%20Fertiliser%202.5kg
Chipotle Chicken Quesadillas 2 Pack 300g,$5.99,$2.00 per 100 g,https://dm.apac.cms.aldi.cx/is/image/aldiprodapac/product/jpg/scaleWidth/232/a803342d-5bc1-421d-9c24-688e98036ce4/Chipotle%20Chicken%20Quesadillas%202%20Pack%20300g
Forest Fruit Strudel 600g,$5.99,$1.00 per 100 g,https://dm.apac.cms.aldi.cx/is/image/aldiprodapac/product/jpg/scaleWidth/232/9043561f-f1a4-4731-b05a-2fd57b38981c/Forest%20Fruit%20Strudel%20600g
Slightly Salted Spreadable 375g,$7.69,$2.05 per 100 g,https://dm.apac.cms.aldi.cx/is/image/aldiprodapac/product/jpg/scaleWidth/232/c309a660-2de8-4fbd-a85b-d2be0c5eca2c/Slightly%20Salted%20Spreadable%20375g
Plum Pudding 700g,$5.79,$0.83 per 100 g,https://dm.apac.cms.aldi.cx/is/image/aldiprodapac/product/jpg/scaleWidth/232/6c4ed769-dd22-414d-a4e5-ca055208d60e/Plum%20Pudding%20700g
Mackerel Fillets in Brine 125g,$2.99,$23.92 per 1 kg,https://dm.apac.cms.aldi.cx/is/image/aldiprodapac/product/jpg/scaleWidth/232/3db384b9-c8d0-4779-81ef-ec2b1a5f8998/Mackerel%20Fillets%20in%20Brine%20125g
Roasted Sesame Dressing 210ml,$2.99,$1.42 per 100 ml,https://dm.apac.cms.aldi.cx/is/image/aldiprodapac/product/jpg/scaleWidth/232/ec57e08c-fb20-4065-a084-39588df8f474/Roasted%20Sesame%20Dressing%20210ml
Coleslaw Salad Dressing 330ml,$1.79,$0.54 per 100 ml,https://dm.apac.cms.aldi.cx/is/image/aldiprodapac/product/jpg/scaleWidth/232/362fd9e6-11c3-4c21-aab1-fe0d125e6c07/Coleslaw%20Salad%20Dressing%20330ml
Advanced Whitening Tartar Control Toothpaste 2 Pack 115g,$8.49,$3.69 per 100 g,https://dm.apac.cms.aldi.cx/is/image/aldiprodapac/product/jpg/scaleWidth/232/e3123d21-160c-472d-9150-33092c218e68/Advanced%20Whitening%20Tartar%20Control%20Toothpaste%202%20Pack%20115g
Bockwurst 380g,$4.99,$13.13 per 1 kg,https://dm.apac.cms.aldi.cx/is/image/aldiprodapac/product/jpg/scaleWidth/232/4bd0656f-cc55-4b2f-be2d-e5ead127fcc2/Bockwurst%20380g
Classic Instant Coffee Dark Roast 400g,$25.99,$6.50 per 100 g,https://dm.apac.cms.aldi.cx/is/image/aldiprodapac/product/jpg/scaleWidth/232/5c6e4885-e2fe-4986-b1f6-00eee0bb45f1/Classic%20Instant%20Coffee%20Dark%20Roast%20400g
Italian Diced Tomatoes 400g,$0.95,$2.38 per 1 kg,https://dm.apac.cms.aldi.cx/is/image/aldiprodapac/product/jpg/scaleWidth/232/ec29a462-82b7-41a1-a64b-5f2371583202/Italian%20Diced%20Tomatoes%20400g
Zappo Millions Mixed Case 368g,$4.99,$1.36 per 100 g,https://dm.apac.cms.aldi.cx/is/image/aldiprodapac/product/jpg/scaleWidth/232/840abb5c-5598-4b4e-82f3-048905cd3542/Zappo%20Millions%20Mixed%20Case%20368g
6 Person Instant up Tent with Awning,$179.00,,https://dm.apac.cms.aldi.cx/is/image/aldiprodapac/product/jpg/scaleWidth/232/53c52033-81e2-4c61-9733-06d41e32247a/6%20Person%20Instant%20up%20Tent%20with%20Awning
Yellowfin Tuna Slices In Olive Oil with Chilli 125g,$2.59,$20.72 per 1 kg,https://dm.apac.cms.aldi.cx/is/image/aldiprodapac/product/jpg/scaleWidth/232/3f22bcc6-72dd-4ced-b458-5bec1375544e/Yellowfin%20Tuna%20Slices%20In%20Olive%20Oil%20with%20Chilli%20125g
Semillon Sauvignon Blanc Cask 2L,$7.89,,https://dm.apac.cms.aldi.cx/is/image/aldiprodapac/product/jpg/scaleWidth/232/8f5dea4b-8886-4156-b026-9a3b5207ffc7/Semillon%20Sauvignon%20Blanc%20Cask%202L
"Knobs, Hooks and Handles Assortment",$6.99,,https://dm.apac.cms.aldi.cx/is/image/aldiprodapac/product/jpg/scaleWidth/232/c1b29ff2-dd7d-42f3-878a-2a3c7f62b232/Knobs%20Hooks%20and%20Handles%20Assortment
Smokey Chipotle Flavoured Cashews 150g,$3.99,$26.60 per 1 kg,https://dm.apac.cms.aldi.cx/is/image/aldiprodapac/product/jpg/scaleWidth/232/6e8193b7-d124-40e2-827f-b31d1044af06/Smokey%20Chipotle%20Flavoured%20Cashews%20150g
Granny Smith Apples 1kg,$5.49,$5.49 per 1 kg,https://dm.apac.cms.aldi.cx/is/image/aldiprodapac/product/jpg/scaleWidth/232/f1327587-5735-4c04-8a11-c9df32a4dad0/Granny%20Smith%20Apples%201kg
Southern Blue Whiting Fillets 250g,$5.99,$23.96 per 1 kg,https://dm.apac.cms.aldi.cx/is/image/aldiprodapac/product/jpg/scaleWidth/232/52b370f9-8faa-4d60-9eb4-8cd21f975801/Southern%20Blue%20Whiting%20Fillets%20250g
Full Cream Milk 2L,$4.29,$2.15 per 1 L,https://dm.apac.cms.aldi.cx/is/image/aldiprodapac/product/jpg/scaleWidth/232/ccce3805-312c-4011-8926-c838cace6654/Full%20Cream%20Milk%202L
Mild Curried Sausages Recipe Base 35g,$1.49,$4.26 per 100 g,https://dm.apac.cms.aldi.cx/is/image/aldiprodapac/product/jpg/scaleWidth/232/38dd3ab2-e4cc-42a5-ad53-46bfe01f645a/Mild%20Curried%20Sausages%20Recipe%20Base%2035g
Organic Raw Sugar 1kg,$2.65,$0.27 per 100 g,https://dm.apac.cms.aldi.cx/is/image/aldiprodapac/product/jpg/scaleWidth/232/982c01e9-cf08-4d1f-982d-549acdc21e51/Organic%20Raw%20Sugar%201kg
Strawberry Jam 500g,$2.69,$0.54 per 100 g,https://dm.apac.cms.aldi.cx/is/image/aldiprodapac/product/jpg/scaleWidth/232/2b3f71e8-909f-41a2-8a60-be7269eacaac/Strawberry%20Jam%20500g
Pepperoni Salami 200g,$5.99,$29.95 per 1 kg,https://dm.apac.cms.aldi.cx/is/image/aldiprodapac/product/jpg/scaleWidth/232/f21fce15-e9a8-4e10-b9aa-910b7dac35c7/Pepperoni%20Salami%20200g
Favourites Kiwi Edition 470g,$11.99,$2.55 per 100 g,https://dm.apac.cms.aldi.cx/is/image/aldiprodapac/product/jpg/scaleWidth/232/86dc2bb8-c91d-4101-bbe3-306999c69e73/Favourites%20Kiwi%20Edition%20470g
Mustard 255g,$3.99,$1.56 per 100 g,https://dm.apac.cms.aldi.cx/is/image/aldiprodapac/product/jpg/scaleWidth/232/b3211f7d-fdce-4391-82ec-a9a19a767189/Mustard%20255g
Wholefood Balls Peanut Butter & Caramel 16 Pack 184g,$4.69,$2.55 per 100 g,https://dm.apac.cms.aldi.cx/is/image/aldiprodapac/product/jpg/scaleWidth/232/6a9372ab-8bfe-4cbb-88b9-d2a46791a5c3/Wholefood%20Balls%20Peanut%20Butter%20%20Caramel%2016%20Pack%20184g
Thai Red Duck Curry 400g,$11.99,$29.98 per 1 kg,https://dm.apac.cms.aldi.cx/is/image/aldiprodapac/product/jpg/scaleWidth/232/21205bdf-361d-4ed8-8544-db016b46f00e/Thai%20Red%20Duck%20Curry%20400g
Potato Sticks 125g,$2.49,$1.99 per 100 g,https://dm.apac.cms.aldi.cx/is/image/aldiprodapac/product/jpg/scaleWidth/232/b7875350-ea7c-444d-8270-df29a7dd39ae/Potato%20Sticks%20125g
Lightly Infused Pork Loin Steak,$7.29,$16.49 per 1 kg,https://dm.apac.cms.aldi.cx/is/image/aldiprodapac/product/jpg/scaleWidth/232/5b387dea-18d6-4eb8-89c4-12887e2c0e23/Lightly%20Infused%20Pork%20Loin%20Steak
Snow Peas 250g,$3.99,$15.96 per 1 kg,https://dm.apac.cms.aldi.cx/is/image/aldiprodapac/product/jpg/scaleWidth/232/05e6ef3e-d2d0-4d8b-84d3-37373f9b9012/Snow%20Peas%20250g
Denture Cleaning Tablets 36 Pack,$5.99,$0.17 per 1 each,https://dm.apac.cms.aldi.cx/is/image/aldiprodapac/product/jpg/scaleWidth/232/38ce0bea-5d4a-4c12-95f5-2b5f769cf83c/Denture%20Cleaning%20Tablets%2036%20Pack
Assorted Children's Licensed Quilt Cover Set Single Size,$34.99,,https://dm.apac.cms.aldi.cx/is/image/aldiprodapac/product/jpg/scaleWidth/232/8fd54984-ff4c-471c-a9b3-6efd97bb21ab/Assorted%20Childrens%20Licensed%20Quilt%20Cover%20Set%20Single%20Size
Chai Flavoured Latte Sachets 20 Pack 400g,$7.79,$0.39 per 1 each,https://dm.apac.cms.aldi.cx/is/image/aldiprodapac/product/jpg/scaleWidth/232/c46b0f63-8ae7-420b-b518-567ea8afc0e9/Chai%20Flavoured%20Latte%20Sachets%2020%20Pack%20400g
Milk Chocolate Sultanas 190g,$3.29,$1.73 per 100 g,https://dm.apac.cms.aldi.cx/is/image/aldiprodapac/product/jpg/scaleWidth/232/012b4407-835f-4bee-975b-f56569ac164e/Milk%20Chocolate%20Sultanas%20190g
Vanilla Latte Coffee Sachets 10 Pack 185g,$3.69,$0.37 per 1 each,https://dm.apac.cms.aldi.cx/is/image/aldiprodapac/product/jpg/scaleWidth/232/450e81ab-aa43-49b3-ad29-7184f1c880f3/Vanilla%20Latte%20Coffee%20Sachets%2010%20Pack%20185g
Pea & Ham Soup 430g,$2.99,$0.70 per 100 g,https://dm.apac.cms.aldi.cx/is/image/aldiprodapac/product/jpg/scaleWidth/232/68a353a0-311e-4e73-ab46-523862ad6c06/Pea%20%20Ham%20Soup%20430g
Baking Spices 255g-270g,$4.99,$0.18 per 10 g,https://dm.apac.cms.aldi.cx/is/image/aldiprodapac/product/jpg/scaleWidth/232/1bbe38fc-c38a-483b-842d-a5ef3e35ff5e/Baking%20Spices%20255g270g
Crinkle Cut Chips 1kg,$3.49,$3.49 per 1 kg,https://dm.apac.cms.aldi.cx/is/image/aldiprodapac/product/jpg/scaleWidth/232/16934765-8413-4cd0-a880-d8b75ac25372/Crinkle%20Cut%20Chips%201kg
Colombia Coffee Beans 1kg,$26.99,$2.70 per 100 g,https://dm.apac.cms.aldi.cx/is/image/aldiprodapac/product/jpg/scaleWidth/232/46624d05-1f5f-4711-a3fb-e3c69f1dae15/Colombia%20Coffee%20Beans%201kg
Greek Style Yogurt Natural Pot Set 2kg,$10.99,$0.55 per 100 g,https://dm.apac.cms.aldi.cx/is/image/aldiprodapac/product/jpg/scaleWidth/232/4e1e7994-0cba-4410-b502-c4fc87be0b03/Greek%20Style%20Yogurt%20Natural%20Pot%20Set%202kg
Greek Style No Added Sugar Tropical Yogurt Pouch 110g,$1.19,$1.08 per 100 g,https://dm.apac.cms.aldi.cx/is/image/aldiprodapac/product/jpg/scaleWidth/232/aa2d5182-6aa0-44a3-bac6-059b66913e2a/Greek%20Style%20No%20Added%20Sugar%20Tropical%20Yogurt%20Pouch%20110g
Hawaiian Style Pizza Slices 600g,$5.99,$1.00 per 100 g,https://dm.apac.cms.aldi.cx/is/image/aldiprodapac/product/jpg/scaleWidth/232/1034c7db-4637-45ed-9057-38bae802b983/Hawaiian%20Style%20Pizza%20Slices%20600g
Mango Daiquiri Ready to Serve Cocktail 2L,$24.99,,https://dm.apac.cms.aldi.cx/is/image/aldiprodapac/product/jpg/scaleWidth/232/68c53038-abfc-4ddc-98dd-7c40fe4aa0f2/Mango%20Daiquiri%20Ready%20to%20Serve%20Cocktail%202L
Smoke Flavour Tuna in Oil 95g,$1.09,$11.47 per 1 kg,https://dm.apac.cms.aldi.cx/is/image/aldiprodapac/product/jpg/scaleWidth/232/86966d5c-b7f3-452f-96f2-31f5f032100c/Smoke%20Flavour%20Tuna%20in%20Oil%2095g
Gluten Free Chocolate Cake Mix with Icing 470g,$3.99,$0.85 per 100 g,https://dm.apac.cms.aldi.cx/is/image/aldiprodapac/product/jpg/scaleWidth/232/7ed94b10-6964-45ea-9640-912770c591c5/Gluten%20Free%20Chocolate%20Cake%20Mix%20with%20Icing%20470g
Barbie Snack Cake 10 Pack 250g,$4.99,$2.00 per 100 g,https://dm.apac.cms.aldi.cx/is/image/aldiprodapac/product/jpg/scaleWidth/232/55645774-373f-493f-aabd-6b8b780d2f57/Barbie%20Snack%20Cake%2010%20Pack%20250g
Chicken Breast Tempura Nuggets 1kg,$8.99,$8.99 per 1 kg,https://dm.apac.cms.aldi.cx/is/image/aldiprodapac/product/jpg/scaleWidth/232/5f954e43-ceed-4657-82c4-99ece7815e03/Chicken%20Breast%20Tempura%20Nuggets%201kg
Silver Scoop Cookies & Cream 2L,$5.49,$0.27 per 100 ml,https://dm.apac.cms.aldi.cx/is/image/aldiprodapac/product/jpg/scaleWidth/232/957bf6b6-883e-4851-9bad-8c810e4456f3/Silver%20Scoop%20Cookies%20%20Cream%202L
Greek Style Strained Yogurt Plain 900g,$5.69,$0.63 per 100 g,https://dm.apac.cms.aldi.cx/is/image/aldiprodapac/product/jpg/scaleWidth/232/c5ed9521-6244-4429-838b-0e3df7e5d07c/Greek%20Style%20Strained%20Yogurt%20Plain%20900g
Herb & Garlic Beef Sausages 500g,$4.69,$9.38 per 1 kg,https://dm.apac.cms.aldi.cx/is/image/aldiprodapac/product/jpg/scaleWidth/232/bc4a7301-7027-4bb5-9baf-4e29f57f84a5/Herb%20%20Garlic%20Beef%20Sausages%20500g
Organic Coffee Ground 250g,$8.49,$3.40 per 100 g,https://dm.apac.cms.aldi.cx/is/image/aldiprodapac/product/jpg/scaleWidth/232/e1b2fd87-5da4-45de-a967-2df5c76531a7/Organic%20Coffee%20Ground%20250g
Butter Chicken Indian Simmer Sauce with Spice Cap 360g,$3.49,$0.97 per 100 g,https://dm.apac.cms.aldi.cx/is/image/aldiprodapac/product/jpg/scaleWidth/232/bed730f0-962e-421b-b8e8-dd4a101bf0bc/Butter%20Chicken%20Indian%20Simmer%20Sauce%20with%20Spice%20Cap%20360g
Cheese Twisties 270g,$3.99,$1.48 per 100 g,https://dm.apac.cms.aldi.cx/is/image/aldiprodapac/product/jpg/scaleWidth/232/12f7545a-4448-488c-a5d3-3deb4f635b74/Cheese%20Twisties%20270g
Pineapple Chunks 432g,$1.89,$4.38 per 1 kg,https://dm.apac.cms.aldi.cx/is/image/aldiprodapac/product/jpg/scaleWidth/232/56706cba-a4c6-4456-9e08-c22b33dcd404/Pineapple%20Chunks%20432g
Gorgonzola Dolce Cheese 200g,$5.49,$27.45 per 1 kg,https://dm.apac.cms.aldi.cx/is/image/aldiprodapac/product/jpg/scaleWidth/232/0b533019-0516-45a4-b330-2227632cd528/Gorgonzola%20Dolce%20Cheese%20200g
Size 5 Nappies 13-18kg 44 Pack,$11.49,$0.26 per 1 each,https://dm.apac.cms.aldi.cx/is/image/aldiprodapac/product/jpg/scaleWidth/232/04b59b5c-99c4-45fb-bea6-f646a31c6044/Size%205%20Nappies%201318kg%2044%20Pack
Assorted Daily Care Toothpaste 100g,$8.79,$8.79 per 100 g,https://dm.apac.cms.aldi.cx/is/image/aldiprodapac/product/jpg/scaleWidth/232/621d813e-c2aa-4fe0-bfaa-79f1eb33e543/Assorted%20Daily%20Care%20Toothpaste%20100g
Microwave Rice Pouch Jasmine 250g,$1.65,$0.66 per 100 g,https://dm.apac.cms.aldi.cx/is/image/aldiprodapac/product/jpg/scaleWidth/232/224ed5ab-de97-4ad0-9cec-7ba3fffd0e35/Microwave%20Rice%20Pouch%20Jasmine%20250g
Free Range Egg Pasta Linguine 375g,$4.89,$1.30 per 100 g,https://dm.apac.cms.aldi.cx/is/image/aldiprodapac/product/jpg/scaleWidth/232/3867f687-e1bf-4be0-9228-1497ca6fa73a/Free%20Range%20Egg%20Pasta%20Linguine%20375g
Chocolate Mint Cremes Biscuits 200g,$2.79,$1.40 per 100 g,https://dm.apac.cms.aldi.cx/is/image/aldiprodapac/product/jpg/scaleWidth/232/95761e41-9f9e-410e-b0e9-84c523629bb0/Chocolate%20Mint%20Cremes%20Biscuits%20200g
Wholemeal Sandwich Sliced Bread 650g,$2.59,$0.40 per 100 g,https://dm.apac.cms.aldi.cx/is/image/aldiprodapac/product/jpg/scaleWidth/232/706c9685-3e4f-4516-a106-28c522328b91/Wholemeal%20Sandwich%20Sliced%20Bread%20650g
Fish Fingers 40 Pack 1kg,$8.49,$8.49 per 1 kg,https://dm.apac.cms.aldi.cx/is/image/aldiprodapac/product/jpg/scaleWidth/232/b0bf1447-adb3-4a9d-a0e6-3d09e54a02d1/Fish%20Fingers%2040%20Pack%201kg
Grana Padano Grated Cheese 150g,$4.49,$29.93 per 1 kg,https://dm.apac.cms.aldi.cx/is/image/aldiprodapac/product/jpg/scaleWidth/232/acbdf9b2-0fa2-4514-a537-463aa02a0e52/Grana%20Padano%20Grated%20Cheese%20150g
Chocolate Custard 6+ Months Baby Food 120g,$0.95,$0.79 per 100 g,https://dm.apac.cms.aldi.cx/is/image/aldiprodapac/product/jpg/scaleWidth/232/924c7f18-6653-4f3c-829b-e1e4e5a4de49/Chocolate%20Custard%206%20Months%20Baby%20Food%20120g
Lamb Shanks in Tomato & Red Wine Sauce 2 Pack 1kg,$15.99,$15.99 per 1 kg,https://dm.apac.cms.aldi.cx/is/image/aldiprodapac/product/jpg/scaleWidth/232/d3d1ced6-5111-4a59-ad5f-9f248ff332db/Lamb%20Shanks%20in%20Tomato%20%20Red%20Wine%20Sauce%202%20Pack%201kg
Yellowfin Tuna & Brown Rice Quinoa Ready Meal 190g,$3.29,$17.32 per 1 kg,https://dm.apac.cms.aldi.cx/is/image/aldiprodapac/product/jpg/scaleWidth/232/485b2847-06dd-4c32-82d6-eae5c66f7cc3/Yellowfin%20Tuna%20%20Brown%20Rice%20Quinoa%20Ready%20Meal%20190g
Delightful Chocolate Mint Thins 200g,$5.49,$2.75 per 100 g,https://dm.apac.cms.aldi.cx/is/image/aldiprodapac/product/jpg/scaleWidth/232/3e77b9d1-9c42-4990-b96b-894c6d448f37/Delightful%20Chocolate%20Mint%20Thins%20200g
Assorted Reed Diffusers 75ml,$4.99,$0.67 per 10 ml,https://dm.apac.cms.aldi.cx/is/image/aldiprodapac/product/jpg/scaleWidth/232/19249722-83bc-4dcb-b801-b10274b41a66/Assorted%20Reed%20Diffusers%2075ml
Lemon & Pepper Chicken with Pea Mash 330g,$6.99,$2.12 per 100 g,https://dm.apac.cms.aldi.cx/is/image/aldiprodapac/product/jpg/scaleWidth/232/c02dc2f3-2b27-4e0f-9305-750bfd6271ca/Lemon%20%20Pepper%20Chicken%20with%20Pea%20Mash%20330g
Taco Seasoning 40g,$1.39,$3.48 per 100 g,https://dm.apac.cms.aldi.cx/is/image/aldiprodapac/product/jpg/scaleWidth/232/28657052-5fa5-4435-9c12-308d759ac9c7/Taco%20Seasoning%2040g
Pink Gin 700mL,$38.99,,https://dm.apac.cms.aldi.cx/is/image/aldiprodapac/product/jpg/scaleWidth/232/645ee4e0-93f7-4a43-994e-63a707eaa1ce/Pink%20Gin%20700mL
Honey Roasted Cashews 750g,$15.99,$21.32 per 1 kg,https://dm.apac.cms.aldi.cx/is/image/aldiprodapac/product/jpg/scaleWidth/232/852b1856-c6fb-44d6-a407-59693b9f2a4a/Honey%20Roasted%20Cashews%20750g
Nesquik Banana Flavoured Milk Drink 250g,$3.99,$1.60 per 100 g,https://dm.apac.cms.aldi.cx/is/image/aldiprodapac/product/jpg/scaleWidth/232/fc5f0d34-2faf-49ab-98c7-2baf69bc9e8a/Nesquik%20Banana%20Flavoured%20Milk%20Drink%20250g
Cola 1.25L,$1.09,$0.87 per 1 L,https://dm.apac.cms.aldi.cx/is/image/aldiprodapac/product/jpg/scaleWidth/232/dc45215c-accc-4aa2-8851-23ddf45b0413/Cola%201.25L
Stir Fry Vegetables 850g,$3.99,$4.69 per 1 kg,https://dm.apac.cms.aldi.cx/is/image/aldiprodapac/product/jpg/scaleWidth/232/beb74d54-b612-426f-a883-01279c24344d/Stir%20Fry%20Vegetables%20850g
Sweet & Salty Duo 218g,$7.99,,https://dm.apac.cms.aldi.cx/is/image/aldiprodapac/product/jpg/scaleWidth/232/eb50e49d-b52e-436f-97c7-8dee7f993c8f/Sweet%20%20Salty%20Duo%20218g
Classic Instant Coffee 100g,$4.99,$4.99 per 100 g,https://dm.apac.cms.aldi.cx/is/image/aldiprodapac/product/jpg/scaleWidth/232/fdabbde9-2b6b-4fbb-bf4d-8e87e1bb8b4f/Classic%20Instant%20Coffee%20100g
KitKat Cookie Crush Sharepack 630g,$18.99,$3.01 per 100 g,https://dm.apac.cms.aldi.cx/is/image/aldiprodapac/product/jpg/scaleWidth/232/3f287b9a-23a4-4c62-a624-ccdc7ca330ba/KitKat%20Cookie%20Crush%20Sharepack%20630g
Fresh Tasmanian Salmon Fillets Skin Off 4 Pack 460g,$17.99,$39.11 per 1 kg,https://dm.apac.cms.aldi.cx/is/image/aldiprodapac/product/jpg/scaleWidth/232/c6b4f835-d969-4606-941e-a9c708ac9c1c/Fresh%20Tasmanian%20Salmon%20Fillets%20Skin%20Off%204%20Pack%20460g
Natural Australian Still Spring Water 1.5L,$0.75,$0.50 per 1 L,https://dm.apac.cms.aldi.cx/is/image/aldiprodapac/product/jpg/scaleWidth/232/2f777851-0597-49a0-b34b-52bfaa6f339a/Natural%20Australian%20Still%20Spring%20Water%201.5L
Banana Chips 300g,$3.69,$12.30 per 1 kg,https://dm.apac.cms.aldi.cx/is/image/aldiprodapac/product/jpg/scaleWidth/232/8ac5cb89-9b26-43af-8ec9-d5de9a565f98/Banana%20Chips%20300g
Chicken Nuggets 400g,$2.59,$6.48 per 1 kg,https://dm.apac.cms.aldi.cx/is/image/aldiprodapac/product/jpg/scaleWidth/232/25ed7b68-e658-4303-840a-4d4cd4220a79/Chicken%20Nuggets%20400g
Honey Soy Chicken Flavoured Deli Style Potato Chips 175g,$2.99,$1.71 per 100 g,https://dm.apac.cms.aldi.cx/is/image/aldiprodapac/product/jpg/scaleWidth/232/b1ef9bcf-37f4-4f4c-84c9-6d2ffafa30af/Honey%20Soy%20Chicken%20%20Flavoured%20Deli%20Style%20Potato%20Chips%20175g
Cashew Simmer Sauce 450g,$3.99,$0.89 per 100 g,https://dm.apac.cms.aldi.cx/is/image/aldiprodapac/product/jpg/scaleWidth/232/679bb4be-33bb-4313-a2b5-8f49f850da9e/Cashew%20Simmer%20Sauce%20450g
Christmas Sprinkle Jar 130g - 132g,$3.99,$3.07 per 100 g,https://dm.apac.cms.aldi.cx/is/image/aldiprodapac/product/jpg/scaleWidth/232/7c8e106a-e341-4085-bc26-68ff3ac77605/Christmas%20Sprinkle%20Jar%20130g%20%20132g
"Beef, Tomato & Mozzarella Meatballs 400g",$7.99,$19.98 per 1 kg,https://dm.apac.cms.aldi.cx/is/image/aldiprodapac/product/jpg/scaleWidth/232/bdd0e950-da07-4896-a52a-1339acc509a0/Beef%20Tomato%20%20Mozzarella%20Meatballs%20400g
Sweet and Sour Twin Snakes 280g,$3.69,$1.32 per 100 g,https://dm.apac.cms.aldi.cx/is/image/aldiprodapac/product/jpg/scaleWidth/232/1ad47aac-6c66-4c34-b8c0-9b64d4c9d535/Sweet%20and%20Sour%20Twin%20Snakes%20280g
Frozen Banana 500g,$2.99,$5.98 per 1 kg,https://dm.apac.cms.aldi.cx/is/image/aldiprodapac/product/jpg/scaleWidth/232/7bebba98-756a-4fef-9beb-104601030f2e/Frozen%20Banana%20500g
Dark Rye Sourdough 630g,$5.99,$0.95 per 100 g,https://dm.apac.cms.aldi.cx/is/image/aldiprodapac/product/jpg/scaleWidth/232/5891bc18-f913-4b3e-9497-a3c53886aca9/Dark%20Rye%0ASourdough%20630g
Vanilla Protein Yogurt Tub 700g,$6.49,$0.93 per 100 g,https://dm.apac.cms.aldi.cx/is/image/aldiprodapac/product/jpg/scaleWidth/232/763655ae-07e8-41cf-a77e-30d55c218898/Vanilla%20Protein%20Yogurt%20Tub%20700g
Organic Extra Virgin Olive Oil 500ml,$8.99,$1.80 per 100 ml,https://dm.apac.cms.aldi.cx/is/image/aldiprodapac/product/jpg/scaleWidth/232/ce18a1c2-0a82-4534-88d3-a83ebab3db92/Organic%20Extra%20Virgin%20Olive%20Oil%20500ml
Assorted Concentrate Dishwashing Liquid 450ml,$1.79,$0.40 per 100 ml,https://dm.apac.cms.aldi.cx/is/image/aldiprodapac/product/jpg/scaleWidth/232/035f79be-12a3-4555-a8f6-66f663c0557a/Assorted%20Concentrate%20Dishwashing%20Liquid%20450ml
Collapsible Accessories,$19.99,,https://dm.apac.cms.aldi.cx/is/image/aldiprodapac/product/jpg/scaleWidth/232/6c4118df-8e26-4a0e-a1d2-c2aecc31a012/Collapsible%20Accessories
Pasta Salad 250g,$2.99,$11.96 per 1 kg,https://dm.apac.cms.aldi.cx/is/image/aldiprodapac/product/jpg/scaleWidth/232/5c6c6c73-a5a5-4b4b-8e7e-e48568828557/Pasta%20Salad%20250g
Strawberry Greek Style Yogurt 4 x 115g,$3.79,$0.82 per 100 g,https://dm.apac.cms.aldi.cx/is/image/aldiprodapac/product/jpg/scaleWidth/232/e3b18a87-987e-467a-b5d2-7cfc22ae563d/Strawberry%20Greek%20Style%20Yogurt%204%20x%20115g
Strawberry Yogurt 175g,$3.29,$1.88 per 100 g,https://dm.apac.cms.aldi.cx/is/image/aldiprodapac/product/jpg/scaleWidth/232/f13dda51-015e-4d40-84c2-cf1afc7e382e/Strawberry%20Yogurt%20175g
American Whisky 700ml,$39.99,,https://dm.apac.cms.aldi.cx/is/image/aldiprodapac/product/jpg/scaleWidth/232/86e27efa-0f65-434b-b453-a61215388827/American%20Whisky%20700ml
Assorted Cat Food 400g,$1.39,$0.35 per 100 g,https://dm.apac.cms.aldi.cx/is/image/aldiprodapac/product/jpg/scaleWidth/232/a73c550a-d972-4fb7-98ae-1645fb30ded4/Assorted%20Cat%20Food%20400g
Creme Caramel 2 Pack 150g,$3.29,$1.10 per 100 g,https://dm.apac.cms.aldi.cx/is/image/aldiprodapac/product/jpg/scaleWidth/232/9295bced-c8ac-41ab-8061-6d1b726adfc4/Creme%20Caramel%202%20Pack%20150g
Jalapeno Chillies 80g,$2.99,$0.37 per 10 g,https://dm.apac.cms.aldi.cx/is/image/aldiprodapac/product/jpg/scaleWidth/232/1c2a443c-b924-44e6-97ed-263402043be7/Jalapeno%20Chillies%2080g
Baby Water Wipes 6x80 Pack,$12.99,$2.71 per 100 each,https://dm.apac.cms.aldi.cx/is/image/aldiprodapac/product/jpg/scaleWidth/232/17271982-7d8b-4308-adc0-7d1e2a8710de/Baby%20Water%20Wipes%206x80%20Pack
Light Milk 3L,$4.65,$1.55 per 1 L,https://dm.apac.cms.aldi.cx/is/image/aldiprodapac/product/jpg/scaleWidth/232/d7ff50e4-77ea-44cb-80d8-46b52548f2b3/Light%20Milk%203L
Organic Italian Passata 700g,$2.49,$0.36 per 100 g,https://dm.apac.cms.aldi.cx/is/image/aldiprodapac/product/jpg/scaleWidth/232/ab2499b0-6e56-4828-af7b-c4550f97f11a/Organic%20Italian%20Passata%20700g
Potato Sticks 125g,$2.49,$1.99 per 100 g,https://dm.apac.cms.aldi.cx/is/image/aldiprodapac/product/jpg/scaleWidth/232/d70101e5-ddf8-4b43-a406-836a414ba8b7/Potato%20Sticks%20125g
8YO Blended Scotch Whisky 700ml,$44.99,,https://dm.apac.cms.aldi.cx/is/image/aldiprodapac/product/jpg/scaleWidth/232/425b1de6-aae9-4b2d-9dcd-6bd754ef0fe3/8YO%20Blended%20Scotch%20Whisky%20700ml
Fruit Rolls 6 Pack 94g,$3.99,$4.24 per 100 g,https://dm.apac.cms.aldi.cx/is/image/aldiprodapac/product/jpg/scaleWidth/232/c4a7edb3-641e-4f71-aa04-c18aaa5e1c52/Fruit%20Rolls%206%20Pack%2094g
French L'Ovale Cheese 300g,$5.99,$19.97 per 1 kg,https://dm.apac.cms.aldi.cx/is/image/aldiprodapac/product/jpg/scaleWidth/232/6838b3ea-5347-424c-a7a0-6305de5e0045/French%20LOvale%20Cheese%20300g
Corn Kernels 4 x 125g,$2.65,$5.30 per 1 kg,https://dm.apac.cms.aldi.cx/is/image/aldiprodapac/product/jpg/scaleWidth/232/1e0b279f-3157-489d-b3f8-5c52082a8c6f/Corn%20Kernels%204%20x%20125g
Ros√© 750ml,$4.59,,https://dm.apac.cms.aldi.cx/is/image/aldiprodapac/product/jpg/scaleWidth/232/47bfc8f6-1fcd-455f-a7ec-37fe43a55f5b/Ros%20750ml
Turkish Pide 400g,$2.39,$0.60 per 100 g,https://dm.apac.cms.aldi.cx/is/image/aldiprodapac/product/jpg/scaleWidth/232/c536af9e-1b53-4fc0-9b0a-742c087be698/Turkish%20Pide%20400g
Worcestershire sauce 250 ml,$1.89,$0.76 per 100 ml,https://dm.apac.cms.aldi.cx/is/image/aldiprodapac/product/jpg/scaleWidth/232/47ae220d-07a0-4c21-8b63-fa991e3da6b9/Worcestershire%20sauce%20250%20ml
Wagyu Beef Burgers 400g,$8.99,$22.48 per 1 kg,https://dm.apac.cms.aldi.cx/is/image/aldiprodapac/product/jpg/scaleWidth/232/e67e8149-afae-4343-a402-ffc52892d89b/Wagyu%20Beef%20Burgers%20400g
Tangold Mandarin 750g,$2.99,$3.99 per 1 kg,https://dm.apac.cms.aldi.cx/is/image/aldiprodapac/product/jpg/scaleWidth/232/65eb7725-855e-49e5-bca9-8898c56982d2/Tangold%20Mandarin%20750g
Apple Mini Churros 180g,$4.99,$2.77 per 100 g,https://dm.apac.cms.aldi.cx/is/image/aldiprodapac/product/jpg/scaleWidth/232/0b280ed1-3fba-4a91-b3b8-20dc484b935f/Apple%20Mini%20Churros%20180g
Sorbent Toilet Paper 3 Ply 32 Pack,$16.79,$0.29 per 100 sheets,https://dm.apac.cms.aldi.cx/is/image/aldiprodapac/product/jpg/scaleWidth/232/1a2eb37a-acb7-4f8c-88d9-fb5d05362d1a/Sorbent%20Toilet%20Paper%203%20Ply%2032%20Pack
Soup Dumplings 500g,$9.99,$2.00 per 100 g,https://dm.apac.cms.aldi.cx/is/image/aldiprodapac/product/jpg/scaleWidth/232/0fcf9f1b-335f-462a-902c-3880de536841/Soup%20Dumplings%20500g
Organic Apple Flavoured Mini Rice Cakes 40g,$1.99,$4.98 per 100 g,https://dm.apac.cms.aldi.cx/is/image/aldiprodapac/product/jpg/scaleWidth/232/056cc574-0f56-48bd-9c25-5b506d4e55b5/Organic%20Apple%20Flavoured%20Mini%20Rice%20Cakes%2040g
Lactose Free Full Cream Milk 2L,$4.99,$2.50 per 1 L,https://dm.apac.cms.aldi.cx/is/image/aldiprodapac/product/jpg/scaleWidth/232/3a2081d7-7850-4703-9ba8-222e0eeb877a/Lactose%20Free%20Full%20Cream%20Milk%202L
Creamy Tomato And Mozzarella Pasta Bake 500g,$2.99,$0.60 per 100 g,https://dm.apac.cms.aldi.cx/is/image/aldiprodapac/product/jpg/scaleWidth/232/1ac7317f-6c47-461c-988e-38990148b48f/Creamy%20Tomato%20And%20Mozzarella%20Pasta%20Bake%20500g
Lamb Loin Chops,$18.59,$29.99 per 1 kg,https://dm.apac.cms.aldi.cx/is/image/aldiprodapac/product/jpg/scaleWidth/232/81a14c28-b80c-4576-b9f5-a9df5b921d5c/Lamb%20Loin%20Chops
Yarra Valley Pinot Noir 750ml,$13.99,,https://dm.apac.cms.aldi.cx/is/image/aldiprodapac/product/jpg/scaleWidth/232/663ddced-cbea-49d3-960c-23e0d706de72/Yarra%20Valley%20Pinot%20Noir%20750ml
Pasta Spaghetti 500g,$0.89,$0.18 per 100 g,https://dm.apac.cms.aldi.cx/is/image/aldiprodapac/product/jpg/scaleWidth/232/0772d239-3bc1-4beb-9f81-d72db9c6ba3e/Pasta%20Spaghetti%20500g
BBQ Infused Entertainers Mix 700g,$9.99,$14.27 per 1 kg,https://dm.apac.cms.aldi.cx/is/image/aldiprodapac/product/jpg/scaleWidth/232/3c343b61-5196-4e74-b310-9d58149a7c0b/BBQ%20Infused%20Entertainers%20Mix%20700g
Unsalted Butter 500g,$6.99,$1.40 per 100 g,https://dm.apac.cms.aldi.cx/is/image/aldiprodapac/product/jpg/scaleWidth/232/f2835ea2-a1e1-4b8e-aac6-00aa4c515971/Unsalted%20Butter%20500g
Finest Dark Orange & Almond Chocolate Bars 5 Pack 125g,$4.99,$3.99 per 100 g,https://dm.apac.cms.aldi.cx/is/image/aldiprodapac/product/jpg/scaleWidth/232/740cca7b-b67e-407c-8272-bbe421a2a079/Finest%20Dark%20Orange%20%20Almond%20Chocolate%20Bars%205%20Pack%20125g
Premium Kangaroo Chunks for Cats 5 Single Serves 450g,$5.49,$1.22 per 100 g,https://dm.apac.cms.aldi.cx/is/image/aldiprodapac/product/jpg/scaleWidth/232/582dcffa-6c38-4ea7-b924-f320c49e6db1/Premium%20Kangaroo%20Chunks%20for%20Cats%205%20Single%20Serves%20450g
Caramel Flavoured Syrup 250ml,$3.39,$1.36 per 100 ml,https://dm.apac.cms.aldi.cx/is/image/aldiprodapac/product/jpg/scaleWidth/232/90f6277b-ad6f-4d4e-838d-6b7d62acd4b9/Caramel%20Flavoured%20Syrup%20250ml
Huober Big Pretzels 10 Pack 200g,$5.99,$3.00 per 100 g,https://dm.apac.cms.aldi.cx/is/image/aldiprodapac/product/jpg/scaleWidth/232/890a2fa4-a905-4910-b1ea-428d47edd344/Huober%20Big%20Pretzels%2010%20Pack%20200g
Light and Fresh Sauvignon Blanc 750mL,$9.99,,https://dm.apac.cms.aldi.cx/is/image/aldiprodapac/product/jpg/scaleWidth/232/d268aca3-868f-4446-b08d-75d0b3fce718/Light%20and%20Fresh%20Sauvignon%20Blanc%20750mL
Lava Cakes 2 Pack 180g,$5.99,$3.33 per 100 g,https://dm.apac.cms.aldi.cx/is/image/aldiprodapac/product/jpg/scaleWidth/232/3e5af858-90f1-42b9-b11b-97591514d4b5/Lava%20Cakes%202%20Pack%20180g
"Chicken, Cheese & Bacon Sausage Rolls 600g",$8.99,$1.50 per 100 g,https://dm.apac.cms.aldi.cx/is/image/aldiprodapac/product/jpg/scaleWidth/232/80194dce-a86d-4502-bef8-bd91cdbe5815/Chicken%20Cheese%20%20Bacon%20Sausage%20Rolls%20600g
Herring Fillets in Tomato Sauce 200g,$2.29,$11.45 per 1 kg,https://dm.apac.cms.aldi.cx/is/image/aldiprodapac/product/jpg/scaleWidth/232/35b8fea5-70f2-4d1e-80f7-b758733da7ec/Herring%20Fillets%20in%20Tomato%20Sauce%20200g
White Pickled Onions 525g,$2.99,$5.70 per 1 kg,https://dm.apac.cms.aldi.cx/is/image/aldiprodapac/product/jpg/scaleWidth/232/9f2bed33-6521-4241-9cc9-421a665179cd/White%20Pickled%20Onions%20525g
Dark Chocolate Block 180g,$3.49,$1.94 per 100 g,https://dm.apac.cms.aldi.cx/is/image/aldiprodapac/product/jpg/scaleWidth/232/b75c43db-043a-4097-a5b8-9fc9061ee6bc/Dark%20Chocolate%20Block%20180g
Assorted Paint Brush Sets,$4.49,,https://dm.apac.cms.aldi.cx/is/image/aldiprodapac/product/jpg/scaleWidth/232/7b113211-8565-4233-a47b-90f7ea2af87b/Assorted%20Paint%20Brush%20Sets
Cholesterol Lowering Light 500g,$4.09,$0.82 per 100 g,https://dm.apac.cms.aldi.cx/is/image/aldiprodapac/product/jpg/scaleWidth/232/baa6185a-f95c-4382-bc11-1952115e4e1e/Cholesterol%20Lowering%20Light%20500g
Assorted Naturals Anti-Aging Skincare,$9.99,$33.30 per 100 ml,https://dm.apac.cms.aldi.cx/is/image/aldiprodapac/product/jpg/scaleWidth/232/09c25305-a67b-413f-bbef-56c618164938/Assorted%20Naturals%20AntiAging%20Skincare
Crushed Macadamias 120g,$4.49,,https://dm.apac.cms.aldi.cx/is/image/aldiprodapac/product/jpg/scaleWidth/232/57076c89-9030-4047-92ca-4ef890e739a6/Crushed%20Macadamias%20120g
Chocolate Coconut Protein Bar 51g,$2.49,$4.88 per 100 g,https://dm.apac.cms.aldi.cx/is/image/aldiprodapac/product/jpg/scaleWidth/232/3bced5e0-1ccd-455a-832e-8a8ab63ee95f/Chocolate%20Coconut%20Protein%20Bar%2051g
Facial Scrub 150ml,$5.49,$3.66 per 100 ml,https://dm.apac.cms.aldi.cx/is/image/aldiprodapac/product/jpg/scaleWidth/232/30101f13-9cdd-4ac3-9beb-26e0814bed7a/Facial%20Scrub%20150ml
Snakos Chicken Biscuits 200g,$1.79,$0.90 per 100 g,https://dm.apac.cms.aldi.cx/is/image/aldiprodapac/product/jpg/scaleWidth/232/f031a8cf-a162-4b04-a3df-23b3e9736656/Snakos%20Chicken%20Biscuits%20200g
Wholemeal Pasta Spirals 500g,$1.29,$0.26 per 100 g,https://dm.apac.cms.aldi.cx/is/image/aldiprodapac/product/jpg/scaleWidth/232/b3e211b5-3d36-41a9-9a98-8910f7757b49/Wholemeal%20Pasta%20Spirals%20500g
Apple Pies 4 Pack 500g,$3.49,$0.70 per 100 g,https://dm.apac.cms.aldi.cx/is/image/aldiprodapac/product/jpg/scaleWidth/232/3ace5696-4002-4133-b7c8-68fc72bcc719/Apple%20Pies%204%20Pack%20500g
V Energy Drink 250ml,$2.59,$10.36 per 1 L,https://dm.apac.cms.aldi.cx/is/image/aldiprodapac/product/jpg/scaleWidth/232/a793cd08-f15a-4e92-9aa1-41908e26e2dc/V%20Energy%20Drink%20250ml
Pot Set Greek Style Yogurt 170g,$1.99,$1.17 per 100 g,https://dm.apac.cms.aldi.cx/is/image/aldiprodapac/product/jpg/scaleWidth/232/ba220883-88b4-4d70-8546-168614999311/Pot%20Set%20Greek%20Style%20Yogurt%20170g
Parmesan & Proscuitto Flavoured Deli Style Potato Chips 175e,$3.49,$1.99 per 100 g,https://dm.apac.cms.aldi.cx/is/image/aldiprodapac/product/jpg/scaleWidth/232/6f6fb851-9375-436d-939b-6e5399908e18/Parmesan%20%20Proscuitto%20Flavoured%20Deli%20Style%20Potato%20Chips%20175e
Baby Wipes Scented 80 Pack,$1.89,$2.36 per 100 each,https://dm.apac.cms.aldi.cx/is/image/aldiprodapac/product/jpg/scaleWidth/232/a416aae1-9b1d-4777-8824-e94f794c29ea/Baby%20Wipes%20Scented%2080%20Pack
Special Treats 180g,$4.99,$2.77 per 100 g,https://dm.apac.cms.aldi.cx/is/image/aldiprodapac/product/jpg/scaleWidth/232/724b0dba-c0c1-469f-a697-2d93b11f9e44/Special%20Treats%20180g
Munich Lager 4x500ml,$14.99,,https://dm.apac.cms.aldi.cx/is/image/aldiprodapac/product/jpg/scaleWidth/232/b3fc3c2d-9e9d-432a-aa71-b6e451fc1136/Munich%20Lager%204x500ml
Assorted Meal Replacement Bars 55g,$2.49,$4.53 per 100 g,https://dm.apac.cms.aldi.cx/is/image/aldiprodapac/product/jpg/scaleWidth/232/eaaf13f4-c2d5-4a37-b370-9f765605a04e/Assorted%20Meal%20Replacement%20Bars%2055g
12W Linkable LED Utility Light,$19.99,,https://dm.apac.cms.aldi.cx/is/content/aldiprodapac/1001860-2_COMING-SOON-GREYSCALE_RGB_OUTLINED_1200x1200
Orange Soft Drink 1.25L,$1.09,$0.87 per 1 L,https://dm.apac.cms.aldi.cx/is/image/aldiprodapac/product/jpg/scaleWidth/232/8da14607-1cd0-439e-a178-a9df93b18a1b/Orange%20Soft%20Drink%201.25L
Fruit Salad 220g,$3.49,$1.59 per 100 g,https://dm.apac.cms.aldi.cx/is/image/aldiprodapac/product/jpg/scaleWidth/232/8e2d5fd2-f9f6-4f25-8d8f-8ccbfb3782fb/Fruit%20Salad%20220g
150 Lashes Pale Ale 12x330ml,$28.99,,https://dm.apac.cms.aldi.cx/is/image/aldiprodapac/product/jpg/scaleWidth/232/1547462f-2b4c-4c0c-bea7-eef31365d200/150%20Lashes%20Pale%20Ale%2012x330ml
White Wine Vinegar 500ml,$2.49,$0.50 per 100 ml,https://dm.apac.cms.aldi.cx/is/image/aldiprodapac/product/jpg/scaleWidth/232/d49d204c-54d2-481a-acf9-85734e0854ed/White%20Wine%20Vinegar%20500ml
Fruitism Mixed Berry Smoothie 1L,$4.49,$4.49 per 1 L,https://dm.apac.cms.aldi.cx/is/image/aldiprodapac/product/jpg/scaleWidth/232/97be771f-8753-431d-9560-b94be500251e/Fruitism%20Mixed%20Berry%20Smoothie%201L
Pumpkin Soup 505g,$1.99,$0.39 per 100 g,https://dm.apac.cms.aldi.cx/is/image/aldiprodapac/product/jpg/scaleWidth/232/96153ec4-c110-4b58-9f08-7a13c96a2a1a/Pumpkin%20Soup%20505g
Mix 300g,$5.99,$1.20 per 100 g,https://dm.apac.cms.aldi.cx/is/image/aldiprodapac/product/jpg/scaleWidth/232/7fe240bb-7abf-4b6e-9bd9-3e841898582f/Mix%20300g
Original Liquorice 275g,$2.99,$1.09 per 100 g,https://dm.apac.cms.aldi.cx/is/image/aldiprodapac/product/jpg/scaleWidth/232/5e5901cb-c2f0-4ad4-9e90-814bdf326ba1/Original%20Liquorice%20275g
Zig Zag Toothbrushes 6 Pack,$5.99,$1.00 per 1 each,https://dm.apac.cms.aldi.cx/is/image/aldiprodapac/product/jpg/scaleWidth/232/b061a4b2-fc35-4d69-95e5-2e82eecd7548/Zig%20Zag%20Toothbrushes%206%20Pack
Triple Strength Fish Oil Mini Caps 60 Pack,$16.49,$0.27 per 1 each,https://dm.apac.cms.aldi.cx/is/image/aldiprodapac/product/jpg/scaleWidth/232/23cf6962-5a57-4472-879f-b7e59e2e4943/Triple%20Strength%20Fish%20Oil%20Mini%20Caps%2060%20Pack
Dog Food Roll with Chicken 3kg,$6.19,$0.21 per 100 g,https://dm.apac.cms.aldi.cx/is/image/aldiprodapac/product/jpg/scaleWidth/232/a2578cf4-3bec-4f4d-8624-3cfc4bee87d1/Dog%20Food%20Roll%20with%20Chicken%203kg
Tuna Chunks in Oil 425g,$3.29,$7.74 per 1 kg,https://dm.apac.cms.aldi.cx/is/image/aldiprodapac/product/jpg/scaleWidth/232/ea13de22-8d94-4278-a2bc-830b22eb0c32/Tuna%20Chunks%20in%20Oil%20425g
Chocolate Cupcake Mix 450g,$3.59,$0.80 per 100 g,https://dm.apac.cms.aldi.cx/is/image/aldiprodapac/product/jpg/scaleWidth/232/098149f1-dc3c-4d73-bb1d-381790ce7d93/Chocolate%20Cupcake%20Mix%20450g
Assorted Anti-Wrinkle Face Creams 55+ 50ml,$8.99,$17.98 per 100 ml,https://dm.apac.cms.aldi.cx/is/image/aldiprodapac/product/jpg/scaleWidth/232/0d8fc9d9-166c-4dc1-b47d-1cc9f13f9588/Assorted%20AntiWrinkle%20Face%20Creams%2055%2050ml
Soup in a Cup Chicken Flavoured with Noodles 2 Pack 60g,$0.95,$1.58 per 100 g,https://dm.apac.cms.aldi.cx/is/image/aldiprodapac/product/jpg/scaleWidth/232/2a21494c-a967-49c4-81a7-f387791be09e/Soup%20in%20a%20Cup%20Chicken%20Flavoured%20with%20Noodles%202%20Pack%2060g
Caesar Salad Dressing 330ml,$1.79,$0.54 per 100 ml,https://dm.apac.cms.aldi.cx/is/image/aldiprodapac/product/jpg/scaleWidth/232/57ba29b9-54e2-46ad-81ee-73ba9e73acd2/Caesar%20Salad%20Dressing%20330ml
Blended Scotch Whisky 700ml,$39.99,,https://dm.apac.cms.aldi.cx/is/image/aldiprodapac/product/jpg/scaleWidth/232/0c076ed4-dc3e-48a8-a78d-dec7652d0a7f/Blended%20Scotch%20Whisky%20700ml
Assorted Air Freshener 237g,$2.79,$1.18 per 100 g,https://dm.apac.cms.aldi.cx/is/image/aldiprodapac/product/jpg/scaleWidth/232/a751cf7d-75d5-436f-9275-aecabdc765d9/Assorted%20Air%20Freshener%20237g
Natural Almonds 250g,$4.79,$19.16 per 1 kg,https://dm.apac.cms.aldi.cx/is/image/aldiprodapac/product/jpg/scaleWidth/232/f34bade0-22f8-46fc-a814-bc66f20df45c/Natural%20Almonds%20250g
Semillon Sauvignon Blanc 750ml,$5.99,,https://dm.apac.cms.aldi.cx/is/image/aldiprodapac/product/jpg/scaleWidth/232/b6debaac-c894-4cd6-b93e-2abc3d64fee5/Semillon%20Sauvignon%20Blanc%20750ml
High Performance Crawling Insect Spray 350g,$3.29,$0.94 per 100 g,https://dm.apac.cms.aldi.cx/is/image/aldiprodapac/product/jpg/scaleWidth/232/73ebd1fe-b6a2-4029-a356-eebc2bcec1f4/High%20Performance%20Crawling%20Insect%20Spray%20350g
Liquorice Chocolate Coated Bullets 200g,$2.29,$1.15 per 100 g,https://dm.apac.cms.aldi.cx/is/image/aldiprodapac/product/jpg/scaleWidth/232/23542dfb-9071-419c-b882-6fb796ce3224/Liquorice%20Chocolate%20Coated%20Bullets%20200g
Goat's Cheese Barrel Spreadable 150g,$3.99,$26.60 per 1 kg,https://dm.apac.cms.aldi.cx/is/image/aldiprodapac/product/jpg/scaleWidth/232/cd8b0f9d-583a-4ff0-900e-d3c0f9a4f54d/Goats%20Cheese%20Barrel%20Spreadable%20150g
Smooth Ricotta 375g,$3.29,$8.77 per 1 kg,https://dm.apac.cms.aldi.cx/is/image/aldiprodapac/product/jpg/scaleWidth/232/1cef5a04-1b86-4513-b9c3-9325a9f7e846/Smooth%20Ricotta%20375g
Calibre 6 Blade Replacement Cartridges 4 Pack,$6.89,$1.72 per 1 each,https://dm.apac.cms.aldi.cx/is/image/aldiprodapac/product/jpg/scaleWidth/232/68776473-8aa8-4da2-a0f0-d52dc4f3a8a0/Calibre%206%20Blade%20Replacement%20Cartridges%204%20Pack
Fresh Tasmanian Salmon Fillets Skin Off 2 Pack 260g,$12.99,$49.96 per 1 kg,https://dm.apac.cms.aldi.cx/is/image/aldiprodapac/product/jpg/scaleWidth/232/6f878d47-27ce-43e6-a001-b56ab8c85338/Fresh%20Tasmanian%20Salmon%20Fillets%20Skin%20Off%202%20Pack%20260g
Charlie's Choc Chip Cookie Dough 450g,$6.49,$1.44 per 100 g,https://dm.apac.cms.aldi.cx/is/image/aldiprodapac/product/jpg/scaleWidth/232/cf26799b-d911-4502-8fe6-ebc9e5f10ffa/Charlies%20Choc%20Chip%20Cookie%20Dough%20450g
Lemon & Pepper Tuna 95g,$1.09,$11.47 per 1 kg,https://dm.apac.cms.aldi.cx/is/image/aldiprodapac/product/jpg/scaleWidth/232/c19151a4-038e-456b-b36f-568ef12678f8/Lemon%20%20Pepper%20Tuna%2095g
Organic Raw Honey 400g,$6.79,$1.70 per 100 g,https://dm.apac.cms.aldi.cx/is/image/aldiprodapac/product/jpg/scaleWidth/232/00ba07a7-2ed2-455b-85b9-3b959c04bc00/Organic%20Raw%20Honey%20400g
Bars Salted Caramel 6 Pack 180g,$4.49,$2.49 per 100 g,https://dm.apac.cms.aldi.cx/is/image/aldiprodapac/product/jpg/scaleWidth/232/fdd94a66-95bb-45e5-b033-730fe472aed8/Bars%20Salted%20Caramel%206%20Pack%20180g
Minestrone Soup 495g,$1.99,$0.40 per 100 g,https://dm.apac.cms.aldi.cx/is/image/aldiprodapac/product/jpg/scaleWidth/232/b66901f8-5055-441c-bea0-970a7e2fea81/Minestrone%20Soup%20495g
Fruits & Cream Gummies 35g,$1.79,$5.11 per 100 g,https://dm.apac.cms.aldi.cx/is/image/aldiprodapac/product/jpg/scaleWidth/232/8e67ac4c-c08c-4de8-9b79-b990154a95ce/Fruits%20%20Cream%20Gummies%2035g
Toilet Tissue 3 Ply 24 Pack,$9.49,$0.22 per 100 sheets,https://dm.apac.cms.aldi.cx/is/image/aldiprodapac/product/jpg/scaleWidth/232/4bf689a6-9c8f-45db-878d-063f3cd04fd1/Toilet%20Tissue%203%20Ply%2024%20Pack
Milkyway Share Pack 28 Pack 336g,$7.49,$2.23 per 100 g,https://dm.apac.cms.aldi.cx/is/image/aldiprodapac/product/jpg/scaleWidth/232/d4c7a39d-fffd-42e8-b176-46543a3f9369/Milkyway%20Share%20Pack%2028%20Pack%20336g
Earl Grey Tea Bags 50 Pack,$3.49,$0.07 per 1 each,https://dm.apac.cms.aldi.cx/is/image/aldiprodapac/product/jpg/scaleWidth/232/4ca18ae6-cf27-4037-9d61-280d29996ecd/Earl%20Grey%20Tea%20Bags%2050%20Pack
Assorted Couch Blanket,$39.99,,https://dm.apac.cms.aldi.cx/is/image/aldiprodapac/product/jpg/scaleWidth/232/51a3d2f2-2d3a-4818-803a-6e96a116b3f0/Assorted%20Couch%20Blanket
Vita Grain 9 Grains & Seeds Wholegrain Crackers 250g,$2.69,$1.08 per 100 g,https://dm.apac.cms.aldi.cx/is/image/aldiprodapac/product/jpg/scaleWidth/232/551ee084-36b1-4fe3-9abf-2ba80bdcb240/Vita%20Grain%209%20Grains%20%20Seeds%20Wholegrain%20Crackers%20250g
Cling Wrap,$13.99,,https://dm.apac.cms.aldi.cx/is/image/aldiprodapac/product/jpg/scaleWidth/232/e418ebee-12f5-43b9-b149-d05b0e84cc08/Cling%20Wrap
Lebanese Cucumbers 600g,$3.99,$6.65 per 1 kg,https://dm.apac.cms.aldi.cx/is/image/aldiprodapac/product/jpg/scaleWidth/232/7b0f13d7-b914-4eb6-a017-d61e4a7191ff/Lebanese%20Cucumbers%20600g
BBQ Cover,$19.99,,https://dm.apac.cms.aldi.cx/is/image/aldiprodapac/product/jpg/scaleWidth/232/9be8c125-f575-407e-b213-14c70dab8c6d/BBQ%20Cover
Goat Cheese Original 110g,$3.79,$34.45 per 1 kg,https://dm.apac.cms.aldi.cx/is/image/aldiprodapac/product/jpg/scaleWidth/232/d4302f84-499d-41df-bc43-5cc9ad5c1226/Goat%20Cheese%20Original%20110g
Spearmint Sugar Free Mints 36g,$1.99,$5.53 per 100 g,https://dm.apac.cms.aldi.cx/is/image/aldiprodapac/product/jpg/scaleWidth/232/cc7782b6-38df-415f-8da1-beb25752bca3/Spearmint%20Sugar%20Free%20Mints%2036g
Scent Booster Beads Spice Allure,$13.99,$2.80 per 100 g,https://dm.apac.cms.aldi.cx/is/image/aldiprodapac/product/jpg/scaleWidth/232/b0018cd8-5097-4325-b1b2-466d1afb2e4f/Scent%20Booster%20Beads%20Spice%20Allure
Hot Hungarian Salami 100g,$2.49,$24.90 per 1 kg,https://dm.apac.cms.aldi.cx/is/image/aldiprodapac/product/jpg/scaleWidth/232/3494d751-326d-4399-be21-2c420cb4120a/Hot%20Hungarian%20Salami%20100g
Cashews Roasted & Salted 1kg,$16.99,$16.99 per 1 kg,https://dm.apac.cms.aldi.cx/is/image/aldiprodapac/product/jpg/scaleWidth/232/dfae1a36-dce2-4394-ab4c-e6d7c59b0f68/Cashews%20Roasted%20%20Salted%201kg
Potato Gnocchi 500g,$2.99,$0.60 per 100 g,https://dm.apac.cms.aldi.cx/is/image/aldiprodapac/product/jpg/scaleWidth/232/0254cc6d-e108-46c4-9b44-051b2e642f33/Potato%20Gnocchi%20500g
24 Pack 375ml,$22.49,$2.50 per 1 L,https://dm.apac.cms.aldi.cx/is/image/aldiprodapac/product/jpg/scaleWidth/232/9161fa5c-5e5b-46e9-89c1-daaf733580cc/24%20Pack%20375ml
Full Cream Milk 3L,$4.65,$1.55 per 1 L,https://dm.apac.cms.aldi.cx/is/image/aldiprodapac/product/jpg/scaleWidth/232/0fc1211c-ed08-4a72-a234-56a9e132cac6/Full%20Cream%20Milk%203L
Peanut Milk Chocolate Snack & Share Bag 180g,$4.79,$2.66 per 100 g,https://dm.apac.cms.aldi.cx/is/image/aldiprodapac/product/jpg/scaleWidth/232/dfe23755-8ba5-4cb0-b811-81223754a97e/Peanut%20Milk%20Chocolate%20Snack%20%20Share%20Bag%20180g
Sweet Chilli Rice Cracker 100g,$1.99,$1.99 per 100 g,https://dm.apac.cms.aldi.cx/is/image/aldiprodapac/product/jpg/scaleWidth/232/ed319d8a-20bb-4429-8077-3d383a62dcb9/Sweet%20Chilli%20Rice%20Cracker%20100g
Pink and White Marshmallows 280g,$2.99,$1.07 per 100 g,https://dm.apac.cms.aldi.cx/is/image/aldiprodapac/product/jpg/scaleWidth/232/7633aa18-606d-4ca3-8f05-abef9d5266ac/Pink%20and%20White%20Marshmallows%20280g
Tropical Drink 6x250ml,$3.49,$2.33 per 1 L,https://dm.apac.cms.aldi.cx/is/image/aldiprodapac/product/jpg/scaleWidth/232/0affd172-f31b-49ff-9002-032ee088d9e8/Tropical%20Drink%206x250ml
Fruit & Nut Chocolate Block 200g,$4.99,$2.50 per 100 g,https://dm.apac.cms.aldi.cx/is/image/aldiprodapac/product/jpg/scaleWidth/232/b3ba9cd3-9998-4eeb-b7d0-23f389929637/Fruit%20%20Nut%20Chocolate%20Block%20200g
Mushroom Sauce Mix 29g,$0.99,$0.34 per 10 g,https://dm.apac.cms.aldi.cx/is/image/aldiprodapac/product/jpg/scaleWidth/232/82b7db43-14d4-4600-b3fd-4d542384392a/Mushroom%20Sauce%20Mix%2029g
Dark Almond Chocolate Block 200g,$4.99,$2.50 per 100 g,https://dm.apac.cms.aldi.cx/is/image/aldiprodapac/product/jpg/scaleWidth/232/70654e91-5d08-49f7-b2fe-6fa945412aea/Dark%20Almond%20Chocolate%20Block%20200g
Chick Peas 420g,$0.95,$2.26 per 1 kg,https://dm.apac.cms.aldi.cx/is/image/aldiprodapac/product/jpg/scaleWidth/232/d1067775-9561-426d-9cd1-59e58b0473f4/Chick%20Peas%20420g
Iceberg Bagged Lettuce Each,$2.79,$2.79 per 1 each,https://dm.apac.cms.aldi.cx/is/image/aldiprodapac/product/jpg/scaleWidth/232/d78f0be4-3379-4ba6-a36e-87801320d37b/Iceberg%20Bagged%20Lettuce%20Each
Fruit Salad in Syrup 825g,$2.89,$3.50 per 1 kg,https://dm.apac.cms.aldi.cx/is/image/aldiprodapac/product/jpg/scaleWidth/232/46b8796e-f623-4743-87d9-62442db47718/Fruit%20Salad%20in%20Syrup%20825g
Assorted Liquid Hand Wash 250ml,$1.99,$0.80 per 100 ml,https://dm.apac.cms.aldi.cx/is/image/aldiprodapac/product/jpg/scaleWidth/232/d29e6566-8348-476f-ac26-68b85b32b55a/Assorted%20Liquid%20Hand%20Wash%20250ml
Coriander Bunch,$2.99,$2.99 per 1 each,https://dm.apac.cms.aldi.cx/is/image/aldiprodapac/product/jpg/scaleWidth/232/ac10d5cc-ff06-44c1-8f1a-4f312a86f911/Coriander%20Bunch
Duo Capsicums 375g,$3.99,$10.64 per 1 kg,https://dm.apac.cms.aldi.cx/is/image/aldiprodapac/product/jpg/scaleWidth/232/3e499a43-e7f5-486d-a9c4-02a5d71ca2b6/Duo%20Capsicums%20375g
Baked Beans in Tomato Sauce 420g,$1.09,$0.26 per 100 g,https://dm.apac.cms.aldi.cx/is/image/aldiprodapac/product/jpg/scaleWidth/232/052753ed-d194-4344-be26-b99946f66710/Baked%20Beans%20in%20Tomato%20Sauce%20420g
Pacific Ale 12x330ml,$22.99,,https://dm.apac.cms.aldi.cx/is/content/aldiprodapac/1001860-2_COMING-SOON-GREYSCALE_RGB_OUTLINED_1200x1200
Natural Hot Smoked Salmon 150g,$7.99,$53.27 per 1 kg,https://dm.apac.cms.aldi.cx/is/image/aldiprodapac/product/jpg/scaleWidth/232/e4ec275a-3bf7-4f0d-9b3f-7c0e7515b0cd/Natural%20Hot%20Smoked%20Salmon%20150g
On The Go Smokey BBQ Mix 5 Pack 225g,$4.69,$20.84 per 1 kg,https://dm.apac.cms.aldi.cx/is/image/aldiprodapac/product/jpg/scaleWidth/232/a7c19170-fde7-40a4-a188-12c092dec316/On%20The%20Go%20Smokey%20BBQ%20Mix%205%20Pack%20225g
Gmax Avocado 3Pack,$5.49,$1.83 per 1 each,https://dm.apac.cms.aldi.cx/is/image/aldiprodapac/product/jpg/scaleWidth/232/5f1380d3-fb31-4779-9188-6e88182ee311/Gmax%20Avocado%203Pack
"Ham Shredded Twin Pack, 300g",$3.99,$13.30 per 1 kg,https://dm.apac.cms.aldi.cx/is/image/aldiprodapac/product/jpg/scaleWidth/232/4bf11485-7773-4928-92e2-eaa0c76e01cf/Ham%20Shredded%20Twin%20Pack%20300g
Pizza Dough 250g,$1.99,$0.80 per 100 g,https://dm.apac.cms.aldi.cx/is/image/aldiprodapac/product/jpg/scaleWidth/232/e227bcc3-d758-48d2-9958-5c92f49d361e/Pizza%20Dough%20250g
Ash Brie 125g,$3.19,$25.52 per 1 kg,https://dm.apac.cms.aldi.cx/is/image/aldiprodapac/product/jpg/scaleWidth/232/1c029cbc-cf3e-4e05-b6a4-de050a27987d/Ash%20Brie%20125g
Chilli Flavoured Deli Style Potato Chips 175g,$2.99,$1.71 per 100 g,https://dm.apac.cms.aldi.cx/is/image/aldiprodapac/product/jpg/scaleWidth/232/cad71bf7-b0c3-429b-ab3b-44f335c2f0ba/Chilli%20Flavoured%20Deli%20Style%20Potato%20Chips%20175g
Raw Sugar 2kg,$2.99,$0.15 per 100 g,https://dm.apac.cms.aldi.cx/is/image/aldiprodapac/product/jpg/scaleWidth/232/2272ad11-6ab7-4c7e-bb8f-d13a35a8440d/Raw%20Sugar%202kg
Fruity Filled Bars Apple & Cinnamon 6 Pack 225g,$2.79,$1.24 per 100 g,https://dm.apac.cms.aldi.cx/is/image/aldiprodapac/product/jpg/scaleWidth/232/1f863c42-0d67-4bf9-a7a6-7461fcf6242e/Fruity%20Filled%20Bars%20Apple%20%20Cinnamon%206%20Pack%20225g
RSPCA Approved Chicken Maryland Fillets,$14.94,$11.49 per 1 kg,https://dm.apac.cms.aldi.cx/is/image/aldiprodapac/product/jpg/scaleWidth/232/f59cc54e-9e9e-4459-9220-20b75bba730c/RSPCA%20Approved%20Chicken%20Maryland%20Fillets
Lamb Hot Pot 290g,$4.49,$1.55 per 100 g,https://dm.apac.cms.aldi.cx/is/image/aldiprodapac/product/jpg/scaleWidth/232/b9f4518f-e2b3-47ef-9beb-82d46963bfa1/Lamb%20Hot%20Pot%20290g
Raspberry Bullets White Chocolate Coated 200g,$2.59,$1.30 per 100 g,https://dm.apac.cms.aldi.cx/is/image/aldiprodapac/product/jpg/scaleWidth/232/8441c971-27e0-4378-baec-df39b4dc4f87/Raspberry%20Bullets%20White%20Chocolate%20Coated%20200g
Party Quiches Lorraine 12 Pack 525g,$7.49,$1.43 per 100 g,https://dm.apac.cms.aldi.cx/is/image/aldiprodapac/product/jpg/scaleWidth/232/17a05398-4a85-499d-b5e9-569ba8949c49/Party%20Quiches%20%20Lorraine%2012%20Pack%20525g
Organic Natural Yogurt 1kg,$5.99,$0.60 per 100 g,https://dm.apac.cms.aldi.cx/is/image/aldiprodapac/product/jpg/scaleWidth/232/f2dfdf5b-62b3-4fdf-9203-0515109c7581/Organic%20Natural%20Yogurt%201kg
V Energy Drink 6x330ml,$12.49,$6.31 per 1 L,https://dm.apac.cms.aldi.cx/is/image/aldiprodapac/product/jpg/scaleWidth/232/eb37d991-6440-423a-a94d-83a4df73301c/V%20Energy%20Drink%206x330ml
Light Tasty Cheese Block 500g,$6.99,$13.98 per 1 kg,https://dm.apac.cms.aldi.cx/is/image/aldiprodapac/product/jpg/scaleWidth/232/6b5e45bd-61fc-4e64-aa97-f6ca8cac868d/Light%20Tasty%20Cheese%20Block%20500g
Cerveza 12 Pack,$24.99,,https://dm.apac.cms.aldi.cx/is/image/aldiprodapac/product/jpg/scaleWidth/232/7298625b-0e5c-430d-a5ad-2b6a6b9bd84b/Cerveza%2012%20Pack
Gluten Free Beef Cup Noodle 70g,$1.99,$2.84 per 100 g,https://dm.apac.cms.aldi.cx/is/image/aldiprodapac/product/jpg/scaleWidth/232/54c7c38d-4899-4177-a65f-8e52b7c9963c/Gluten%20Free%20Beef%20Cup%20Noodle%2070g
9V Batteries 4 Pack,$7.99,$2.00 per 1 each,https://dm.apac.cms.aldi.cx/is/image/aldiprodapac/product/jpg/scaleWidth/232/904b114a-28ec-4845-adb4-dd1de4b5b5b1/9V%20Batteries%204%20Pack
Assorted Liquid Hand Wash 250ml,$1.99,$0.80 per 100 ml,https://dm.apac.cms.aldi.cx/is/image/aldiprodapac/product/jpg/scaleWidth/232/dedd516d-e092-4436-9b3b-bf85652cc002/Assorted%20Liquid%20Hand%20Wash%20250ml
Baby Capers 110g,$1.99,$18.09 per 1 kg,https://dm.apac.cms.aldi.cx/is/image/aldiprodapac/product/jpg/scaleWidth/232/85d08815-d8f0-4ebe-85f6-35cd1c334589/Baby%20Capers%20110g
Nut Butter Bars Peanut Butter 5 Pack 175g,$3.39,$1.94 per 100 g,https://dm.apac.cms.aldi.cx/is/image/aldiprodapac/product/jpg/scaleWidth/232/24be499b-8423-4b16-ac80-865ae6ad377d/Nut%20Butter%20Bars%20Peanut%20Butter%205%20Pack%20175g
Futon Chair Pad 2 Pack,$24.99,,https://dm.apac.cms.aldi.cx/is/image/aldiprodapac/product/jpg/scaleWidth/232/014410eb-6e9a-4ccb-a2e2-105376afa2b2/Futon%20Chair%20Pad%202%20Pack
Real Foods Corn Thins Original 150g,$1.59,$1.06 per 100 g,https://dm.apac.cms.aldi.cx/is/image/aldiprodapac/product/jpg/scaleWidth/232/a3749a55-1db6-4fcd-8070-f903e334d8b3/Real%20Foods%20Corn%20Thins%20Original%20150g
Caesar Salad Bagged 290g,$4.99,$17.21 per 1 kg,https://dm.apac.cms.aldi.cx/is/image/aldiprodapac/product/jpg/scaleWidth/232/a45c0e94-bd88-478b-ad0e-6cc272d9a1af/Caesar%20Salad%20Bagged%20290g
Regular Full Cream Milk Powder 1kg,$9.99,$1.00 per 100 g,https://dm.apac.cms.aldi.cx/is/image/aldiprodapac/product/jpg/scaleWidth/232/711cb161-9171-45e5-9197-e465a86cfa5a/Regular%20Full%20Cream%20Milk%20Powder%201kg
Marinated Pork Ribs 700g,$13.99,$19.99 per 1 kg,https://dm.apac.cms.aldi.cx/is/image/aldiprodapac/product/jpg/scaleWidth/232/0d2e0438-22ac-4f8b-86a1-765ab8ba536d/Marinated%20Pork%20Ribs%20700g
Basa Fillets Skin Off 400g,$7.49,$18.73 per 1 kg,https://dm.apac.cms.aldi.cx/is/image/aldiprodapac/product/jpg/scaleWidth/232/bd49f12c-2941-4a16-b248-a1c4f58cdad5/Basa%20Fillets%20Skin%20Off%20400g
Bran & Sultanas 580g,$3.99,$0.69 per 100 g,https://dm.apac.cms.aldi.cx/is/image/aldiprodapac/product/jpg/scaleWidth/232/609900b4-c014-40d0-a82a-ae5189a6909c/Bran%20%20Sultanas%20580g
Dry Yeast 35g 5x7g sachets,$2.39,$6.83 per 100 g,https://dm.apac.cms.aldi.cx/is/image/aldiprodapac/product/jpg/scaleWidth/232/ba483d81-d3bf-4b4f-acef-e0e4829e0927/Dry%20Yeast%2035g%205x7g%20sachets
Skinny Cappuccino Sachets 10 Pack 132g,$3.69,$0.37 per 1 each,https://dm.apac.cms.aldi.cx/is/image/aldiprodapac/product/jpg/scaleWidth/232/a4d5a44d-dc0f-484f-8d09-f48f5835311f/Skinny%20Cappuccino%20Sachets%2010%20Pack%20132g
Whisky 700mL,$54.99,,https://dm.apac.cms.aldi.cx/is/image/aldiprodapac/product/jpg/scaleWidth/232/d54cd2bf-fc25-4270-b701-30fdd23891ad/Whisky%20700mL
Scotch Fillet Steak with Butter,$10.50,$41.99 per 1 kg,https://dm.apac.cms.aldi.cx/is/image/aldiprodapac/product/jpg/scaleWidth/232/4a4eca3d-2005-4a65-ac76-9bae0ccd8b3a/Scotch%20Fillet%20Steak%20with%20Butter
Assorted Paint Drop Sheets,$14.99,$14.99 per 1 each,https://dm.apac.cms.aldi.cx/is/image/aldiprodapac/product/jpg/scaleWidth/232/004bf22b-6fc1-4cb1-82ba-ed8661f3391a/Assorted%20Paint%20Drop%20Sheets
Hommus Dip 1kg,$5.99,$0.60 per 100 g,https://dm.apac.cms.aldi.cx/is/image/aldiprodapac/product/jpg/scaleWidth/232/6e1efcae-a878-425f-8b34-68f1a880f240/Hommus%20Dip%201kg
Pork Scotch Fillet Roast,$12.99,$12.99 per 1 kg,https://dm.apac.cms.aldi.cx/is/image/aldiprodapac/product/jpg/scaleWidth/232/0cdd9e13-7707-4504-a877-5d3e9be45469/Pork%20Scotch%20Fillet%20Roast
"Green Beans, Sweetcorn, Broccoli & Peas Quicksteam Vegetables 3 Pack 450g",$2.79,$6.20 per 1 kg,https://dm.apac.cms.aldi.cx/is/image/aldiprodapac/product/jpg/scaleWidth/232/37b1374d-6d5c-4cfc-b2c8-21aa33f9ce5d/Green%20Beans%20Sweetcorn%20Broccoli%20%20Peas%20Quicksteam%20Vegetables%20%203%20Pack%20450g
Utopia Mint 4 Pack 428ml,$5.99,$1.40 per 100 ml,https://dm.apac.cms.aldi.cx/is/image/aldiprodapac/product/jpg/scaleWidth/232/5066db27-f689-4e12-aef7-b79ab1b2ef80/Utopia%20Mint%204%20Pack%20428ml
Antipasto Semi Dried Tomatoes 130g,$3.29,$2.53 per 100 g,https://dm.apac.cms.aldi.cx/is/image/aldiprodapac/product/jpg/scaleWidth/232/a73ee3ae-df07-4624-afe9-1891d0adae31/Antipasto%20Semi%20Dried%20Tomatoes%20130g
Tuna Protein Power Bowl with Roasted Capsicum & Three Bean Mix 170g,$2.99,$17.59 per 1 kg,https://dm.apac.cms.aldi.cx/is/image/aldiprodapac/product/jpg/scaleWidth/232/7eba3ada-64a9-4657-9f69-0191d584ed18/Tuna%20Protein%20Power%20Bowl%20with%20Roasted%20Capsicum%20%20Three%20Bean%20Mix%20170g
Honey Soy Chicken Party Size 290g,$4.49,$1.55 per 100 g,https://dm.apac.cms.aldi.cx/is/image/aldiprodapac/product/jpg/scaleWidth/232/c7613ffb-4666-4de1-a0b7-9afb08e54ea5/Honey%20Soy%20Chicken%20Party%20Size%20290g
Calibre 6 Blade System Kit,$9.99,,https://dm.apac.cms.aldi.cx/is/image/aldiprodapac/product/jpg/scaleWidth/232/157ee5a3-a54c-4d5a-a7c0-e18ec3cd485b/Calibre%206%20Blade%20System%20Kit
Mini Fridge 43L,$149.00,,https://dm.apac.cms.aldi.cx/is/image/aldiprodapac/product/jpg/scaleWidth/232/af9fa226-ed88-4bb3-bcdf-fc98ec145e62/Mini%20Fridge%2043L
Free Range Egg Fettuccine 375g,$4.89,$1.30 per 100 g,https://dm.apac.cms.aldi.cx/is/image/aldiprodapac/product/jpg/scaleWidth/232/0941aa4c-f1db-490f-a9dd-abc9a1965669/Free%20Range%20Egg%20Fettuccine%20375g
Sunny Crumpets 6 Pack 300g,$1.99,$0.33 per 1 each,https://dm.apac.cms.aldi.cx/is/image/aldiprodapac/product/jpg/scaleWidth/232/5075d00a-7720-4e7d-a62c-bf55bdf625a7/Sunny%20Crumpets%206%20Pack%20300g
Whipped Cream 250g,$4.99,$2.00 per 100 g,https://dm.apac.cms.aldi.cx/is/image/aldiprodapac/product/jpg/scaleWidth/232/0ac281c2-bb95-4923-895b-467966de12c4/Whipped%20Cream%20250g
Colby Cheese and Rice Crackers 4 Pack 100g,$3.99,$39.90 per 1 kg,https://dm.apac.cms.aldi.cx/is/image/aldiprodapac/product/jpg/scaleWidth/232/d1685125-e157-4c1d-a33d-1db08317f035/Colby%20Cheese%20and%20Rice%20Crackers%204%20Pack%20100g
Lemonade No Sugar Soft Drink 1.25L,$1.09,$0.87 per 1 L,https://dm.apac.cms.aldi.cx/is/image/aldiprodapac/product/jpg/scaleWidth/232/0ac5801f-4cb7-499e-a3bb-cd36c0d05285/Lemonade%20No%20Sugar%20Soft%20Drink%201.25L
A2 Light Milk 2L,$6.89,$3.45 per 1 L,https://dm.apac.cms.aldi.cx/is/image/aldiprodapac/product/jpg/scaleWidth/232/bb0fa606-4990-44ab-8019-226e5171ff06/A2%20Light%20Milk%202L
Delightful Flaked Truffles Dark 200g,$6.99,$3.50 per 100 g,https://dm.apac.cms.aldi.cx/is/image/aldiprodapac/product/jpg/scaleWidth/232/db63791c-58b0-46ba-9b7e-ae92eeba1840/Delightful%20Flaked%20Truffles%20Dark%20200g
Wholemeal Plain Flour 1kg,$2.19,$2.19 per 1 kg,https://dm.apac.cms.aldi.cx/is/image/aldiprodapac/product/jpg/scaleWidth/232/4ba2fa95-003c-4a1c-b487-aea1eb3bb591/Wholemeal%20Plain%20Flour%201kg
Bath & Shower Cleaner 750ml,$2.49,$0.33 per 100 ml,https://dm.apac.cms.aldi.cx/is/image/aldiprodapac/product/jpg/scaleWidth/232/09956a69-3d3e-4714-8a04-767e6873b5b4/Bath%20%20Shower%20Cleaner%20750ml
Classic Instant Coffee Medium Roast 400g,$25.99,$6.50 per 100 g,https://dm.apac.cms.aldi.cx/is/image/aldiprodapac/product/jpg/scaleWidth/232/6d4208ff-2932-49b9-ab42-d89809ccdf05/Classic%20Instant%20Coffee%20Medium%20Roast%20400g
Onion Soup 32g,$1.99,$6.22 per 100 g,https://dm.apac.cms.aldi.cx/is/image/aldiprodapac/product/jpg/scaleWidth/232/a2e4eb70-9737-4559-9cde-b60e2d4d4388/Onion%20Soup%2032g
Skadoos Caramel Biscuit Bars 150g,$2.79,$1.86 per 100 g,https://dm.apac.cms.aldi.cx/is/image/aldiprodapac/product/jpg/scaleWidth/232/41ff9cc8-6609-4ac2-9f8b-2b5f8afe8071/Skadoos%20Caramel%20Biscuit%20Bars%20150g
Frozen Straight Cut Chips 1kg,$3.49,$3.49 per 1 kg,https://dm.apac.cms.aldi.cx/is/image/aldiprodapac/product/jpg/scaleWidth/232/a58ea14a-f3a8-4b71-8cf0-2424517151a4/Frozen%20Straight%20Cut%20Chips%201kg
Assorted Facial Tissues 2ply 224 Pack,$1.89,$0.84 per 100 sheets,https://dm.apac.cms.aldi.cx/is/image/aldiprodapac/product/jpg/scaleWidth/232/2de3a21a-36cc-4116-aede-a49b0c4c997d/Assorted%20Facial%20Tissues%202ply%20224%20Pack
Dog Food Roll with Beef 3kg,$6.19,$0.21 per 100 g,https://dm.apac.cms.aldi.cx/is/image/aldiprodapac/product/jpg/scaleWidth/232/66f7c2f2-cfcb-4546-b538-8e41f87be9dd/Dog%20Food%20Roll%20with%20Beef%203kg
Classic Vanilla Cones 4 Pack 475ml,$3.39,$0.71 per 100 ml,https://dm.apac.cms.aldi.cx/is/image/aldiprodapac/product/jpg/scaleWidth/232/b064a172-b366-4cdc-8002-2260bb2a89ba/Classic%20Vanilla%20Cones%204%20Pack%20475ml
Smooth Blue Vein Cheese 200g,$5.99,$29.95 per 1 kg,https://dm.apac.cms.aldi.cx/is/image/aldiprodapac/product/jpg/scaleWidth/232/676478e4-d728-4b79-8441-bd86a86a45e1/Smooth%20Blue%20Vein%20Cheese%20200g
Chardonnay 750ml,$3.49,,https://dm.apac.cms.aldi.cx/is/image/aldiprodapac/product/jpg/scaleWidth/232/cce2492c-c0a7-45ed-be62-227a542db3d5/Chardonnay%20750ml
Toilet Tissue 18 Pack,$9.49,$0.31 per 100 sheets,https://dm.apac.cms.aldi.cx/is/image/aldiprodapac/product/jpg/scaleWidth/232/aad26236-d910-439c-b47c-5bbbf57ede4e/Toilet%20Tissue%2018%20Pack
Kamado Ceramic BBQ,$169.00,,https://dm.apac.cms.aldi.cx/is/image/aldiprodapac/product/jpg/scaleWidth/232/953d23fe-09f0-45f8-95d8-1c771367e1e4/Kamado%20Ceramic%20BBQ
Specially Selected Quince Paste 100g,$2.89,$2.89 per 100 g,https://dm.apac.cms.aldi.cx/is/image/aldiprodapac/product/jpg/scaleWidth/232/09d9ece8-983e-4aea-824f-0fa89a96adf6/Specially%20Selected%20Quince%20Paste%20100g
Cast Iron BBQ Prep Accessories,$14.99,,https://dm.apac.cms.aldi.cx/is/image/aldiprodapac/product/jpg/scaleWidth/232/cea4e31e-be65-4a57-8196-82f5fd70fbbd/Cast%20Iron%20BBQ%20Prep%20Accessories
Turmeric & Cheese Hummus Chips 150g,$3.99,$2.66 per 100 g,https://dm.apac.cms.aldi.cx/is/image/aldiprodapac/product/jpg/scaleWidth/232/8ab7d333-9d31-4a73-9b3e-1734c4cc6e13/Turmeric%20%20Cheese%20Hummus%20Chips%20150g
Titan 11 Pack 198g,$3.99,$2.02 per 100 g,https://dm.apac.cms.aldi.cx/is/image/aldiprodapac/product/jpg/scaleWidth/232/6c83801d-3db1-4dc4-869e-7e973593217c/Titan%2011%20Pack%20198g
Red Onions 1kg,$4.49,$4.49 per 1 kg,https://dm.apac.cms.aldi.cx/is/image/aldiprodapac/product/jpg/scaleWidth/232/83db1521-67be-490c-930c-098524113d5c/Red%20Onions%201kg
Leg Ham Shaved 100g,$1.99,$19.90 per 1 kg,https://dm.apac.cms.aldi.cx/is/image/aldiprodapac/product/jpg/scaleWidth/232/b38ecd5d-6743-4eb9-9cdb-3d76491061d5/Leg%20Ham%20Shaved%20100g
Marinated BBQ Roast Beef,$20.39,$16.99 per 1 kg,https://dm.apac.cms.aldi.cx/is/image/aldiprodapac/product/jpg/scaleWidth/232/45fa6bc6-8093-431c-912b-3596922647d7/Marinated%20BBQ%20Roast%20Beef
RSPCA Approved Chicken Wings Bulk 2kg,$8.79,$4.40 per 1 kg,https://dm.apac.cms.aldi.cx/is/image/aldiprodapac/product/jpg/scaleWidth/232/d57d1702-8727-448d-8f95-1e421400c0ea/RSPCA%20Approved%20Chicken%20Wings%20Bulk%202kg
Strawberries 250g,$3.99,$15.96 per 1 kg,https://dm.apac.cms.aldi.cx/is/image/aldiprodapac/product/jpg/scaleWidth/232/181f9f09-9d24-49d5-918e-785caaf7f7dc/Strawberries%20250g
Thin & Crispy Cheese Rice Crackers 6 Pack 120g,$2.99,$2.49 per 100 g,https://dm.apac.cms.aldi.cx/is/image/aldiprodapac/product/jpg/scaleWidth/232/3b1eaa99-f4c5-4a24-9f70-b31f7ac190ba/Thin%20%20Crispy%20%20Cheese%20Rice%20Crackers%206%20Pack%20%20120g
Irish Whiskey 700ml,$46.99,,https://dm.apac.cms.aldi.cx/is/image/aldiprodapac/product/jpg/scaleWidth/232/23ecbca0-ff0e-4e07-b212-1e7e1a185db5/Irish%20Whiskey%20700ml
Punjabi Samosa 6 Pack 500g,$7.29,$1.46 per 100 g,https://dm.apac.cms.aldi.cx/is/image/aldiprodapac/product/jpg/scaleWidth/232/fc63eb3e-5eee-4e97-8d40-50d800a3cd32/Punjabi%20Samosa%206%20Pack%20500g
Truffle & Olive Oil Flavoured Deli Style Potato Chips 175g,$3.49,$1.99 per 100 g,https://dm.apac.cms.aldi.cx/is/image/aldiprodapac/product/jpg/scaleWidth/232/699c79cf-2bc2-466e-bb63-1e34a8791952/Truffle%20%20Olive%20Oil%20Flavoured%20Deli%20Style%20Potato%20Chips%20175g
Malt Vinegar 750ml,$2.49,$0.33 per 100 ml,https://dm.apac.cms.aldi.cx/is/image/aldiprodapac/product/jpg/scaleWidth/232/3661bff7-b0b7-4ea0-908a-bbcfa90763da/Malt%20Vinegar%20750ml
Chupa Chups Lollipop 12g,$0.65,$5.42 per 100 g,https://dm.apac.cms.aldi.cx/is/image/aldiprodapac/product/jpg/scaleWidth/232/c134c784-9f0f-4a9f-8b3d-9cb3e5172456/Chupa%20Chups%20Lollipop%2012g
Johnnie Walker Black 700ml,$56.99,,https://dm.apac.cms.aldi.cx/is/image/aldiprodapac/product/jpg/scaleWidth/232/3e3744ea-2cc8-4393-b7b2-5949055b0162/Johnnie%20Walker%20Black%20700ml
Chocolate Salted Pretzel 100g,$2.99,$2.72 per 100 g,https://dm.apac.cms.aldi.cx/is/image/aldiprodapac/product/jpg/scaleWidth/232/a21454b8-fe3d-4e5c-8e88-d8c6f880ba24/Chocolate%20Salted%20Pretzel%20100g
Go Cordless Personal Blender with Battery,$149.00,,https://dm.apac.cms.aldi.cx/is/image/aldiprodapac/product/jpg/scaleWidth/232/a1e81af7-7bb5-4e5c-89f3-a2dd725665b4/Go%20Cordless%20Personal%20Blender%20with%20Battery
Herb & Garlic Chicken Tenders 400g,$6.99,$17.48 per 1 kg,https://dm.apac.cms.aldi.cx/is/image/aldiprodapac/product/jpg/scaleWidth/232/adf26dd6-4e2a-4c0b-88bc-4c975772425b/Herb%20%20Garlic%20Chicken%20Tenders%20400g
Salt & Pepper Squid 360g,$5.29,$14.69 per 1 kg,https://dm.apac.cms.aldi.cx/is/image/aldiprodapac/product/jpg/scaleWidth/232/1ab83c58-8430-457a-8486-8a0fd53393b2/Salt%20%20Pepper%20Squid%20360g
Crinkle Cut Original Potato Chips 230g,$2.69,$1.17 per 100 g,https://dm.apac.cms.aldi.cx/is/image/aldiprodapac/product/jpg/scaleWidth/232/b2a0ffcf-cee9-42ff-b6d3-679f600eca2e/Crinkle%20Cut%20Original%20Potato%20Chips%20230g
Pecan & Maple Muesli Clusters 500g,$3.89,$0.78 per 100 g,https://dm.apac.cms.aldi.cx/is/image/aldiprodapac/product/jpg/scaleWidth/232/48bf70dc-6e99-4f86-b2de-9aabdfaaaf17/Pecan%20%20Maple%20Muesli%20Clusters%20500g
Vodka 700mL,$46.99,,https://dm.apac.cms.aldi.cx/is/image/aldiprodapac/product/jpg/scaleWidth/232/7ae569b8-9612-4cec-b051-8e8e44d87412/Vodka%20700mL
Double Cream Camembert 200g,$4.49,$22.45 per 1 kg,https://dm.apac.cms.aldi.cx/is/image/aldiprodapac/product/jpg/scaleWidth/232/47933bb7-6e5e-4adf-9ac5-9b2b4aae8513/Double%20Cream%20Camembert%20200g
Pitted Kalamata Olives 350g,$2.29,$6.54 per 1 kg,https://dm.apac.cms.aldi.cx/is/image/aldiprodapac/product/jpg/scaleWidth/232/5370405b-57a1-422c-90cb-b6fde5f2d3b9/Pitted%20Kalamata%20Olives%20350g
Roast Lamb 320g,$6.49,$2.03 per 100 g,https://dm.apac.cms.aldi.cx/is/image/aldiprodapac/product/jpg/scaleWidth/232/bd68ba12-ef7e-47c9-b5cb-9360f274b4f7/Roast%20Lamb%20320g
Custard Powder 350g,$2.99,$0.85 per 100 g,https://dm.apac.cms.aldi.cx/is/image/aldiprodapac/product/jpg/scaleWidth/232/3053030c-ca96-4a80-af68-7f4d548951e2/Custard%20Powder%20350g
Choco & Biscuit Milk 300g,$6.99,$2.33 per 100 g,https://dm.apac.cms.aldi.cx/is/image/aldiprodapac/product/jpg/scaleWidth/232/9424a19c-3a9e-4c07-bcef-011e83b57dc1/Choco%20%20Biscuit%20Milk%20300g
Roasting Rack Grill Accessories,$12.99,,https://dm.apac.cms.aldi.cx/is/image/aldiprodapac/product/jpg/scaleWidth/232/e692fd6b-7f81-4f66-9f50-6ec860d1ba5a/Roasting%20Rack%20Grill%20Accessories
Mentos Fruit Roll 37.5g,$1.39,$3.70 per 100 g,https://dm.apac.cms.aldi.cx/is/image/aldiprodapac/product/jpg/scaleWidth/232/d1f84e03-04d4-4f20-9aaf-207be73ff34f/Mentos%20Fruit%20Roll%2037.5g
Crinkle Cut Potato Chips Chicken 230g,$2.69,$1.17 per 100 g,https://dm.apac.cms.aldi.cx/is/image/aldiprodapac/product/jpg/scaleWidth/232/a090da9e-cffb-4ed7-8f94-8370644ad698/Crinkle%20Cut%20Potato%20Chips%20Chicken%20230g
Peach & Pear in Strawberry Flavoured Jelly 4 x 125g,$2.09,$4.18 per 1 kg,https://dm.apac.cms.aldi.cx/is/image/aldiprodapac/product/jpg/scaleWidth/232/1bb1b00b-2562-48e5-b8c0-137b855aa84b/Peach%20%20Pear%20in%20Strawberry%20Flavoured%20Jelly%204%20x%20125g
Organic Italian Diced Tomatoes 400g,$1.59,$3.98 per 1 kg,https://dm.apac.cms.aldi.cx/is/image/aldiprodapac/product/jpg/scaleWidth/232/4c3dfeea-96ed-4935-838e-62893cd4ad26/Organic%20Italian%20Diced%20Tomatoes%20400g
Milk Honeycomb Nougat Choco Changer Chococolate Block 150g,$4.99,$3.33 per 100 g,https://dm.apac.cms.aldi.cx/is/image/aldiprodapac/product/jpg/scaleWidth/232/7576343b-73c5-4379-8a2d-046e2cae89d0/Milk%20Honeycomb%20Nougat%20Choco%20Changer%20Chococolate%20Block%20150g
Portuguese Style Chicken Breast Slices 150g,$4.99,$33.27 per 1 kg,https://dm.apac.cms.aldi.cx/is/image/aldiprodapac/product/jpg/scaleWidth/232/25dd26c6-a5a0-4896-9a32-c0713fb0db7a/Portuguese%20Style%20Chicken%20Breast%20Slices%20150g
Pepsi Max 30x375ml,$27.99,$2.49 per 1 L,https://dm.apac.cms.aldi.cx/is/image/aldiprodapac/product/jpg/scaleWidth/232/126a5844-e2a5-4020-bd62-b17507fe8a4e/Pepsi%20Max%2030x375ml
No Added Sugar Passionfruit Yogurt 700g,$3.99,$0.57 per 100 g,https://dm.apac.cms.aldi.cx/is/image/aldiprodapac/product/jpg/scaleWidth/232/4dab84b4-b697-4cdc-939d-3a1e09d360ef/No%20Added%20Sugar%20Passionfruit%20Yogurt%20700g
Salted Butter 500g,$6.99,$1.40 per 100 g,https://dm.apac.cms.aldi.cx/is/image/aldiprodapac/product/jpg/scaleWidth/232/21204e8c-dd70-4802-9236-f1e48b5986cb/Salted%20Butter%20500g
Bars Rocky Road 6 Pack 180g,$4.49,$2.49 per 100 g,https://dm.apac.cms.aldi.cx/is/image/aldiprodapac/product/jpg/scaleWidth/232/1e43c1a4-a533-4b1c-87c3-161c80c038ef/Bars%20Rocky%20Road%206%20Pack%20180g
Wafer Rolls Assorted 350g,$4.49,$1.28 per 100 g,https://dm.apac.cms.aldi.cx/is/image/aldiprodapac/product/jpg/scaleWidth/232/6e9c63ed-8178-4eb2-b023-49ed2eb7615f/Wafer%20Rolls%20Assorted%20350g
White Chocolate Dipped Mango 90g,$3.99,$44.33 per 1 kg,https://dm.apac.cms.aldi.cx/is/image/aldiprodapac/product/jpg/scaleWidth/232/ade90f4e-ba01-4ba5-a7e2-1dd98a54e32c/White%20Chocolate%20Dipped%20Mango%2090g
"Roast Chicken Breast Slices Twin Pack, 200g",$6.19,$30.95 per 1 kg,https://dm.apac.cms.aldi.cx/is/image/aldiprodapac/product/jpg/scaleWidth/232/c8e3aad6-2e7a-479a-b191-ad193aae542f/Roast%20Chicken%20Breast%20Slices%20%20Twin%20Pack%20200g
Yellowfin Tuna Chunks in Springwater 95g,$1.29,$13.58 per 1 kg,https://dm.apac.cms.aldi.cx/is/image/aldiprodapac/product/jpg/scaleWidth/232/20ad6f71-a1eb-48cd-a17d-c6260b829652/Yellowfin%20Tuna%20Chunks%20in%20Springwater%2095g
Chicken Flavour Stock Powder 168g,$2.99,$0.18 per 10 g,https://dm.apac.cms.aldi.cx/is/image/aldiprodapac/product/jpg/scaleWidth/232/671ba9ea-56a2-472f-9378-6585e0c7afc7/Chicken%20Flavour%20Stock%20Powder%20168g
Dog Treat Beef Straps 180g,$1.99,$1.11 per 100 g,https://dm.apac.cms.aldi.cx/is/image/aldiprodapac/product/jpg/scaleWidth/232/dcf60a03-958f-4a9a-b010-3e5fd668cabe/Dog%20Treat%20Beef%20Straps%20180g
Free Range Chicken Breast Bulk Pack,$16.49,$11.99 per 1 kg,https://dm.apac.cms.aldi.cx/is/image/aldiprodapac/product/jpg/scaleWidth/232/8084d617-e820-416f-a1ad-96e4b713ddbd/Free%20Range%20Chicken%20Breast%20Bulk%20Pack
Methylated Spirits 1L,$5.29,$0.53 per 100 ml,https://dm.apac.cms.aldi.cx/is/image/aldiprodapac/product/jpg/scaleWidth/232/931a116a-c524-4641-aec5-761df91c133e/Methylated%20Spirits%201L
Wooden Sweet Assortment,$9.99,,https://dm.apac.cms.aldi.cx/is/image/aldiprodapac/product/jpg/scaleWidth/232/5b5b0de5-1ad5-4778-801c-b651b3d42f27/Wooden%20Sweet%20Assortment
Cream Cheese Spread 250g,$2.89,$1.16 per 100 g,https://dm.apac.cms.aldi.cx/is/image/aldiprodapac/product/jpg/scaleWidth/232/2f0d855c-4226-4124-a14e-e6589c840069/Cream%20Cheese%20Spread%20250g
Red Curry Coconut Noodle Bowl 100g,$1.99,$1.99 per 100 g,https://dm.apac.cms.aldi.cx/is/image/aldiprodapac/product/jpg/scaleWidth/232/80949702-f4e2-4d4b-8fac-febbedb64362/Red%20Curry%20Coconut%20Noodle%20Bowl%20100g
Beef Massaman Curry 800g,$11.99,$1.50 per 100 g,https://dm.apac.cms.aldi.cx/is/image/aldiprodapac/product/jpg/scaleWidth/232/9d75001d-146d-4ccb-8ecd-4230581885a7/Beef%20Massaman%20Curry%20800g
Vanilla Protein Yogurt Pouch 150g,$2.19,$1.46 per 100 g,https://dm.apac.cms.aldi.cx/is/image/aldiprodapac/product/jpg/scaleWidth/232/83d4d99a-1bef-4419-9aaa-7547f63ceefb/Vanilla%20Protein%20Yogurt%20Pouch%20150g
High Protein Almond Milk 1L,$2.99,$2.99 per 1 L,https://dm.apac.cms.aldi.cx/is/image/aldiprodapac/product/jpg/scaleWidth/232/191366b9-ec59-4398-b314-1a3411f3b1ec/High%20Protein%20Almond%20Milk%201L
Crunchy Salted Caramel Chocolate Block 200g,$4.99,$2.50 per 100 g,https://dm.apac.cms.aldi.cx/is/image/aldiprodapac/product/jpg/scaleWidth/232/da3a8c15-a42d-467f-a1f0-24f50855e2bb/Crunchy%20Salted%20Caramel%20Chocolate%20Block%20200g
Chunky Dips Basil Pesto 150g,$2.99,$1.99 per 100 g,https://dm.apac.cms.aldi.cx/is/image/aldiprodapac/product/jpg/scaleWidth/232/447d3dd3-a5f9-4917-8bca-33f340fde478/Chunky%20Dips%20Basil%20Pesto%20150g
Gluten Free Plain Flour 750g,$3.59,$4.79 per 1 kg,https://dm.apac.cms.aldi.cx/is/image/aldiprodapac/product/jpg/scaleWidth/232/5381aa67-e603-442a-8b88-e40d5f2c7d8c/Gluten%20Free%20Plain%20Flour%20750g
Heathcote Shiraz 750ml,$13.99,,https://dm.apac.cms.aldi.cx/is/image/aldiprodapac/product/jpg/scaleWidth/232/0538b934-83ab-4885-9526-6f4963519fbf/Heathcote%20Shiraz%20750ml
Beef Stroganoff Recipe Base 40g,$1.49,$3.73 per 100 g,https://dm.apac.cms.aldi.cx/is/image/aldiprodapac/product/jpg/scaleWidth/232/2a4a3050-68e5-4e52-8dd5-2588d3b2868e/Beef%20Stroganoff%20Recipe%20Base%2040g
Chocolate Clouds Biscuits 200g,$3.29,$1.65 per 100 g,https://dm.apac.cms.aldi.cx/is/image/aldiprodapac/product/jpg/scaleWidth/232/308bedfa-d0d5-486b-b017-552f37b552fa/Chocolate%20Clouds%20Biscuits%20200g
Disposable Gloves 25 Pack,$2.89,$0.12 per 1 each,https://dm.apac.cms.aldi.cx/is/image/aldiprodapac/product/jpg/scaleWidth/232/0fca3542-456b-4ed5-ae79-449ac84bd8bf/Disposable%20Gloves%2025%20Pack
Potato Wedges 750g,$3.79,$5.05 per 1 kg,https://dm.apac.cms.aldi.cx/is/image/aldiprodapac/product/jpg/scaleWidth/232/ade9b9f7-4874-4005-ac45-74a4315098d2/Potato%20Wedges%20750g
Foldable Garden Stool with Bag,$29.99,,https://dm.apac.cms.aldi.cx/is/image/aldiprodapac/product/jpg/scaleWidth/232/734b78ec-d036-461d-b53f-a17e3d57db39/Foldable%20Garden%20Stool%20with%20Bag
Natural Almonds 750g,$13.99,$18.65 per 1 kg,https://dm.apac.cms.aldi.cx/is/image/aldiprodapac/product/jpg/scaleWidth/232/8d2b8b07-2189-49c9-844f-a7e1bc280825/Natural%20Almonds%20750g
Tuna Mornay 400g,$4.49,$1.12 per 100 g,https://dm.apac.cms.aldi.cx/is/image/aldiprodapac/product/jpg/scaleWidth/232/58b409e8-983b-4312-b3b5-72a488ae886c/Tuna%20Mornay%20400g
Work Tee,$7.99,,https://dm.apac.cms.aldi.cx/is/image/aldiprodapac/product/jpg/scaleWidth/232/e4bc1cda-bdbe-4fe3-896f-de7f313db844/Work%20Tee
Nesquik Strawberry Flavoured Milk Drink 250g,$3.99,$1.60 per 100 g,https://dm.apac.cms.aldi.cx/is/image/aldiprodapac/product/jpg/scaleWidth/232/1ef29411-54e0-4631-a1d2-38b9e242eeae/Nesquik%20Strawberry%20Flavoured%20Milk%20Drink%20250g
Spicy Chorizo Sliced 100g,$3.29,$32.90 per 1 kg,https://dm.apac.cms.aldi.cx/is/image/aldiprodapac/product/jpg/scaleWidth/232/ba0c1aea-381c-4f04-8639-0af8131d8410/Spicy%20Chorizo%20Sliced%20100g
Assorted Soap Bars 5 Pack,$2.59,$0.52 per 100 g,https://dm.apac.cms.aldi.cx/is/image/aldiprodapac/product/jpg/scaleWidth/232/bb677051-81f6-4308-af15-c072799f53e2/Assorted%20Soap%20Bars%205%20Pack
Brazil Single Origin Coffee Beans 1kg,$26.99,$2.70 per 100 g,https://dm.apac.cms.aldi.cx/is/image/aldiprodapac/product/jpg/scaleWidth/232/f5555513-9803-44d3-a60a-51a073702ed2/Brazil%20Single%20Origin%20Coffee%20Beans%201kg
Indian Meal Kit Butter Chicken 375g,$4.49,$1.20 per 100 g,https://dm.apac.cms.aldi.cx/is/image/aldiprodapac/product/jpg/scaleWidth/232/3f0e56cf-850a-478b-bdee-707214343d44/Indian%20Meal%20Kit%20Butter%20Chicken%20375g
Chicken Family Dinner 1.6kg,$19.99,$1.25 per 100 g,https://dm.apac.cms.aldi.cx/is/image/aldiprodapac/product/jpg/scaleWidth/232/15549c1b-e2d3-4131-84c4-eb299f1ac159/Chicken%20Family%20Dinner%201.6kg
Large Metal Dark Green Garden Bed,$79.99,,https://dm.apac.cms.aldi.cx/is/image/aldiprodapac/product/jpg/scaleWidth/232/c874eb14-2007-458c-8bc9-61d6990519f9/Large%20Metal%20Dark%20Green%20Garden%20Bed
Baking Cocoa Powder 250g,$7.29,$2.92 per 100 g,https://dm.apac.cms.aldi.cx/is/image/aldiprodapac/product/jpg/scaleWidth/232/9a1cbbdb-0930-417c-a5c9-e18f9c262f2e/Baking%20Cocoa%20Powder%20250g
Tasty Mix Chips 20 Pack 368g,$7.99,$2.17 per 100 g,https://dm.apac.cms.aldi.cx/is/image/aldiprodapac/product/jpg/scaleWidth/232/12f7b8fb-9d68-43f7-93d3-9b2dc813cb9f/Tasty%20Mix%20Chips%2020%20Pack%20368g
Chunky Beef Pies 4 Pack 700g,$5.99,$0.86 per 100 g,https://dm.apac.cms.aldi.cx/is/image/aldiprodapac/product/jpg/scaleWidth/232/c9df7956-3ef5-499d-8b51-ec4405f1d3eb/Chunky%20Beef%20Pies%204%20Pack%20700g
Peaches and Cream Yogurt 700g,$5.99,$0.86 per 100 g,https://dm.apac.cms.aldi.cx/is/image/aldiprodapac/product/jpg/scaleWidth/232/c9d43651-13d0-4507-8aed-0bcc6c594fef/Peaches%20and%20Cream%20Yogurt%20700g
Yellowfin Tuna Chunks in Basil Flavoured Oil 95g,$1.29,$13.58 per 1 kg,https://dm.apac.cms.aldi.cx/is/image/aldiprodapac/product/jpg/scaleWidth/232/2994ec5f-1155-4246-bd6f-95589daec51d/Yellowfin%20Tuna%20Chunks%20in%20Basil%20Flavoured%20Oil%2095g
Wooden Art Box Set,$34.99,,https://dm.apac.cms.aldi.cx/is/image/aldiprodapac/product/jpg/scaleWidth/232/34c4a273-d1db-4eb5-9007-a91ebbc236c1/Wooden%20Art%20Box%20Set
Beef Burgers 500g,$7.79,$15.58 per 1 kg,https://dm.apac.cms.aldi.cx/is/image/aldiprodapac/product/jpg/scaleWidth/232/cf1350ea-9e34-4ac6-b740-e58f429fc8c4/Beef%20Burgers%20500g
Palazzo Milk Chocolate Biscuits 125g,$3.49,$2.79 per 100 g,https://dm.apac.cms.aldi.cx/is/image/aldiprodapac/product/jpg/scaleWidth/232/4f204c60-3222-423d-9101-e92ad5c9e8d4/Palazzo%20Milk%20Chocolate%20Biscuits%20125g
Middle Bacon 1kg,$10.49,$10.49 per 1 kg,https://dm.apac.cms.aldi.cx/is/image/aldiprodapac/product/jpg/scaleWidth/232/066ace87-e8a3-435d-8e2d-9be86b03ae6e/Middle%20Bacon%201kg
Cherry Tomato Pasta Sauce 420g,$2.79,$0.66 per 100 g,https://dm.apac.cms.aldi.cx/is/image/aldiprodapac/product/jpg/scaleWidth/232/793e1dad-03cd-4e26-8dab-8ee52ee491c2/Cherry%20Tomato%20Pasta%20Sauce%20420g
Assorted Incontinence Pads,$2.69,$0.22 per 1 each,https://dm.apac.cms.aldi.cx/is/image/aldiprodapac/product/jpg/scaleWidth/232/1cff855a-4c64-4e74-b987-ebb156bb90fd/Assorted%20Incontinence%20Pads
Lower Carb Higher Protein Bread 600g,$5.29,$0.88 per 100 g,https://dm.apac.cms.aldi.cx/is/image/aldiprodapac/product/jpg/scaleWidth/232/5de7a3c1-f70b-4a49-b84e-b159575f4cba/Lower%20Carb%20Higher%20Protein%20Bread%20600g
Leg Shaved Ham 250g,$4.19,$16.76 per 1 kg,https://dm.apac.cms.aldi.cx/is/image/aldiprodapac/product/jpg/scaleWidth/232/615456d5-7993-49fb-9c51-b719866adad5/Leg%20Shaved%20Ham%20250g
Sea Salt Flavoured Deli Style Potato Chips 175g,$2.99,$1.71 per 100 g,https://dm.apac.cms.aldi.cx/is/image/aldiprodapac/product/jpg/scaleWidth/232/85d4542d-1adf-4435-b85f-fd5bc8cb1360/Sea%20Salt%20Flavoured%20Deli%20Style%20Potato%20Chips%20175g
Household Wipes 50 Pack,$1.99,$3.98 per 100 each,https://dm.apac.cms.aldi.cx/is/image/aldiprodapac/product/jpg/scaleWidth/232/0f337887-d233-4e39-a57b-7e06fa93e675/Household%20Wipes%2050%20Pack
Red Capsicum Loose,$1.50/0.25 kg,$5.99 per 1 kg,https://dm.apac.cms.aldi.cx/is/image/aldiprodapac/product/jpg/scaleWidth/232/00a1b347-57ad-4334-84c6-60345d0501ad/Red%20Capsicum%20Loose
Dishwasher Rinse Aid 500ml,$2.79,$0.56 per 100 ml,https://dm.apac.cms.aldi.cx/is/image/aldiprodapac/product/jpg/scaleWidth/232/3e7b997c-6ea3-431d-b541-423f91328303/Dishwasher%20Rinse%20Aid%20500ml
Verde Hand Wash 500ml,$5.49,$1.10 per 100 ml,https://dm.apac.cms.aldi.cx/is/content/aldiprodapac/1001860-2_COMING-SOON-GREYSCALE_RGB_OUTLINED_1200x1200
Lamb BBQ Chops,$20.49,$20.49 per 1 kg,https://dm.apac.cms.aldi.cx/is/image/aldiprodapac/product/jpg/scaleWidth/232/eaa51e11-00a6-43bd-ac65-db254a415b85/Lamb%20BBQ%20Chops
Lemon Pepper Crumbed Hoki 250g,$5.99,$23.96 per 1 kg,https://dm.apac.cms.aldi.cx/is/image/aldiprodapac/product/jpg/scaleWidth/232/68e718c9-eae3-49e0-91c1-d1b33b24f0ed/Lemon%20Pepper%20Crumbed%20Hoki%20250g
Muffin Bars Caramel 6 Pack 240g,$2.99,$1.25 per 100 g,https://dm.apac.cms.aldi.cx/is/image/aldiprodapac/product/jpg/scaleWidth/232/8a2fb079-302a-4682-b869-e0fa6130f672/Muffin%20Bars%20Caramel%206%20Pack%20240g
Green Split Peas 650g,$1.99,$0.31 per 100 g,https://dm.apac.cms.aldi.cx/is/image/aldiprodapac/product/jpg/scaleWidth/232/9a811df6-62b8-49a6-90a2-c2e0f23ab20c/Green%20Split%20Peas%20650g
Brazil Coffee Pods 16 Pack 124g,$6.99,$0.44 per 1 each,https://dm.apac.cms.aldi.cx/is/image/aldiprodapac/product/jpg/scaleWidth/232/cc6ccfb1-bf27-4232-b0f2-cd8955bbe0ea/Brazil%20Coffee%20Pods%2016%20Pack%20124g
Sunflower Seeds 250g,$2.39,$9.56 per 1 kg,https://dm.apac.cms.aldi.cx/is/image/aldiprodapac/product/jpg/scaleWidth/232/04702763-2790-4aca-9945-ddc3a2403d9d/Sunflower%20Seeds%20250g
Coke Coca Cola Zero Sugar 600ml,$3.99,$6.65 per 1 L,https://dm.apac.cms.aldi.cx/is/image/aldiprodapac/product/jpg/scaleWidth/232/857a2056-bd8c-4349-bff7-0ea020a02ed0/Coke%20Coca%20Cola%20Zero%20Sugar%20600ml
Milk Buns 4 Pack 300g,$3.29,$0.82 per 1 each,https://dm.apac.cms.aldi.cx/is/image/aldiprodapac/product/jpg/scaleWidth/232/ae5e60d8-343f-4f36-afc8-5639dd361092/Milk%20Buns%204%20Pack%20300g
Blanched Hazelnuts 150g,$4.49,,https://dm.apac.cms.aldi.cx/is/image/aldiprodapac/product/jpg/scaleWidth/232/03d7ccfb-715c-4ee3-b6e1-c1666dfbe9b0/Blanched%20Hazelnuts%20150g
Chicken Bone Broth 500ml,$4.99,$1.00 per 100 ml,https://dm.apac.cms.aldi.cx/is/image/aldiprodapac/product/jpg/scaleWidth/232/d6866c17-de20-48ac-9890-60b53a2a207b/Chicken%20Bone%20Broth%20500ml
Paint Spray Station,$249.00,,https://dm.apac.cms.aldi.cx/is/content/aldiprodapac/1001860-2_COMING-SOON-GREYSCALE_RGB_OUTLINED_1200x1200
Date & Apricot Specialty Crackers 100g,$3.29,$3.29 per 100 g,https://dm.apac.cms.aldi.cx/is/image/aldiprodapac/product/jpg/scaleWidth/232/f08b0c67-8a91-4897-97ad-121525b1d885/Date%20%20Apricot%20Specialty%20Crackers%20100g
Wonton Cup Soup 100g,$1.35,$1.35 per 100 g,https://dm.apac.cms.aldi.cx/is/image/aldiprodapac/product/jpg/scaleWidth/232/6b70a4b1-a565-4203-922d-822f23aedb32/Wonton%20Cup%20Soup%20100g
Assorted Tiling Tool Set,$12.99,,https://dm.apac.cms.aldi.cx/is/image/aldiprodapac/product/jpg/scaleWidth/232/741cd361-5d75-434d-a054-5d126dd6251c/Assorted%20Tiling%20Tool%20Set
Brushed Potatoes Loose,$0.80/0.2 kg,$3.99 per 1 kg,https://dm.apac.cms.aldi.cx/is/image/aldiprodapac/product/jpg/scaleWidth/232/3f45df1c-cd74-435f-853a-459fd831edb6/Brushed%20Potatoes%20Loose
Viva White High Fibre Vitamins & Minerals Sandwich 700g,$2.99,$0.43 per 100 g,https://dm.apac.cms.aldi.cx/is/image/aldiprodapac/product/jpg/scaleWidth/232/214a4bac-6d3e-4d12-aa10-614c1401c570/Viva%20White%20High%20Fibre%20Vitamins%20%20Minerals%20Sandwich%20700g
Chicken Tikka Masala Create A Curry,$3.29,$1.37 per 10 g,https://dm.apac.cms.aldi.cx/is/image/aldiprodapac/product/jpg/scaleWidth/232/c0ab3457-7980-4a3f-9917-e1d34efe68bc/Chicken%20Tikka%20Masala%20Create%20A%20Curry
Organic Medjool Dates 454g,$10.49,$23.11 per 1 kg,https://dm.apac.cms.aldi.cx/is/image/aldiprodapac/product/jpg/scaleWidth/232/911d99d6-cc0e-4f9a-860a-a6d3ede1a380/Organic%20Medjool%20Dates%20454g
Dark Cherry Greek Style Yogurt 4 x 115g,$3.79,$0.82 per 100 g,https://dm.apac.cms.aldi.cx/is/image/aldiprodapac/product/jpg/scaleWidth/232/86927425-1464-4eb1-86fc-c2f0506c2a58/Dark%20Cherry%20Greek%20Style%20Yogurt%204%20x%20115g
Cart Wheels Biscuits 200g,$3.29,$1.65 per 100 g,https://dm.apac.cms.aldi.cx/is/image/aldiprodapac/product/jpg/scaleWidth/232/9f9b0ada-2605-4388-b7ab-8429c64dd005/Cart%20Wheels%20Biscuits%20200g
Original Oats Sensations 10 Pack 350g,$2.99,$0.85 per 100 g,https://dm.apac.cms.aldi.cx/is/image/aldiprodapac/product/jpg/scaleWidth/232/65c82aa9-c1ed-4cd8-aba8-7c1966b3b4c3/Original%20Oats%20Sensations%2010%20Pack%20350g
Assorted Premium Dog Food 400g,$1.99,$0.50 per 100 g,https://dm.apac.cms.aldi.cx/is/image/aldiprodapac/product/jpg/scaleWidth/232/bab5cd8c-5c8f-4b47-92f6-96e292ce91f2/Assorted%20Premium%20Dog%20Food%20400g
Parsley Flakes 13g,$3.49,$2.68 per 10 g,https://dm.apac.cms.aldi.cx/is/image/aldiprodapac/product/jpg/scaleWidth/232/95c54b53-8ef3-4f69-ae2b-b5788eea29ed/Parsley%20Flakes%2013g
Red Cabbage 680g,$4.99,$7.34 per 1 kg,https://dm.apac.cms.aldi.cx/is/image/aldiprodapac/product/jpg/scaleWidth/232/c8241cfa-5286-49bd-9b16-6c72ad87bdbd/Red%20Cabbage%20680g
Tandoori Spiced Naan Bites 12 pack 240g,$2.99,$1.25 per 100 g,https://dm.apac.cms.aldi.cx/is/image/aldiprodapac/product/jpg/scaleWidth/232/15fb4bf0-b782-45c4-9b44-5f3d3466ad3b/Tandoori%20Spiced%20Naan%20Bites%2012%20pack%20240g
Bakehouse Traditional White Bread 700g,$3.69,$0.53 per 100 g,https://dm.apac.cms.aldi.cx/is/image/aldiprodapac/product/jpg/scaleWidth/232/15542aa8-96d4-42de-9fd3-f9dfc2370ee7/Bakehouse%20Traditional%20White%20Bread%20700g
Panang RSPCA Approved Chicken Curry Meal Kit 810g,$12.99,$16.04 per 1 kg,https://dm.apac.cms.aldi.cx/is/image/aldiprodapac/product/jpg/scaleWidth/232/8a9c82da-116a-44d4-8895-542795e32dda/Panang%20RSPCA%20Approved%20Chicken%20Curry%20Meal%20Kit%20810g
Caramel Mud Cake 600g,$6.49,$1.08 per 100 g,https://dm.apac.cms.aldi.cx/is/image/aldiprodapac/product/jpg/scaleWidth/232/826d481e-1d84-4380-bb78-1f71193d9e68/Caramel%20Mud%20Cake%20600g
Assorted Effervescent Electrolytes Tablets 20 Pack,$6.99,$0.35 per 1 each,https://dm.apac.cms.aldi.cx/is/image/aldiprodapac/product/jpg/scaleWidth/232/9bab55f6-21cf-4e74-bfe2-ecbcb5bfece3/Assorted%20Effervescent%20Electrolytes%20Tablets%2020%20Pack
Assorted Disinfectant 1.25L,$2.29,$0.18 per 100 ml,https://dm.apac.cms.aldi.cx/is/image/aldiprodapac/product/jpg/scaleWidth/232/15a2db03-8670-4c7d-a9b8-85f2e3f6c7b6/Assorted%20Disinfectant%201.25L
Assorted Value Pack,$14.99,$0.62 per 1 each,https://dm.apac.cms.aldi.cx/is/image/aldiprodapac/product/jpg/scaleWidth/232/ede1df3e-77b8-473c-be6a-98d34013467a/Assorted%20Value%20Pack
Assorted Retinol Skincare,$12.99,$25.98 per 100 ml,https://dm.apac.cms.aldi.cx/is/image/aldiprodapac/product/jpg/scaleWidth/232/84710510-5069-4f18-908e-6aeb4b652e87/Assorted%20Retinol%20Skincare
Salada Original Crispbread 250g,$3.49,$1.40 per 100 g,https://dm.apac.cms.aldi.cx/is/image/aldiprodapac/product/jpg/scaleWidth/232/5df371b2-317b-4602-a03d-4e712ed329f4/Salada%20Original%20Crispbread%20250g
Lime Flavoured Cordial 1L,$2.29,$2.29 per 1 L,https://dm.apac.cms.aldi.cx/is/image/aldiprodapac/product/jpg/scaleWidth/232/f57ced26-7dad-47c2-ba86-7f5b767d7a30/Lime%20Flavoured%20Cordial%201L
Devon Sliced 100g,$0.99,$9.90 per 1 kg,https://dm.apac.cms.aldi.cx/is/image/aldiprodapac/product/jpg/scaleWidth/232/2264edb7-211c-4bf2-b98c-fffcc3f48816/Devon%20Sliced%20100g
Neutrogena T/Gel Therapeutic Shampoo 2x200ml,$19.99,$5.00 per 100 ml,https://dm.apac.cms.aldi.cx/is/image/aldiprodapac/product/jpg/scaleWidth/232/ad4ffa66-4a72-4033-a376-4487f59405ee/Neutrogena%20TGel%20Therapeutic%20Shampoo%202x200ml
Summer Delight Caramel 6 Pack 540ml,$5.99,$1.11 per 100 ml,https://dm.apac.cms.aldi.cx/is/image/aldiprodapac/product/jpg/scaleWidth/232/c99e0873-eb27-4738-9cbe-b7c31dd0e467/Summer%20Delight%20Caramel%206%20Pack%20540ml
Pale Ale 12x375ml,$29.99,,https://dm.apac.cms.aldi.cx/is/image/aldiprodapac/product/jpg/scaleWidth/232/a2d4bb81-4ac3-4d2c-b2d2-c6f1d58260ec/Pale%20Ale%2012x375ml
Leek Each,$2.49,$2.49 per 1 each,https://dm.apac.cms.aldi.cx/is/image/aldiprodapac/product/jpg/scaleWidth/232/81530595-c151-427f-9796-2f3026bdc1b0/Leek%20Each
Size 6 Nappy Pants Junior 15+ kg 44 Pack,$16.99,$0.39 per 1 each,https://dm.apac.cms.aldi.cx/is/image/aldiprodapac/product/jpg/scaleWidth/232/4f2d198e-b1a8-457b-b505-e838bebce0f7/Size%206%20Nappy%20Pants%20Junior%2015%20kg%2044%20Pack
DIY Home Essentials Kit,$29.99,,https://dm.apac.cms.aldi.cx/is/image/aldiprodapac/product/jpg/scaleWidth/232/7a0174f1-d1ec-4ca8-9a6d-54e518375f9a/DIY%20Home%20Essentials%20Kit
Baby Leaf Blend 300g,$3.99,$13.30 per 1 kg,https://dm.apac.cms.aldi.cx/is/image/aldiprodapac/product/jpg/scaleWidth/232/ac019608-ae03-43e7-a277-60d98dcc2dbe/Baby%20Leaf%20Blend%20300g
String Cheese Streamers 8 Pack 160g,$4.29,$26.81 per 1 kg,https://dm.apac.cms.aldi.cx/is/image/aldiprodapac/product/jpg/scaleWidth/232/e4df3bba-0f70-4b5d-933f-e5fe760b079b/String%20Cheese%20Streamers%208%20Pack%20160g
Veal Schnitzel,$13.50,$29.99 per 1 kg,https://dm.apac.cms.aldi.cx/is/image/aldiprodapac/product/jpg/scaleWidth/232/9c791377-a226-40af-af35-c52e606671bd/Veal%20Schnitzel
Bamboo Toilet Paper Double Length 3 Ply 12 Pack,$16.99,$0.39 per 100 sheets,https://dm.apac.cms.aldi.cx/is/image/aldiprodapac/product/jpg/scaleWidth/232/3b4eef32-6c55-48b8-af61-a35a8c967c7f/Bamboo%20Toilet%20Paper%20Double%20Length%203%20Ply%2012%20Pack
Marvellicious Chocolate Mousse 12 Pack 50g,$6.99,$1.17 per 100 g,https://dm.apac.cms.aldi.cx/is/image/aldiprodapac/product/jpg/scaleWidth/232/870f3aac-5261-47ac-b34f-c3cffae6c2ca/Marvellicious%20Chocolate%20Mousse%2012%20Pack%2050g
Grass Fed Angus Beef Sausages 500g,$7.99,$15.98 per 1 kg,https://dm.apac.cms.aldi.cx/is/image/aldiprodapac/product/jpg/scaleWidth/232/3bee60c7-be81-4fa8-94c8-c5f526b24615/Grass%20Fed%20Angus%20Beef%20Sausages%20500g
Hash Browns 1kg,$4.99,$4.99 per 1 kg,https://dm.apac.cms.aldi.cx/is/image/aldiprodapac/product/jpg/scaleWidth/232/7ce80559-9f49-40c2-b89e-07181c5f2728/Hash%20Browns%201kg
Garlic Naan Bread 3 Pack 375g,$3.99,$1.06 per 100 g,https://dm.apac.cms.aldi.cx/is/image/aldiprodapac/product/jpg/scaleWidth/232/d4d957dc-65f2-4203-a9b6-8ee946e30673/Garlic%20Naan%20Bread%203%20Pack%20375g
Dairy Free Frozen Dessert Choc Salted Caramel 475ml,$6.99,$1.47 per 100 ml,https://dm.apac.cms.aldi.cx/is/image/aldiprodapac/product/jpg/scaleWidth/232/0eb5b3a0-c43a-4b58-b74b-ab609c938d2f/Dairy%20Free%20Frozen%20Dessert%20Choc%20Salted%20Caramel%20475ml
Baby Wipes Fragrance Free 480 Pack,$10.49,$2.19 per 100 each,https://dm.apac.cms.aldi.cx/is/image/aldiprodapac/product/jpg/scaleWidth/232/b10faa86-d261-41b5-adda-6f1c1da9ccba/Baby%20Wipes%20Fragrance%20Free%20480%20Pack
Antipasto Baby Peppers 130g,$3.29,$2.53 per 100 g,https://dm.apac.cms.aldi.cx/is/image/aldiprodapac/product/jpg/scaleWidth/232/8ea14142-fb12-4a52-b2a6-7c1eaf977c6e/Antipasto%20Baby%20Peppers%20130g
Gold Lager 12 Pack,$24.99,,https://dm.apac.cms.aldi.cx/is/image/aldiprodapac/product/jpg/scaleWidth/232/87db15e7-4248-4f48-af8e-d493978d765b/Gold%20Lager%2012%20Pack
Raspberries 500g,$6.59,$13.18 per 1 kg,https://dm.apac.cms.aldi.cx/is/image/aldiprodapac/product/jpg/scaleWidth/232/3479f576-1126-4ac3-b53a-3be4f04f284e/Raspberries%20500g
Assorted Halloween Sharepack 230-300g,$5.99,$2.00 per 100 g,https://dm.apac.cms.aldi.cx/is/image/aldiprodapac/product/jpg/scaleWidth/232/d9787bc0-d822-4d6c-b66a-b570bbc67f80/Assorted%20Halloween%20Sharepack%20230300g
Flaxseed 350g,$2.89,$0.83 per 100 g,https://dm.apac.cms.aldi.cx/is/image/aldiprodapac/product/jpg/scaleWidth/232/dd1458ea-2d7d-4a4a-b0eb-61b263006234/Flaxseed%20350g
Living Herbs Chives,$2.99,$2.99 per 1 each,https://dm.apac.cms.aldi.cx/is/image/aldiprodapac/product/jpg/scaleWidth/232/fe7b0c3b-9f3a-4ba6-b6b4-4617c13ba88d/Living%20Herbs%20Chives
Crispetts Crispbread 125g,$2.29,$1.83 per 100 g,https://dm.apac.cms.aldi.cx/is/image/aldiprodapac/product/jpg/scaleWidth/232/eef92237-c5e5-4200-978b-63443f9a5f8f/Crispetts%20Crispbread%20125g
Custard Cr√®me Biscuits 150g,$0.89,$0.59 per 100 g,https://dm.apac.cms.aldi.cx/is/image/aldiprodapac/product/jpg/scaleWidth/232/7f61ecfc-c419-45c6-a4fa-a2f948683637/Custard%20Crme%20Biscuits%20150g
Protein Bar Peanut Butter Crisp 30g,$2.29,$7.63 per 100 g,https://dm.apac.cms.aldi.cx/is/image/aldiprodapac/product/jpg/scaleWidth/232/07474d4b-7769-405f-bcb6-51695ac2820e/Protein%20Bar%20Peanut%20Butter%20Crisp%2030g
Strawberry Yogurt Squishy Pouch 70g,$0.75,$1.07 per 100 g,https://dm.apac.cms.aldi.cx/is/image/aldiprodapac/product/jpg/scaleWidth/232/2c72f2dc-7a0c-4db0-8a18-8bcb0b5f0cbc/Strawberry%20Yogurt%20Squishy%20Pouch%2070g
Espresso Profondo Coffee Capsules 10 Pack x 3,$18.99,$0.63 per 1 each,https://dm.apac.cms.aldi.cx/is/image/aldiprodapac/product/jpg/scaleWidth/232/ccf11902-02ac-473d-8690-266f06e87fdc/Espresso%20Profondo%20Coffee%20Capsules%2010%20Pack%20x%203
Corn Flakes 700g,$3.89,$0.56 per 100 g,https://dm.apac.cms.aldi.cx/is/image/aldiprodapac/product/jpg/scaleWidth/232/e7416914-767a-40af-b45b-699b25b6b7d5/Corn%20Flakes%20700g
Wooden Food Sets,$9.99,,https://dm.apac.cms.aldi.cx/is/image/aldiprodapac/product/jpg/scaleWidth/232/a367a3c8-bfd5-40f0-bba2-6397e996744a/Wooden%20Food%20Sets
Butter Chicken 375g,$3.69,$0.98 per 100 g,https://dm.apac.cms.aldi.cx/is/image/aldiprodapac/product/jpg/scaleWidth/232/75a5fbc7-e31c-4559-bf8d-073f18587a48/Butter%20Chicken%20375g
Marinara Mix 800g,$13.49,$16.86 per 1 kg,https://dm.apac.cms.aldi.cx/is/image/aldiprodapac/product/jpg/scaleWidth/232/ea672c39-dae2-4e2d-a1f0-ed3181f4589b/Marinara%20Mix%20800g
Hawaiian Style Pizza Snacks 4 Pack 400g,$5.99,$1.50 per 100 g,https://dm.apac.cms.aldi.cx/is/image/aldiprodapac/product/jpg/scaleWidth/232/6ecb0e98-7030-4945-b343-01c46ff28b74/Hawaiian%20Style%20Pizza%20Snacks%204%20Pack%20400g
Pork Crackle Himalayan Salt 75g,$2.49,$3.32 per 100 g,https://dm.apac.cms.aldi.cx/is/image/aldiprodapac/product/jpg/scaleWidth/232/05f99dbe-d43b-4693-9d27-640ad38b8f1c/Pork%20Crackle%20Himalayan%20Salt%2075g
Fruit & Fibre Oat Biscuits 300g,$2.69,$0.90 per 100 g,https://dm.apac.cms.aldi.cx/is/image/aldiprodapac/product/jpg/scaleWidth/232/1943ddc4-c6cd-4991-a401-2f32cf8da9a6/Fruit%20%20Fibre%20Oat%20Biscuits%20300g
Traditional Ricotta in Basket 500g,$5.29,$10.58 per 1 kg,https://dm.apac.cms.aldi.cx/is/image/aldiprodapac/product/jpg/scaleWidth/232/6186c79a-127b-4d18-b94c-e91e5d89d7ea/Traditional%20Ricotta%20in%20Basket%20500g
Buttermilk Pancake Mix & Shake 375g,$1.99,$0.53 per 100 g,https://dm.apac.cms.aldi.cx/is/image/aldiprodapac/product/jpg/scaleWidth/232/54cb9962-add6-4398-9d02-944850b10c6e/Buttermilk%20Pancake%20Mix%20%20Shake%20375g
Caesar Salad Bowl 200g,$4.99,$24.95 per 1 kg,https://dm.apac.cms.aldi.cx/is/image/aldiprodapac/product/jpg/scaleWidth/232/9768e40f-4ed2-4ea0-8547-51400d8359b7/Caesar%20Salad%20Bowl%20200g
Saag Aloo Basmati Rice Pouch 250g,$2.89,$1.16 per 100 g,https://dm.apac.cms.aldi.cx/is/image/aldiprodapac/product/jpg/scaleWidth/232/00504dfe-6eb4-4fbf-8b54-114de67a7d25/Saag%20Aloo%20Basmati%20Rice%20Pouch%20250g
Hazelnut Flavoured Syrup 250ml,$3.39,$1.36 per 100 ml,https://dm.apac.cms.aldi.cx/is/image/aldiprodapac/product/jpg/scaleWidth/232/a3d92003-d17f-4f17-af3f-f875543d5a1d/Hazelnut%20Flavoured%20Syrup%20250ml
Assorted Snack Container 2 Compartment,$9.99,,https://dm.apac.cms.aldi.cx/is/image/aldiprodapac/product/jpg/scaleWidth/232/b3fc96c2-87d5-4649-8cfe-63e5d19b14cc/Assorted%20Snack%20Container%202%20Compartment
Assorted Garden Irrigation Kit,$19.99,,https://dm.apac.cms.aldi.cx/is/image/aldiprodapac/product/jpg/scaleWidth/232/2dcc0fe7-bd1a-4f53-bdf5-227abb075c77/Assorted%20Garden%20Irrigation%20Kit
Smoke Flavoured Tuna Pate Treats with Crackers 112g,$1.99,$17.77 per 1 kg,https://dm.apac.cms.aldi.cx/is/image/aldiprodapac/product/jpg/scaleWidth/232/f7540069-b562-407c-b444-adc561a8f4c2/Smoke%20Flavoured%20Tuna%20Pate%20Treats%20with%20Crackers%20112g
Crinkle Cut Rice Crackers Sour Cream & Chives 100g,$1.99,$1.99 per 100 g,https://dm.apac.cms.aldi.cx/is/image/aldiprodapac/product/jpg/scaleWidth/232/25719259-bb6a-4f27-a23f-1ed77ad9eeb7/Crinkle%20Cut%20Rice%20Crackers%20Sour%20Cream%20%20Chives%20100g
Assorted Vitamins B+C Effervescent Tablets 15 Pack,$5.29,$0.35 per 1 each,https://dm.apac.cms.aldi.cx/is/image/aldiprodapac/product/jpg/scaleWidth/232/11592e16-c0b8-4965-9601-ac31de999d0e/Assorted%20Vitamins%20BC%20Effervescent%20Tablets%2015%20Pack
Aspartame Sweetener Tablets 300 Pack,$2.89,$0.96 per 100 each,https://dm.apac.cms.aldi.cx/is/image/aldiprodapac/product/jpg/scaleWidth/232/9066e55d-bb7b-40d1-81c2-e3b9533b6d3e/Aspartame%20Sweetener%20Tablets%20300%20Pack
Mix It Up 6 Pack 375ml,$8.99,$4.00 per 1 L,https://dm.apac.cms.aldi.cx/is/image/aldiprodapac/product/jpg/scaleWidth/232/9f1e64e8-7feb-4fd8-9673-0ca1499a9a09/Mix%20It%20Up%206%20Pack%20375ml
Chicken Franks 375g,$3.49,$9.31 per 1 kg,https://dm.apac.cms.aldi.cx/is/image/aldiprodapac/product/jpg/scaleWidth/232/bc5e07e8-410c-498e-8e8e-4277e0cba384/Chicken%20Franks%20375g
Instant Gravy Mix Traditional Flavoured 120g,$1.99,$0.17 per 10 g,https://dm.apac.cms.aldi.cx/is/image/aldiprodapac/product/jpg/scaleWidth/232/c863b4d8-54ad-4f11-91d9-b0d4289db5e3/Instant%20Gravy%20Mix%20Traditional%20Flavoured%20120g
Fruit & Nut Premium Muesli Bars 270g,$3.99,$1.48 per 100 g,https://dm.apac.cms.aldi.cx/is/image/aldiprodapac/product/jpg/scaleWidth/232/58891235-54ed-4919-80b9-f05e03ffb3eb/Fruit%20%20Nut%20Premium%20Muesli%20Bars%20270g
Mustard German Style,$2.99,$1.15 per 100 g,https://dm.apac.cms.aldi.cx/is/image/aldiprodapac/product/jpg/scaleWidth/232/002d66e3-0e0a-4349-ab4e-c21f0a419ee1/Mustard%20German%20Style
Baby Spinach 280g,$3.99,$14.25 per 1 kg,https://dm.apac.cms.aldi.cx/is/image/aldiprodapac/product/jpg/scaleWidth/232/24a76b51-5091-4f22-9ec2-a66aaf514100/Baby%20Spinach%20280g
Extra Strong Tea Bags 100 Pack,$4.69,$0.05 per 1 each,https://dm.apac.cms.aldi.cx/is/image/aldiprodapac/product/jpg/scaleWidth/232/22763a72-9c42-4ee6-8e8d-62d0ca51a971/Extra%20Strong%20Tea%20Bags%20100%20Pack
Party Pack 30 Pack 1.25kg,$11.99,$0.96 per 100 g,https://dm.apac.cms.aldi.cx/is/image/aldiprodapac/product/jpg/scaleWidth/232/9d5adb97-8035-49e5-b2c8-cffa508124cb/Party%20Pack%2030%20Pack%201.25kg
Thin Sausages 500g,$3.99,$7.98 per 1 kg,https://dm.apac.cms.aldi.cx/is/image/aldiprodapac/product/jpg/scaleWidth/232/7116178f-88a1-411e-8c93-6fe0923705aa/Thin%20Sausages%20500g
Vanilla Custard 1kg,$2.69,$0.27 per 100 g,https://dm.apac.cms.aldi.cx/is/image/aldiprodapac/product/jpg/scaleWidth/232/8e550bce-e3e6-4c8c-8177-6d65f3375611/Vanilla%20Custard%201kg
Milo Pouch 150g,$1.99,$1.33 per 100 g,https://dm.apac.cms.aldi.cx/is/image/aldiprodapac/product/jpg/scaleWidth/232/7590d3e0-9123-4c3a-95e3-54e03aea9bd2/Milo%20Pouch%20150g
Pork Liverwurst 250g,$4.99,$19.96 per 1 kg,https://dm.apac.cms.aldi.cx/is/image/aldiprodapac/product/jpg/scaleWidth/232/0fd0fee5-c059-43e7-a032-d40c99d996aa/Pork%20Liverwurst%20250g
High Fibre Low GI 7 Seeds and Grains Rolls 4 Pack 320g,$3.19,$0.80 per 1 each,https://dm.apac.cms.aldi.cx/is/image/aldiprodapac/product/jpg/scaleWidth/232/e96a61c8-e7e0-4216-977f-11733c4bed04/High%20Fibre%20Low%20GI%207%20Seeds%20and%20Grains%20Rolls%204%20Pack%20320g
Soup Noodle Kit Ramen 405g,$4.99,$1.23 per 100 g,https://dm.apac.cms.aldi.cx/is/image/aldiprodapac/product/jpg/scaleWidth/232/8240b6f2-1ec0-42de-b509-cebb0bb3316c/Soup%20Noodle%20Kit%20Ramen%20405g
Jaffa Cakes 150g,$2.79,$1.86 per 100 g,https://dm.apac.cms.aldi.cx/is/image/aldiprodapac/product/jpg/scaleWidth/232/9307b527-b21e-47fa-b904-f88cf78ffc5f/Jaffa%20Cakes%20150g
Honey Soy Chicken Brown Rice Snacks 100g,$2.29,$2.29 per 100 g,https://dm.apac.cms.aldi.cx/is/image/aldiprodapac/product/jpg/scaleWidth/232/3e99ef77-a8bc-4074-8504-71ce9b34a903/Honey%20Soy%20Chicken%20Brown%20Rice%20Snacks%20100g
Ground Black Pepper 100g,$3.99,$0.40 per 10 g,https://dm.apac.cms.aldi.cx/is/image/aldiprodapac/product/jpg/scaleWidth/232/a061a258-eae3-4e7b-a1c8-d86b3a6d4ebd/Ground%20Black%20Pepper%20100g
Free Range Chicken Wing Nibbles,$7.99,$7.99 per 1 kg,https://dm.apac.cms.aldi.cx/is/image/aldiprodapac/product/jpg/scaleWidth/232/e7c3834d-5975-4f3b-88fc-d6082ee47a90/Free%20Range%20Chicken%20Wing%20Nibbles
Bubble Bars Birthday Cake 6 Pack 132g,$3.49,$2.64 per 100 g,https://dm.apac.cms.aldi.cx/is/image/aldiprodapac/product/jpg/scaleWidth/232/e1d2a0dd-6bc0-4a5b-8087-7fe3911ec824/Bubble%20Bars%20Birthday%20Cake%206%20Pack%20132g
24 Pack 375ml,$22.49,$2.50 per 1 L,https://dm.apac.cms.aldi.cx/is/image/aldiprodapac/product/jpg/scaleWidth/232/34282db1-2d4f-4fc7-8068-3bf1cde2531f/24%20Pack%20375ml
Chicken Noodles 5 Pack 425g,$1.89,$0.44 per 100 g,https://dm.apac.cms.aldi.cx/is/image/aldiprodapac/product/jpg/scaleWidth/232/ebd5e533-9832-4c7c-8012-fc5dbf1e49d9/Chicken%20Noodles%205%20Pack%20425g
Granny Smith Apples Loose,$0.93/0.17 kg,$5.49 per 1 kg,https://dm.apac.cms.aldi.cx/is/image/aldiprodapac/product/jpg/scaleWidth/232/bceaca6c-7e31-4ff0-8321-d70e52bae4d0/Granny%20Smith%20Apples%20Loose
Chianti Superiore 750ml,$11.99,,https://dm.apac.cms.aldi.cx/is/image/aldiprodapac/product/jpg/scaleWidth/232/f617a450-805b-4f01-85d0-66b12a7908b2/Chianti%20Superiore%20750ml
Instant Gravy Mix Chicken Flavoured 120g,$1.99,$0.17 per 10 g,https://dm.apac.cms.aldi.cx/is/image/aldiprodapac/product/jpg/scaleWidth/232/a294401d-0fd1-4957-a56b-fb8811b1eb96/Instant%20Gravy%20Mix%20Chicken%20Flavoured%20120g
Sweet Chilli Cream Cheese 200g,$3.89,$19.45 per 1 kg,https://dm.apac.cms.aldi.cx/is/image/aldiprodapac/product/jpg/scaleWidth/232/dd3fbafe-99ba-4354-8942-22e6df26046e/Sweet%20Chilli%20Cream%20Cheese%20200g
Ginger And Soy Yellowfin Tuna Chunks 95g,$1.29,$13.58 per 1 kg,https://dm.apac.cms.aldi.cx/is/image/aldiprodapac/product/jpg/scaleWidth/232/50211ea8-0614-47df-9212-4f26be93054e/Ginger%20And%20Soy%20Yellowfin%20Tuna%20Chunks%2095g
Deluxe Picnic Rug,$19.99,,https://dm.apac.cms.aldi.cx/is/image/aldiprodapac/product/jpg/scaleWidth/232/a2518140-e66d-4f31-9e72-b99bd6ac9944/Deluxe%20Picnic%20Rug
Mini Wagon Wheels 190g,$2.75,$1.45 per 100 g,https://dm.apac.cms.aldi.cx/is/image/aldiprodapac/product/jpg/scaleWidth/232/b2cd01a0-107a-4224-9598-d52af4a483e6/Mini%20Wagon%20Wheels%20190g
Herb & Garlic Rissoles 540g,$6.69,$12.39 per 1 kg,https://dm.apac.cms.aldi.cx/is/image/aldiprodapac/product/jpg/scaleWidth/232/9ddd0fd8-68ec-4c1a-a9ef-fbb4179c64ee/Herb%20%20Garlic%20Rissoles%20540g
Irish Country Cream 700ml,$15.99,,https://dm.apac.cms.aldi.cx/is/image/aldiprodapac/product/jpg/scaleWidth/232/e0bbfeb0-2a6a-4b7f-83e4-5dfd303f0787/Irish%20Country%20Cream%20700ml
Mixed Berry Premium Jam 360g,$2.99,$0.83 per 100 g,https://dm.apac.cms.aldi.cx/is/image/aldiprodapac/product/jpg/scaleWidth/232/65a46688-e71a-4827-a581-aa8fda471e1a/Mixed%20Berry%20Premium%20Jam%20360g
Recycled Paper Cat Litter 20L,$17.99,$0.90 per 1 L,https://dm.apac.cms.aldi.cx/is/image/aldiprodapac/product/jpg/scaleWidth/232/8d376c37-3db2-43ed-815c-c42e873667a9/Recycled%20Paper%20Cat%20Litter%2020L
Go Cordless Hand Blender with Battery,$149.00,,https://dm.apac.cms.aldi.cx/is/image/aldiprodapac/product/jpg/scaleWidth/232/41084c9f-62c6-499a-8c44-512f2ccd15ba/Go%20Cordless%20Hand%20Blender%20with%20Battery
Oat Bars Choc Chip 6 Pack 240g,$2.99,$1.25 per 100 g,https://dm.apac.cms.aldi.cx/is/image/aldiprodapac/product/jpg/scaleWidth/232/b8e47953-26fa-4ad5-ab80-badbf265f2c4/Oat%20Bars%20Choc%20Chip%206%20Pack%20240g
Assorted Garden Bags,$9.99,,https://dm.apac.cms.aldi.cx/is/image/aldiprodapac/product/jpg/scaleWidth/232/c7627118-5c7d-4458-9541-571968b7aa3c/Assorted%20Garden%20Bags
Fish Sauce 300ml,$2.29,$0.76 per 100 ml,https://dm.apac.cms.aldi.cx/is/image/aldiprodapac/product/jpg/scaleWidth/232/87113620-00fc-4b6f-94ce-653ffcf50c38/Fish%20Sauce%20300ml
Tasty Cheese and Pretzels 40g,$1.99,$49.75 per 1 kg,https://dm.apac.cms.aldi.cx/is/image/aldiprodapac/product/jpg/scaleWidth/232/3d7fdc99-32a1-45be-aee7-94f1225106b5/Tasty%20Cheese%20and%20Pretzels%2040g
Sliced Brioche Burger Buns 4 Pack 200g,$3.29,$0.82 per 1 each,https://dm.apac.cms.aldi.cx/is/image/aldiprodapac/product/jpg/scaleWidth/232/38f42d65-60d8-4f09-a76e-7b1f2fced526/Sliced%20Brioche%20Burger%20Buns%204%20Pack%20200g
Baby Water Wipes 80 Pack,$2.49,$3.11 per 100 each,https://dm.apac.cms.aldi.cx/is/image/aldiprodapac/product/jpg/scaleWidth/232/6e472a0d-c48b-421c-88bc-146f6eb0214b/Baby%20Water%20Wipes%2080%20Pack
Coke Zero Sugar 30x375ml,$31.99,$2.84 per 1 L,https://dm.apac.cms.aldi.cx/is/image/aldiprodapac/product/jpg/scaleWidth/232/e5648b37-b6de-410d-acab-4ab00902a1d9/Coke%20Zero%20Sugar%2030x375ml
Italian Style Yellowfin Tuna Chunks in Oil 95g,$1.29,$13.58 per 1 kg,https://dm.apac.cms.aldi.cx/is/image/aldiprodapac/product/jpg/scaleWidth/232/5ac38474-6c81-435d-9dd6-17bf52e3a957/Italian%20Style%20Yellowfin%20Tuna%20Chunks%20in%20Oil%2095g
Cocktail Truss Tomatoes 250g,$3.79,$15.16 per 1 kg,https://dm.apac.cms.aldi.cx/is/image/aldiprodapac/product/jpg/scaleWidth/232/c0cd2dba-8f95-47f1-a46c-a24b51dbc484/Cocktail%20Truss%20Tomatoes%20250g
Banana Bread Mix 400g,$1.99,$0.50 per 100 g,https://dm.apac.cms.aldi.cx/is/image/aldiprodapac/product/jpg/scaleWidth/232/4226b299-40f2-4f2f-8145-4616882d3a57/Banana%20Bread%20Mix%20400g
Assorted Bath Sheet 2 Pack,$34.99,,https://dm.apac.cms.aldi.cx/is/image/aldiprodapac/product/jpg/scaleWidth/232/802b51b7-73ce-401b-97fe-a51169b6c1d8/Assorted%20Bath%20Sheet%202%20Pack
Cherry Tomatoes in Tomato Juice 400g,$1.39,$3.48 per 1 kg,https://dm.apac.cms.aldi.cx/is/image/aldiprodapac/product/jpg/scaleWidth/232/0369db98-cf35-44d5-918c-3218f5934edb/Cherry%20Tomatoes%20in%20Tomato%20Juice%20400g
R2E2 Mango Each,$4.69,$4.69 per 1 each,https://dm.apac.cms.aldi.cx/is/image/aldiprodapac/product/jpg/scaleWidth/232/8fe15cd3-124a-4087-9049-f343bb8a5cfb/R2E2%20Mango%20Each
Graphic Markers 60 Pack,$19.99,,https://dm.apac.cms.aldi.cx/is/image/aldiprodapac/product/jpg/scaleWidth/232/fe78562e-2383-47e7-a109-38dca96f5f08/Graphic%20Markers%2060%20Pack
Party Mix 280g,$4.49,$1.60 per 100 g,https://dm.apac.cms.aldi.cx/is/image/aldiprodapac/product/jpg/scaleWidth/232/aa3d31eb-3a7c-432e-a134-63131f626930/Party%20Mix%20280g
Bellino Tomatoes 200g,$2.99,$14.95 per 1 kg,https://dm.apac.cms.aldi.cx/is/image/aldiprodapac/product/jpg/scaleWidth/232/18dead3e-3fe2-4c2c-838f-ae9c6a09fd6c/Bellino%20Tomatoes%20200g
White Loaf 800g,$2.99,$0.37 per 100 g,https://dm.apac.cms.aldi.cx/is/image/aldiprodapac/product/jpg/scaleWidth/232/2f2daf61-80a1-483b-afc2-f01475018eea/White%20Loaf%20800g
Almond Rounds 6 Pack 280g,$4.29,$1.53 per 100 g,https://dm.apac.cms.aldi.cx/is/image/aldiprodapac/product/jpg/scaleWidth/232/82ca8f1b-cab9-4575-a4cb-bf6ceb962b2c/Almond%20Rounds%206%20Pack%20280g
Cheddar Cheese Spread 250g,$2.89,$1.16 per 100 g,https://dm.apac.cms.aldi.cx/is/image/aldiprodapac/product/jpg/scaleWidth/232/df94f94d-425b-4d82-ba19-5c1a1d32b753/Cheddar%20Cheese%20Spread%20250g
Passionfruit Protein Yogurt 150g,$2.19,$1.46 per 100 g,https://dm.apac.cms.aldi.cx/is/image/aldiprodapac/product/jpg/scaleWidth/232/1b0e5e0f-69a3-40c8-8ab0-c8dd8e18031b/Passionfruit%20Protein%20Yogurt%20150g
Honey Soy RSPCA Approved Chicken Kebabs 800g,$11.29,$14.11 per 1 kg,https://dm.apac.cms.aldi.cx/is/image/aldiprodapac/product/jpg/scaleWidth/232/8b3b6e77-40f4-4777-9cbc-b56e2521e93f/Honey%20Soy%20RSPCA%20Approved%20Chicken%20Kebabs%20800g
Toilet Tissue Double Length 3 Ply 4 Pack,$3.79,$0.26 per 100 sheets,https://dm.apac.cms.aldi.cx/is/image/aldiprodapac/product/jpg/scaleWidth/232/a49637a6-8c4f-4440-b83c-820397d02e9c/Toilet%20Tissue%20Double%20Length%203%20Ply%204%20Pack
Telfast 10 Pack 120mg,$10.29,$1.03 per 1 each,https://dm.apac.cms.aldi.cx/is/image/aldiprodapac/product/jpg/scaleWidth/232/ea1ace19-7db0-4ed6-a820-9acd3b568983/Telfast%2010%20Pack%20120mg
Mustard German Style,$2.99,$1.15 per 100 g,https://dm.apac.cms.aldi.cx/is/image/aldiprodapac/product/jpg/scaleWidth/232/f71a946e-7842-4059-9d04-abbe7d7fbc89/Mustard%20German%20Style
Roti Bread 8 Pack 640g,$3.99,$0.62 per 100 g,https://dm.apac.cms.aldi.cx/is/image/aldiprodapac/product/jpg/scaleWidth/232/21d913eb-5c69-4c91-9535-b3853323f5d9/Roti%20Bread%208%20Pack%20640g
Classic Stand Mixer,$69.99,,https://dm.apac.cms.aldi.cx/is/image/aldiprodapac/product/jpg/scaleWidth/232/da13b60b-8a36-406a-a05c-0fd6db2fb511/Classic%20Stand%20Mixer
Instant Miso Soup Shitake Mushroom 4 Pack 60g,$1.99,$3.32 per 100 g,https://dm.apac.cms.aldi.cx/is/image/aldiprodapac/product/jpg/scaleWidth/232/c5161707-4b82-4ee2-8993-0d552d95e573/Instant%20Miso%20Soup%20Shitake%20Mushroom%204%20Pack%2060g
Onion Rings 500g,$4.89,$9.78 per 1 kg,https://dm.apac.cms.aldi.cx/is/image/aldiprodapac/product/jpg/scaleWidth/232/6a79f81a-7509-428b-aaea-da97b8398cfa/Onion%20Rings%20500g
Lighter in Alcohol Pinot Noir 2024 Vintage,$7.99,,https://dm.apac.cms.aldi.cx/is/image/aldiprodapac/product/jpg/scaleWidth/232/ce18bca9-1a75-4efc-a8e2-55357b30887b/Lighter%20in%20Alcohol%20Pinot%20Noir%202024%20Vintage
Choc Hazelnut Spread 400g,$3.49,$0.87 per 100 g,https://dm.apac.cms.aldi.cx/is/image/aldiprodapac/product/jpg/scaleWidth/232/9b757aab-2bcd-4272-abad-9cd1993694d3/Choc%20Hazelnut%20Spread%20400g
Outdoor Paint 4L,$39.99,$10.00 per 1 L,https://dm.apac.cms.aldi.cx/is/image/aldiprodapac/product/jpg/scaleWidth/232/c3bdf5cf-0581-48fc-b5ea-f6a7d6988800/Outdoor%20Paint%204L
Australian Extra Virgin Olive Oil Classic 500ml,$14.99,$3.00 per 100 ml,https://dm.apac.cms.aldi.cx/is/image/aldiprodapac/product/jpg/scaleWidth/232/54c8ce48-f10f-4056-bdc5-e65bb2492162/Australian%20Extra%20Virgin%20Olive%20Oil%20Classic%20500ml
Assorted Renew Expert Face Care,$12.99,$43.30 per 100 ml,https://dm.apac.cms.aldi.cx/is/image/aldiprodapac/product/jpg/scaleWidth/232/841f59f0-a24f-4020-98fb-8fbd472c9118/Assorted%20Renew%20Expert%20Face%20Care
Satay Marinade 375g,$2.09,$0.56 per 100 g,https://dm.apac.cms.aldi.cx/is/image/aldiprodapac/product/jpg/scaleWidth/232/b8996950-2e93-49db-a460-e03c20e00e39/Satay%20Marinade%20375g
Silk Scrunchies,$10.99,,https://dm.apac.cms.aldi.cx/is/image/aldiprodapac/product/jpg/scaleWidth/232/e2a82701-6a61-4e3d-9689-6c5aff6070aa/Silk%20Scrunchies
Black Beans 420g,$0.95,$2.26 per 1 kg,https://dm.apac.cms.aldi.cx/is/image/aldiprodapac/product/jpg/scaleWidth/232/e2923273-f168-4611-ba21-391da97ae65b/Black%20Beans%20420g
Refreshing Cucumber and Green Tea Shower Gel 1L,$4.39,$0.44 per 100 ml,https://dm.apac.cms.aldi.cx/is/image/aldiprodapac/product/jpg/scaleWidth/232/403153d1-41f6-4cec-a94b-9fc662601909/Refreshing%20Cucumber%20and%20Green%20Tea%20Shower%20Gel%201L
Dog Treat Pigs Ears 5 Pack,$13.49,$2.70 per 1 each,https://dm.apac.cms.aldi.cx/is/image/aldiprodapac/product/jpg/scaleWidth/232/630e1b1a-e9ca-41f1-9e51-8aff6426eadc/Dog%20Treat%20Pigs%20Ears%205%20Pack
Solar LED Street Light,$39.99,,https://dm.apac.cms.aldi.cx/is/image/aldiprodapac/product/jpg/scaleWidth/232/996f51ac-0dd2-40bf-ba6a-028731d41697/Solar%20LED%20Street%20Light
Chocolate Gourmet Ice Cream 1L,$5.99,$0.60 per 100 ml,https://dm.apac.cms.aldi.cx/is/image/aldiprodapac/product/jpg/scaleWidth/232/f42745be-4be2-43ec-a213-e38cbe21fce1/Chocolate%20Gourmet%20Ice%20Cream%201L
Choco & Biscuit Cappuccino 300g,$6.99,$2.33 per 100 g,https://dm.apac.cms.aldi.cx/is/image/aldiprodapac/product/jpg/scaleWidth/232/be4cea9f-81f3-4819-92e8-76ddf222522c/Choco%20%20Biscuit%20Cappuccino%20300g
Blueberries 500g,$5.19,$10.38 per 1 kg,https://dm.apac.cms.aldi.cx/is/image/aldiprodapac/product/jpg/scaleWidth/232/500342c6-6098-41be-b154-f34a8ac50f6a/Blueberries%20500g
Calibre 6 Blade System Kit Replacement Cartidges 4 Pack,$6.89,,https://dm.apac.cms.aldi.cx/is/image/aldiprodapac/product/jpg/scaleWidth/232/0404a7f1-304b-46dc-904c-72bb72273c0f/Calibre%206%20Blade%20System%20Kit%20Replacement%20Cartidges%204%20Pack
Kensington Pride Mango Each,$2.99,$2.99 per 1 each,https://dm.apac.cms.aldi.cx/is/content/aldiprodapac/1001860-2_COMING-SOON-GREYSCALE_RGB_OUTLINED_1200x1200
Choco Air Milk Chocolate 100g,$2.49,$2.49 per 100 g,https://dm.apac.cms.aldi.cx/is/image/aldiprodapac/product/jpg/scaleWidth/232/75be0304-90d5-40e6-9e25-b9d96d1d48c0/Choco%20Air%20Milk%20Chocolate%20100g
"PUREWICK, Reed Diffuser 120m, ArabicaNoir",$7.99,,https://dm.apac.cms.aldi.cx/is/image/aldiprodapac/product/jpg/scaleWidth/232/96b857d2-b0d9-4f57-b807-25d2434203b4/PUREWICK%20Reed%20Diffuser%20120m%20ArabicaNoir
Mixed Herb Atlantic Salmon Fillets 250g,$8.49,$33.96 per 1 kg,https://dm.apac.cms.aldi.cx/is/image/aldiprodapac/product/jpg/scaleWidth/232/f645bf79-e22e-4abc-b147-f2d87e3a3a66/Mixed%20Herb%20Atlantic%20Salmon%20Fillets%20250g
Barramundi Fillets 1kg,$20.99,$20.99 per 1 kg,https://dm.apac.cms.aldi.cx/is/image/aldiprodapac/product/jpg/scaleWidth/232/5ab42d82-8d94-4dfe-bd8a-3188841c7d32/Barramundi%20Fillets%201kg
Vietnamese Style Vegetable Flavoured Pho Bowl 75g,$1.99,$2.65 per 100 g,https://dm.apac.cms.aldi.cx/is/image/aldiprodapac/product/jpg/scaleWidth/232/b79f8198-2ddd-4fab-addd-f97f91538e47/Vietnamese%20Style%20Vegetable%20Flavoured%20Pho%20Bowl%2075g
Snakos Cheddar 200g,$1.79,$0.90 per 100 g,https://dm.apac.cms.aldi.cx/is/image/aldiprodapac/product/jpg/scaleWidth/232/70fc04a2-0719-4f94-a014-477097430f4a/Snakos%20Cheddar%20200g
Tomato and Capsicum with Basil Soup 430g,$2.99,$0.70 per 100 g,https://dm.apac.cms.aldi.cx/is/image/aldiprodapac/product/jpg/scaleWidth/232/293dd69f-1b85-46c0-8a46-2bb05f09024f/Tomato%20and%20Capsicum%20with%20Basil%20Soup%20430g
Chicken Breast Schnitzel Original Crumb 4 Pack 400g,$4.99,$12.48 per 1 kg,https://dm.apac.cms.aldi.cx/is/image/aldiprodapac/product/jpg/scaleWidth/232/aaccfb5a-bfcb-452d-87d4-2678928b1e56/Chicken%20Breast%20Schnitzel%20Original%20Crumb%204%20Pack%20400g
Thai Chilli & Lime Extra Crunch Flavoured Deli Style Potato Chips 175g,$2.99,$1.71 per 100 g,https://dm.apac.cms.aldi.cx/is/image/aldiprodapac/product/jpg/scaleWidth/232/753ea714-004f-4f46-bd75-46c9cf4168a2/Thai%20Chilli%20%20Lime%20Extra%20Crunch%20Flavoured%20Deli%20Style%20Potato%20Chips%20175g
Assorted Men's and Women's Anti-Perspirant Roll On Deodorant 45ml,$2.99,$6.64 per 100 ml,https://dm.apac.cms.aldi.cx/is/image/aldiprodapac/product/jpg/scaleWidth/232/71312e4d-b04c-4186-8927-ca656439d969/Assorted%20Mens%20and%20Womens%20AntiPerspirant%20Roll%20On%20Deodorant%2045ml
Chicken & Leek Pies in Camembert Sauce 2 Pack 420g,$6.49,$1.55 per 100 g,https://dm.apac.cms.aldi.cx/is/image/aldiprodapac/product/jpg/scaleWidth/232/e4604262-f764-459c-a882-6ec7f3ad0c96/Chicken%20%20Leek%20Pies%20in%20Camembert%20Sauce%202%20Pack%20420g
Ibuprofen Liquid Gel Capsules 20 Pack 200mg,$2.39,$0.12 per 1 each,https://dm.apac.cms.aldi.cx/is/image/aldiprodapac/product/jpg/scaleWidth/232/5b526671-d4b9-4a75-8785-5e96645431b0/Ibuprofen%20Liquid%20Gel%20Capsules%2020%20Pack%20200mg
Gourmet Tomatoes Loose,$0.84/0.14 kg,$5.99 per 1 kg,https://dm.apac.cms.aldi.cx/is/image/aldiprodapac/product/jpg/scaleWidth/232/8aaeeb80-2fa8-4d68-9117-ae6bfcd16d07/Gourmet%20Tomatoes%20Loose
Dog Food Meaty Bites Chicken with Eggs & Parsley 1kg,$5.39,$0.54 per 100 g,https://dm.apac.cms.aldi.cx/is/image/aldiprodapac/product/jpg/scaleWidth/232/c276f67c-bf49-4442-ad57-235ce7a3a7fc/Dog%20Food%20Meaty%20Bites%20Chicken%20with%20Eggs%20%20Parsley%201kg
Tuna Chunks in Springwater 95g,$1.09,$11.47 per 1 kg,https://dm.apac.cms.aldi.cx/is/image/aldiprodapac/product/jpg/scaleWidth/232/06b78406-5ea8-4ea6-84dd-127a6ac76fd3/Tuna%20Chunks%20in%20Springwater%2095g
Gluten Free Golden Butter Cake Mix with Icing 470g,$3.99,$0.85 per 100 g,https://dm.apac.cms.aldi.cx/is/image/aldiprodapac/product/jpg/scaleWidth/232/463cdb39-7976-4f18-93b1-49c6ba9385dd/Gluten%20Free%20Golden%20Butter%20Cake%20Mix%20with%20Icing%20470g
Flying Insect Spray Fast Knockdown 300g,$2.79,$0.93 per 100 g,https://dm.apac.cms.aldi.cx/is/image/aldiprodapac/product/jpg/scaleWidth/232/5540544c-69c2-4f9c-ba4b-8db394671f88/Flying%20Insect%20Spray%20Fast%20Knockdown%20300g
Fresh Spearmint Gum 64g,$2.99,$4.67 per 100 g,https://dm.apac.cms.aldi.cx/is/image/aldiprodapac/product/jpg/scaleWidth/232/227b9c66-766c-4ab6-8c0c-b7b7c3aad244/Fresh%20Spearmint%20Gum%2064g
Pork Leg Roast Boneless,$19.98,$9.99 per 1 kg,https://dm.apac.cms.aldi.cx/is/image/aldiprodapac/product/jpg/scaleWidth/232/5e7235c2-c406-4f4b-aaa4-cacbb98bccfb/Pork%20Leg%20Roast%20Boneless
Utopia Mini Variety Pack 6 Pack 360ml,$5.99,$1.66 per 100 ml,https://dm.apac.cms.aldi.cx/is/image/aldiprodapac/product/jpg/scaleWidth/232/e27027f4-0e26-43d5-b585-1032c54fd5c2/Utopia%20Mini%20Variety%20Pack%206%20Pack%20360ml
Protein Smoothie Mix Blueberry 450g,$5.99,$13.31 per 1 kg,https://dm.apac.cms.aldi.cx/is/image/aldiprodapac/product/jpg/scaleWidth/232/85cfb4bc-7820-4267-9507-4369202f52d3/Protein%20Smoothie%20Mix%20Blueberry%20450g
Queen Air Mattress 240V,$59.99,,https://dm.apac.cms.aldi.cx/is/image/aldiprodapac/product/jpg/scaleWidth/232/97acc34c-7b2b-4b37-8e93-a94003e22f22/Queen%20Air%20Mattress%20240V
Portuguese Style Chicken 350g,$6.99,$2.00 per 100 g,https://dm.apac.cms.aldi.cx/is/content/aldiprodapac/1001860-2_COMING-SOON-GREYSCALE_RGB_OUTLINED_1200x1200
Delightful Classic Chocolate Hazelnut Nougat Pralines 125g,$5.99,$4.79 per 100 g,https://dm.apac.cms.aldi.cx/is/image/aldiprodapac/product/jpg/scaleWidth/232/a0863ea8-a6d8-42ac-aeb6-df189dfc466e/Delightful%20Classic%20Chocolate%20Hazelnut%20Nougat%20Pralines%20125g
Spinach 250g,$1.09,$4.36 per 1 kg,https://dm.apac.cms.aldi.cx/is/image/aldiprodapac/product/jpg/scaleWidth/232/3e92cd2b-9ad3-40f1-b586-f4e4c8710278/Spinach%20250g
Pork Mince 500g,$4.69,$9.38 per 1 kg,https://dm.apac.cms.aldi.cx/is/image/aldiprodapac/product/jpg/scaleWidth/232/c995a84c-e54e-42a8-9c39-3f8285b6409e/Pork%20Mince%20500g
Tarp Pole or Spreader Bar,$12.99,,https://dm.apac.cms.aldi.cx/is/image/aldiprodapac/product/jpg/scaleWidth/232/460a8f4a-633a-4e16-8e30-f486a5c69026/Tarp%20Pole%20or%20Spreader%20Bar
Delle Venezie Pinot Grigio 750ml,$9.99,,https://dm.apac.cms.aldi.cx/is/image/aldiprodapac/product/jpg/scaleWidth/232/081e1811-abb2-42a3-b1a8-a5a2ce5ac1a1/Delle%20Venezie%20Pinot%20Grigio%20750ml
Superfood Mix 400g,$7.99,$19.98 per 1 kg,https://dm.apac.cms.aldi.cx/is/image/aldiprodapac/product/jpg/scaleWidth/232/095f2b29-a9f3-4392-b70e-c259694effd6/Superfood%20Mix%20400g
Natural Walnuts 200g,$4.89,$24.45 per 1 kg,https://dm.apac.cms.aldi.cx/is/image/aldiprodapac/product/jpg/scaleWidth/232/e23aa084-3a11-4ceb-86b9-c58e4973d70f/Natural%20Walnuts%20200g
Berry Bears Gummies 35g,$1.79,$5.11 per 100 g,https://dm.apac.cms.aldi.cx/is/image/aldiprodapac/product/jpg/scaleWidth/232/56a4e78e-8d4f-48f4-aab7-4d263112a25e/Berry%20Bears%20Gummies%2035g
Garlic Infused Extra Virgin Olive Oil 250ml,$5.99,$2.40 per 100 ml,https://dm.apac.cms.aldi.cx/is/image/aldiprodapac/product/jpg/scaleWidth/232/6796d254-c122-41a4-ae22-a89678c3545e/Garlic%20Infused%20Extra%20Virgin%20Olive%20Oil%20250ml
First Aid Strips,$1.99,$0.02 per 1 each,https://dm.apac.cms.aldi.cx/is/image/aldiprodapac/product/jpg/scaleWidth/232/8d4ba034-875b-41fb-91ac-abff2331843e/First%20Aid%20Strips
Vanilla Flavour Traditional Cake Mix with Icing 440g,$2.29,$0.52 per 100 g,https://dm.apac.cms.aldi.cx/is/image/aldiprodapac/product/jpg/scaleWidth/232/45114da1-911a-41f5-91d8-ca427beabaec/Vanilla%20Flavour%20Traditional%20Cake%20Mix%20with%20Icing%20440g
"Adult Dog Food Homestyle with Lamb, Pasta & Vegetables 700g",$2.29,$0.33 per 100 g,https://dm.apac.cms.aldi.cx/is/image/aldiprodapac/product/jpg/scaleWidth/232/9708436d-3fbf-4aa8-ae95-e5de9c6c9f45/Adult%20Dog%20Food%20Homestyle%20with%20Lamb%20Pasta%20%20Vegetables%20700g
Garlic Bread 2 Pack 450g,$2.09,$0.46 per 100 g,https://dm.apac.cms.aldi.cx/is/image/aldiprodapac/product/jpg/scaleWidth/232/2391ce73-530a-4186-8bb3-2e97fbae50ba/Garlic%20Bread%202%20Pack%20450g
Prosciutto Wrapped RSPCA Approved Chicken Breast Parmigiana 2 Pack 500g,$9.99,$19.98 per 1 kg,https://dm.apac.cms.aldi.cx/is/image/aldiprodapac/product/jpg/scaleWidth/232/6b1a9886-6d04-4ab9-975c-aa1b4e8bba40/Prosciutto%20Wrapped%20RSPCA%20Approved%20Chicken%20Breast%20Parmigiana%202%20Pack%20500g
The Bellini 750mL,$9.99,,https://dm.apac.cms.aldi.cx/is/image/aldiprodapac/product/jpg/scaleWidth/232/ed1c9727-7757-4eba-85e5-903e3b9ee3a4/The%20Bellini%20750mL
Soy Light Milk 1L,$1.75,$1.75 per 1 L,https://dm.apac.cms.aldi.cx/is/image/aldiprodapac/product/jpg/scaleWidth/232/a27d8d40-26f1-4bc4-b57f-f7fc13983a81/Soy%20Light%20Milk%201L
Nelson Boysenberry Ice Cream 6 Pack 360ml,$7.99,$2.22 per 100 ml,https://dm.apac.cms.aldi.cx/is/image/aldiprodapac/product/jpg/scaleWidth/232/5a7dbed4-0810-4798-8a37-aa80fd3fa413/Nelson%20Boysenberry%20Ice%20Cream%206%20Pack%20360ml
Dark Chocolate Digestives 300g,$2.99,$1.00 per 100 g,https://dm.apac.cms.aldi.cx/is/image/aldiprodapac/product/jpg/scaleWidth/232/e2862d6f-c87f-4369-aa40-26fe14a8d29f/Dark%20Chocolate%20Digestives%20300g
Bars Date & Chia 6 Pack 180g,$4.49,$2.49 per 100 g,https://dm.apac.cms.aldi.cx/is/image/aldiprodapac/product/jpg/scaleWidth/232/1cfc5662-f12b-415d-8a59-59e6bed95ea3/Bars%20Date%20%20Chia%206%20Pack%20180g
Dark Caramel Sea Salt Chocolate Block 200g,$4.99,$2.50 per 100 g,https://dm.apac.cms.aldi.cx/is/image/aldiprodapac/product/jpg/scaleWidth/232/2e3c8a6e-2a13-47fd-8b66-ebdd238aec42/Dark%20Caramel%20Sea%20Salt%20Chocolate%20Block%20200g
Cat Food Grilled Collection Poulty & Seafood in Gravy 8 Pack 85g,$8.49,$1.25 per 100 g,https://dm.apac.cms.aldi.cx/is/image/aldiprodapac/product/jpg/scaleWidth/232/0b5942f0-4760-4f88-8f96-49c71791b287/Cat%20Food%20Grilled%20Collection%20Poulty%20%20Seafood%20in%20Gravy%208%20Pack%2085g
Calabrese Salami & Roasted Red Peppers Wood Fired Pizza 420g,$7.99,$1.90 per 100 g,https://dm.apac.cms.aldi.cx/is/image/aldiprodapac/product/jpg/scaleWidth/232/308eff02-6fc5-47d6-aac7-3041edc0dd58/Calabrese%20Salami%20%20Roasted%20Red%20Peppers%20Wood%20Fired%20Pizza%20420g
Assorted Fabric Softener Concentrate 1L,$3.69,$3.69 per 1 L,https://dm.apac.cms.aldi.cx/is/image/aldiprodapac/product/jpg/scaleWidth/232/f1493d2d-5210-420a-a5c0-d0af82234385/Assorted%20Fabric%20Softener%20Concentrate%201L
Orange Marmalade 500g,$2.69,$0.54 per 100 g,https://dm.apac.cms.aldi.cx/is/image/aldiprodapac/product/jpg/scaleWidth/232/d8075d1c-7d76-4e8b-9585-81af1c06236f/Orange%20Marmalade%20500g
Family Snack Mix 500g,$5.99,$11.98 per 1 kg,https://dm.apac.cms.aldi.cx/is/image/aldiprodapac/product/jpg/scaleWidth/232/e384d736-c1eb-46a1-9b92-6324a4e35fb6/Family%20Snack%20Mix%20500g
Butter Chicken Marinated Chicken Thigh Steaks 500g,$8.99,$17.98 per 1 kg,https://dm.apac.cms.aldi.cx/is/image/aldiprodapac/product/jpg/scaleWidth/232/0002b7a1-aac8-4479-b2dd-8b07866fdcea/Butter%20Chicken%20Marinated%20Chicken%20Thigh%20Steaks%20500g
Original Chips 150g,$2.99,$1.99 per 100 g,https://dm.apac.cms.aldi.cx/is/image/aldiprodapac/product/jpg/scaleWidth/232/14f4470c-2277-4b34-84bb-324408576c7a/Original%20Chips%20150g
No Sugar Cola Soft Drink 12x375ml,$8.99,$2.00 per 1 L,https://dm.apac.cms.aldi.cx/is/image/aldiprodapac/product/jpg/scaleWidth/232/9d04647b-84bd-44f0-853c-46ed2cd8f768/No%20Sugar%20Cola%20Soft%20Drink%2012x375ml
Chicken Parmigiana 320g,$5.79,$1.81 per 100 g,https://dm.apac.cms.aldi.cx/is/image/aldiprodapac/product/jpg/scaleWidth/232/d0f2f8b9-d8a9-4d65-8adb-9ed88ea59f48/Chicken%20Parmigiana%20320g
Angus Beef Pizza 320g,$5.99,$1.87 per 100 g,https://dm.apac.cms.aldi.cx/is/image/aldiprodapac/product/jpg/scaleWidth/232/5a29e045-547a-4c61-9420-251516985cf9/Angus%20Beef%20Pizza%20320g
Lasagne Pasta Sheets 250g,$1.99,$0.80 per 100 g,https://dm.apac.cms.aldi.cx/is/image/aldiprodapac/product/jpg/scaleWidth/232/2aee6df7-ba98-4f6c-8688-af14b2b2378b/Lasagne%20Pasta%20Sheets%20250g
Sundried Tomato Pesto 190g,$1.89,$0.99 per 100 g,https://dm.apac.cms.aldi.cx/is/image/aldiprodapac/product/jpg/scaleWidth/232/dd61ce2d-fb6f-416a-abb8-cc5622d93393/Sundried%20Tomato%20Pesto%20190g
Chorizo Twin Pack 220g,$4.99,$22.68 per 1 kg,https://dm.apac.cms.aldi.cx/is/image/aldiprodapac/product/jpg/scaleWidth/232/b85cb562-5c0a-4731-8933-e3d149200ef6/Chorizo%20Twin%20Pack%20220g
Apple & Oatmeal 6+ Months Baby Food 120g,$0.95,$0.79 per 100 g,https://dm.apac.cms.aldi.cx/is/image/aldiprodapac/product/jpg/scaleWidth/232/65d480c9-45b9-431b-8cab-45005ab2b718/Apple%20%20Oatmeal%206%20Months%20Baby%20Food%20120g
Meat Pies 6 Pack 900g,$5.49,$0.61 per 100 g,https://dm.apac.cms.aldi.cx/is/image/aldiprodapac/product/jpg/scaleWidth/232/52c21a57-c0cd-4a3c-b38f-346eb31a61d6/Meat%20Pies%206%20Pack%20900g
Pickle Chips Mango Habanero 680g,$2.99,$4.40 per 1 kg,https://dm.apac.cms.aldi.cx/is/image/aldiprodapac/product/jpg/scaleWidth/232/ec7100c6-ea77-4e23-8bd5-34ee18be1e93/Pickle%20Chips%20Mango%20Habanero%20680g
Coffee-Mate 400g,$4.49,$1.12 per 100 g,https://dm.apac.cms.aldi.cx/is/image/aldiprodapac/product/jpg/scaleWidth/232/ec90edb3-5495-4871-b174-bf890972a788/CoffeeMate%20400g
Non Alcoholic Beer 4pk,$6.99,,https://dm.apac.cms.aldi.cx/is/image/aldiprodapac/product/jpg/scaleWidth/232/19c1816a-e9e3-4745-9241-6bf476d94174/Non%20Alcoholic%20Beer%204pk
Finest Dark 90% Cocoa Chocolate 5 Pack 125g,$4.99,$3.99 per 100 g,https://dm.apac.cms.aldi.cx/is/image/aldiprodapac/product/jpg/scaleWidth/232/8e81f624-c70c-45d9-af4e-059ba012abf9/Finest%20Dark%2090%25%20Cocoa%20Chocolate%205%20Pack%20125g
Butter Chicken Naanwich 200g,$4.99,$2.50 per 100 g,https://dm.apac.cms.aldi.cx/is/image/aldiprodapac/product/jpg/scaleWidth/232/6751b9cf-092c-4102-99fa-42d92c9debfc/Butter%20Chicken%20Naanwich%20200g
Chocolate Flavoured Gelato 4 Pack 400ml,$5.99,$1.50 per 100 ml,https://dm.apac.cms.aldi.cx/is/image/aldiprodapac/product/jpg/scaleWidth/232/6e231312-f846-40f1-8b57-a058f2f75082/Chocolate%20Flavoured%20Gelato%204%20Pack%20400ml
Steak Cut Chips 750g,$2.99,$3.99 per 1 kg,https://dm.apac.cms.aldi.cx/is/image/aldiprodapac/product/jpg/scaleWidth/232/4f0bc372-8a15-43f2-b40a-6c2e41ba51ec/Steak%20Cut%20Chips%20750g
Camphor 2 Pack,$2.49,$1.25 per 1 each,https://dm.apac.cms.aldi.cx/is/image/aldiprodapac/product/jpg/scaleWidth/232/3d4014d6-e186-4919-afa8-cea4019eb75a/Camphor%202%20Pack
Vin De Sud Pinot Noir 2024,$8.99,,https://dm.apac.cms.aldi.cx/is/image/aldiprodapac/product/jpg/scaleWidth/232/702a35ca-3153-4e37-a025-c19c9d3986ef/Vin%20De%20Sud%20Pinot%20Noir%202024
Burger Rings Party Bag 220g,$3.99,$1.81 per 100 g,https://dm.apac.cms.aldi.cx/is/image/aldiprodapac/product/jpg/scaleWidth/232/fd15c1ba-d15b-4178-bfbf-a6d4488deb62/Burger%20Rings%20Party%20Bag%20220g
Marinated Honey Soy RSPCA Approved Chicken Drumsticks 1.5kg,$8.99,$5.99 per 1 kg,https://dm.apac.cms.aldi.cx/is/image/aldiprodapac/product/jpg/scaleWidth/232/72ef50ab-8026-419a-ae0f-44103acd485a/Marinated%20Honey%20Soy%20RSPCA%20Approved%20Chicken%20Drumsticks%201.5kg
Empanadas Spiced Corn 8 Pack 200g,$4.99,$2.50 per 100 g,https://dm.apac.cms.aldi.cx/is/image/aldiprodapac/product/jpg/scaleWidth/232/bbcdc58b-f3b6-49f3-aacc-d58fdfa04be1/Empanadas%20Spiced%20Corn%208%20Pack%20200g
Pulled Beef Brisket 500g,$10.99,$21.98 per 1 kg,https://dm.apac.cms.aldi.cx/is/image/aldiprodapac/product/jpg/scaleWidth/232/70ec9d1e-b289-4f59-af3a-1854c0752ce6/Pulled%20Beef%20Brisket%20500g
Pork Dumplings 750g,$8.99,$1.20 per 100 g,https://dm.apac.cms.aldi.cx/is/image/aldiprodapac/product/jpg/scaleWidth/232/07135ec1-72c3-48e4-a17c-0087a7a8e1b9/Pork%20Dumplings%20750g
Honey Glazed Ham 150g,$2.99,$1.99 per 100 g,https://dm.apac.cms.aldi.cx/is/image/aldiprodapac/product/jpg/scaleWidth/232/0a1b5539-bc05-40dc-8821-392736e13581/Honey%20Glazed%20Ham%20150g
BBQ Pork Scotch Fillet Steak Honey & Pepper 400g,$8.99,$22.48 per 1 kg,https://dm.apac.cms.aldi.cx/is/image/aldiprodapac/product/jpg/scaleWidth/232/3e8c62c1-6e99-4486-a283-52a4208e215d/BBQ%20Pork%20Scotch%20Fillet%20Steak%20Honey%20%20Pepper%20400g
"Beef, Sweet Potato & Parsnip 6+ Months Baby Food 120g",$0.95,$0.79 per 100 g,https://dm.apac.cms.aldi.cx/is/image/aldiprodapac/product/jpg/scaleWidth/232/789fc2e2-d0a7-4f80-934e-2e3be66b1cbc/Beef%20Sweet%20Potato%20%20Parsnip%206%20Months%20Baby%20Food%20120g
Balla Stixx Strawberry 200g,$3.49,$1.75 per 100 g,https://dm.apac.cms.aldi.cx/is/image/aldiprodapac/product/jpg/scaleWidth/232/ccca6317-1464-4245-8c06-2270ece2fbac/Balla%20Stixx%20Strawberry%20200g
Salt Reduced Butter Spread 375g,$9.49,$2.53 per 100 g,https://dm.apac.cms.aldi.cx/is/image/aldiprodapac/product/jpg/scaleWidth/232/6d15b712-40a6-467e-856c-8760c96fcf05/Salt%20Reduced%20Butter%20Spread%20375g
Almond Hazelnut & Vanilla Premium Nut Bars 5 Pack 175g,$3.99,$2.28 per 100 g,https://dm.apac.cms.aldi.cx/is/image/aldiprodapac/product/jpg/scaleWidth/232/5ea6bcaf-70e8-451d-8bf9-e80907b59d70/Almond%20Hazelnut%20%20Vanilla%20Premium%20Nut%20Bars%205%20Pack%20175g
Hot Dog Rolls 6 Pack 450g,$2.49,$0.42 per 1 each,https://dm.apac.cms.aldi.cx/is/image/aldiprodapac/product/jpg/scaleWidth/232/74cfa3d0-7183-4eaf-a854-a21d1c63a188/Hot%20Dog%20Rolls%206%20Pack%20450g
Classic Gin 700mL,$36.99,,https://dm.apac.cms.aldi.cx/is/image/aldiprodapac/product/jpg/scaleWidth/232/a027f130-19d0-4379-9032-e692bd6a4872/Classic%20Gin%20700mL
Madras Simmer Sauce 450g,$3.99,$0.89 per 100 g,https://dm.apac.cms.aldi.cx/is/image/aldiprodapac/product/jpg/scaleWidth/232/151dbd27-fa1c-4baa-8958-8a16d77c0283/Madras%20Simmer%20Sauce%20450g
Natural Peanut Butter Crunchy 375g,$3.99,$1.06 per 100 g,https://dm.apac.cms.aldi.cx/is/image/aldiprodapac/product/jpg/scaleWidth/232/36264a46-f475-4683-b9d8-86942cedfda2/Natural%20Peanut%20Butter%20Crunchy%20375g
100% Australian Honey Twist & Squeeze 375g,$4.99,$1.33 per 100 g,https://dm.apac.cms.aldi.cx/is/image/aldiprodapac/product/jpg/scaleWidth/232/0ffa0893-9d5f-4b19-80fa-05a6f4be037a/100%25%20Australian%20Honey%20Twist%20%20Squeeze%20375g
Assorted LED Puck Lights 4 Pack,$24.99,,https://dm.apac.cms.aldi.cx/is/image/aldiprodapac/product/jpg/scaleWidth/232/aa9cd111-a282-42e9-ae08-76c4ccc7d300/Assorted%20LED%20Puck%20Lights%204%20Pack
Camomile Herbal Infusions 40 Pack 60g,$1.69,$0.04 per 1 each,https://dm.apac.cms.aldi.cx/is/image/aldiprodapac/product/jpg/scaleWidth/232/69b07f2f-30c0-44bf-a1bf-3ed684195181/Camomile%20Herbal%20Infusions%2040%20Pack%2060g
Chicken Flavour Stock Cubes 21 Pack 105g,$2.49,$0.24 per 10 g,https://dm.apac.cms.aldi.cx/is/image/aldiprodapac/product/jpg/scaleWidth/232/1422df1e-3bb7-47c0-862a-829a35114b03/Chicken%20Flavour%20Stock%20Cubes%2021%20Pack%20105g
Peanut Puffs 200g,$2.99,$1.50 per 100 g,https://dm.apac.cms.aldi.cx/is/image/aldiprodapac/product/jpg/scaleWidth/232/5de375c3-b070-4671-8e46-eff411611b00/Peanut%20Puffs%20200g
Burger Buns 6 Pack 480g,$2.49,$0.42 per 1 each,https://dm.apac.cms.aldi.cx/is/image/aldiprodapac/product/jpg/scaleWidth/232/6bec3bd4-8cd7-4586-a4d2-1c68b6b01b2d/Burger%20Buns%206%20Pack%20480g
Maasdam Cheese Slices 200g,$4.39,$21.95 per 1 kg,https://dm.apac.cms.aldi.cx/is/image/aldiprodapac/product/jpg/scaleWidth/232/f231f27a-03ff-4438-a5f6-f4929b8f0935/Maasdam%20Cheese%20Slices%20200g
Le Bag Recycl√©,$0.99,$0.99 per 1 each,https://dm.apac.cms.aldi.cx/is/image/aldiprodapac/product/jpg/scaleWidth/232/b44f7333-5a2f-4b38-811d-effedc1147e8/Le%20Bag%20Recycl
RSPCA Approved Chicken Breast Stir Fry,$7.71,$13.99 per 1 kg,https://dm.apac.cms.aldi.cx/is/image/aldiprodapac/product/jpg/scaleWidth/232/756752c8-601e-4e2b-a3b3-ca86cb9bd294/RSPCA%20Approved%20Chicken%20Breast%20Stir%20Fry
Royal Gala Apples Loose,$0.96/0.16 kg,$5.99 per 1 kg,https://dm.apac.cms.aldi.cx/is/image/aldiprodapac/product/jpg/scaleWidth/232/a545c285-c64b-4d87-ac8b-0bbd19a80204/Royal%20Gala%20Apples%20Loose
Mild Sopressa Sliced Salami 100g,$3.79,$37.90 per 1 kg,https://dm.apac.cms.aldi.cx/is/image/aldiprodapac/product/jpg/scaleWidth/232/fe6e5e75-d9e8-4f34-9a89-e57c4e666fad/Mild%20Sopressa%20Sliced%20Salami%20100g
Hand or Foot Masks Assorted,$4.99,$20.79 per 100 g,https://dm.apac.cms.aldi.cx/is/image/aldiprodapac/product/jpg/scaleWidth/232/e4f1d4aa-a4f2-41dc-9947-949fda7edff6/Hand%20or%20Foot%20Masks%20Assorted
Original Ginger Beer 6x375ml,$6.69,$2.97 per 1 L,https://dm.apac.cms.aldi.cx/is/image/aldiprodapac/product/jpg/scaleWidth/232/0313114f-2376-4d9f-800c-8e6196847c51/Original%20Ginger%20Beer%206x375ml
Vita Grain Original Wholegrain Crackers 250g,$2.69,$1.08 per 100 g,https://dm.apac.cms.aldi.cx/is/image/aldiprodapac/product/jpg/scaleWidth/232/343a878c-598f-4284-91c5-1383ad327292/Vita%20Grain%20Original%20Wholegrain%20Crackers%20250g
Sharepack 200g,$3.99,$2.00 per 100 g,https://dm.apac.cms.aldi.cx/is/image/aldiprodapac/product/jpg/scaleWidth/232/b91bd181-78e5-459f-8159-2e132ec92a07/Sharepack%20200g
Mini Cookies Choc Chip 8 Pack 180g,$2.35,$1.31 per 100 g,https://dm.apac.cms.aldi.cx/is/image/aldiprodapac/product/jpg/scaleWidth/232/ab468c73-c967-4d40-96a6-ea0b8f75c3d8/Mini%20Cookies%20Choc%20Chip%208%20Pack%20180g
Body Care Moisturising Body Wash 1L,$5.99,$0.60 per 100 ml,https://dm.apac.cms.aldi.cx/is/image/aldiprodapac/product/jpg/scaleWidth/232/f1df215d-d40f-498f-b00d-81d7f160fd9c/Body%20Care%20Moisturising%20Body%20Wash%201L
Microwave Popcorn 4 Pack 400g,$4.99,$1.25 per 100 g,https://dm.apac.cms.aldi.cx/is/image/aldiprodapac/product/jpg/scaleWidth/232/9bbc6bcc-bd58-4030-9a95-73f6b39974a5/Microwave%20Popcorn%204%20Pack%20400g
Tuna Chunks in Brine 425g,$3.29,$7.74 per 1 kg,https://dm.apac.cms.aldi.cx/is/image/aldiprodapac/product/jpg/scaleWidth/232/a98cf5d1-ccdd-4491-a5d4-bf8e2d9feb6d/Tuna%20Chunks%20in%20Brine%20425g
"Garlic, Basil & Parmesan Chips 600g",$3.99,$6.65 per 1 kg,https://dm.apac.cms.aldi.cx/is/image/aldiprodapac/product/jpg/scaleWidth/232/558d9ca9-4344-4e2a-abd1-558adc43ed26/Garlic%20Basil%20%20Parmesan%20Chips%20600g
Potato Gratin 400g,$4.49,$11.23 per 1 kg,https://dm.apac.cms.aldi.cx/is/image/aldiprodapac/product/jpg/scaleWidth/232/dd444470-51bf-44ec-be07-af2e905359f1/Potato%20Gratin%20400g
Leg Shaved Honey Ham 250g,$4.19,$16.76 per 1 kg,https://dm.apac.cms.aldi.cx/is/image/aldiprodapac/product/jpg/scaleWidth/232/bd1090db-a195-4178-b66a-d5fefdb5d3a7/Leg%20Shaved%20Honey%20Ham%20250g
Marinated RSPCA Approved Chicken Breast Steaks,$9.00,$17.99 per 1 kg,https://dm.apac.cms.aldi.cx/is/image/aldiprodapac/product/jpg/scaleWidth/232/e91665cd-7fce-49c3-84fd-058d58330c2b/Marinated%20RSPCA%20Approved%20Chicken%20Breast%20Steaks
Cider 6 Pack,$11.99,,https://dm.apac.cms.aldi.cx/is/image/aldiprodapac/product/jpg/scaleWidth/232/710c4280-8544-475e-a79a-38ba1d848c71/Cider%206%20Pack
Lawn Grub Killer 2.5kg,$19.99,,https://dm.apac.cms.aldi.cx/is/image/aldiprodapac/product/jpg/scaleWidth/232/027bc8ad-18d8-46f1-8c05-2f8068fa1f3d/Lawn%20Grub%20Killer%202.5kg
Long Grain Rice 2kg,$3.59,$0.18 per 100 g,https://dm.apac.cms.aldi.cx/is/image/aldiprodapac/product/jpg/scaleWidth/232/f741576a-2c44-4fa6-98ce-06a083c58a94/Long%20Grain%20Rice%202kg
Vanilla Bean Gourmet Ice Cream 1L,$5.99,$0.60 per 100 ml,https://dm.apac.cms.aldi.cx/is/image/aldiprodapac/product/jpg/scaleWidth/232/d6c2e155-d6e9-45be-80dd-aa9b8ad49641/Vanilla%20Bean%20Gourmet%20Ice%20Cream%201L
Concentrated Laundry Powder 2kg,$12.99,$6.50 per 1 kg,https://dm.apac.cms.aldi.cx/is/image/aldiprodapac/product/jpg/scaleWidth/232/4a9183d1-e035-4baa-bf4d-1cf5682b5673/Concentrated%20Laundry%20Powder%202kg
Rapid Kill Multi Insect Spray 350g,$3.79,$1.08 per 100 g,https://dm.apac.cms.aldi.cx/is/image/aldiprodapac/product/jpg/scaleWidth/232/9f2ea97e-4190-4f92-a73e-9cb40ef8f413/Rapid%20Kill%20Multi%20Insect%20Spray%20350g
Electric Weed Killer Heat Gun,$39.99,,https://dm.apac.cms.aldi.cx/is/image/aldiprodapac/product/jpg/scaleWidth/232/f67bbab1-e224-456a-aaa5-4653dc690c65/Electric%20Weed%20Killer%20Heat%20Gun
Brandy Mixed Fruit 800g,$8.99,$11.24 per 1 kg,https://dm.apac.cms.aldi.cx/is/image/aldiprodapac/product/jpg/scaleWidth/232/b77ffe9c-6ddc-4ae2-b342-4c2525b9a276/Brandy%20Mixed%20Fruit%20800g
"Peas, Corn & Carrots 420g",$1.29,$3.07 per 1 kg,https://dm.apac.cms.aldi.cx/is/image/aldiprodapac/product/jpg/scaleWidth/232/5559a911-ebc5-43b2-9bbf-322a1ece910e/Peas%20Corn%20%20Carrots%20420g
Seedlings 4 pack,$5.99,,https://dm.apac.cms.aldi.cx/is/image/aldiprodapac/product/jpg/scaleWidth/232/42a72b34-d09f-4046-9999-b8f97eae9853/Seedlings%204%20pack
RSPCA Approved Chicken Breast Steaks 400g,$7.49,$18.73 per 1 kg,https://dm.apac.cms.aldi.cx/is/image/aldiprodapac/product/jpg/scaleWidth/232/ef33ef70-b935-4894-99b9-03d57fd23a78/RSPCA%20Approved%20Chicken%20Breast%20Steaks%20400g
Cheese & Onion Crinkle Cut Chips 230g,$2.69,$1.17 per 100 g,https://dm.apac.cms.aldi.cx/is/image/aldiprodapac/product/jpg/scaleWidth/232/fb01247a-e0c7-4373-acc0-f7a102817464/Cheese%20%20Onion%20Crinkle%20Cut%20Chips%20230g
Women's High Potency Multivitamins 60 Pack,$14.99,$0.25 per 1 each,https://dm.apac.cms.aldi.cx/is/image/aldiprodapac/product/jpg/scaleWidth/232/1144eeb6-1313-4a0f-b28b-dbf6423949a4/Womens%20High%20Potency%20Multivitamins%2060%20Pack
"Pepperoni Sliced Twin Pack, 100g",$3.39,$33.90 per 1 kg,https://dm.apac.cms.aldi.cx/is/image/aldiprodapac/product/jpg/scaleWidth/232/4f9a7df9-b463-45af-9131-17ab3ea66002/Pepperoni%20Sliced%20Twin%20Pack%20100g
Light Lactose Free Milk 1L,$2.99,$2.99 per 1 L,https://dm.apac.cms.aldi.cx/is/image/aldiprodapac/product/jpg/scaleWidth/232/fbaa4f2a-1513-4d47-bdbc-70d86e36d499/Light%20Lactose%20Free%20Milk%201L
Sponge Scourers 3 Pack,$1.89,$0.63 per 1 each,https://dm.apac.cms.aldi.cx/is/image/aldiprodapac/product/jpg/scaleWidth/232/7492000c-7c1c-453e-b2bd-ac98fd3d61c9/Sponge%20Scourers%203%20Pack
A3 Visual Art Diary,$5.99,,https://dm.apac.cms.aldi.cx/is/image/aldiprodapac/product/jpg/scaleWidth/232/4312a153-7507-4634-a95d-8b7ec528c33d/A3%20Visual%20Art%20Diary
Incontinence Pants for Women Medium or Large 8 Pack,$8.49,$1.06 per 1 each,https://dm.apac.cms.aldi.cx/is/image/aldiprodapac/product/jpg/scaleWidth/232/03a64238-977b-47e4-bd1b-0ffb1b20e844/Incontinence%20Pants%20for%20Women%20Medium%20or%20Large%208%20Pack
Pork Loin Chops,$6.88,$15.99 per 1 kg,https://dm.apac.cms.aldi.cx/is/image/aldiprodapac/product/jpg/scaleWidth/232/8e91675a-ae80-4e5c-adf8-ef02c56eefcf/Pork%20Loin%20Chops
Corn Kernels 1kg,$4.19,$4.19 per 1 kg,https://dm.apac.cms.aldi.cx/is/image/aldiprodapac/product/jpg/scaleWidth/232/37f840d1-321d-4502-a544-9413e0024c39/Corn%20Kernels%201kg
Mixed Blossom Honey Twist & Squeeze 375g,$3.59,$0.96 per 100 g,https://dm.apac.cms.aldi.cx/is/image/aldiprodapac/product/jpg/scaleWidth/232/47a8d72f-cb2d-4415-9978-5d8364af4f6f/Mixed%20Blossom%20Honey%20Twist%20%20Squeeze%20375g
Cola 99.99% Sugar Free 1.25L,$1.09,$0.87 per 1 L,https://dm.apac.cms.aldi.cx/is/image/aldiprodapac/product/jpg/scaleWidth/232/92812c7a-3649-4d2c-a33b-150a62541fd8/Cola%2099.99%25%20Sugar%20Free%201.25L
Watermelon Vodka Crush 4x275ml,$12.99,,https://dm.apac.cms.aldi.cx/is/image/aldiprodapac/product/jpg/scaleWidth/232/2289ed4e-50ae-461b-8c0e-c9d0e465b0d8/Watermelon%20Vodka%20Crush%204x275ml
Mi Goreng Noodles 5 Pack 425g,$2.49,$0.59 per 100 g,https://dm.apac.cms.aldi.cx/is/image/aldiprodapac/product/jpg/scaleWidth/232/0c0c79db-1f28-447a-ad23-c2af5f7dc3e3/Mi%20Goreng%20Noodles%205%20Pack%20425g
Natural Australian Spring Water 24x600ml,$7.59,$0.53 per 1 L,https://dm.apac.cms.aldi.cx/is/image/aldiprodapac/product/jpg/scaleWidth/232/7881a45b-f50f-4a73-94e6-60b54b57e128/Natural%20Australian%20Spring%20Water%2024x600ml
French Stick 1 Pack 340g,$1.89,$0.56 per 100 g,https://dm.apac.cms.aldi.cx/is/image/aldiprodapac/product/jpg/scaleWidth/232/590e34b0-4680-47fc-bcc4-833e987a9696/French%20Stick%201%20Pack%20340g
Organic Quick Australian Oats 500g,$2.79,$0.56 per 100 g,https://dm.apac.cms.aldi.cx/is/image/aldiprodapac/product/jpg/scaleWidth/232/16593033-fbd7-4bfe-ae98-954d7b3bfe92/Organic%20Quick%20Australian%20Oats%20500g
Fruit Cocktail No Added Sugar Cordial 1L,$2.99,$2.99 per 1 L,https://dm.apac.cms.aldi.cx/is/image/aldiprodapac/product/jpg/scaleWidth/232/3a763e4f-740f-4186-b8d6-a9bdf91618c2/Fruit%20Cocktail%20No%20Added%20Sugar%20Cordial%201L
Snakos Pizza Biscuits 200g,$1.79,$0.90 per 100 g,https://dm.apac.cms.aldi.cx/is/image/aldiprodapac/product/jpg/scaleWidth/232/f9c0e88f-6d57-44f9-900b-24f5206ba92f/Snakos%20Pizza%20Biscuits%20200g
Calibre 6 Blade Razor System,$9.99,,https://dm.apac.cms.aldi.cx/is/image/aldiprodapac/product/jpg/scaleWidth/232/03c7b2b5-8dc2-4407-b5bd-67781e9c910a/Calibre%206%20Blade%20Razor%20System
Brown Rice Microwave Pouch 250g,$1.65,$0.66 per 100 g,https://dm.apac.cms.aldi.cx/is/image/aldiprodapac/product/jpg/scaleWidth/232/9a9a29f6-ded8-441d-a882-186413c95041/Brown%20Rice%20Microwave%20Pouch%20250g
Sriracha Style Chicken 350g,$6.99,$2.00 per 100 g,https://dm.apac.cms.aldi.cx/is/content/aldiprodapac/1001860-2_COMING-SOON-GREYSCALE_RGB_OUTLINED_1200x1200
Blueberry Muffin Mix 500g,$3.99,$0.80 per 100 g,https://dm.apac.cms.aldi.cx/is/image/aldiprodapac/product/jpg/scaleWidth/232/e7c75390-835e-44ab-8f73-5a8fbacb0dba/Blueberry%20Muffin%20Mix%20500g
Premium Nut Bars Almond Cashew & Cranberry 5 Pack 175g,$3.99,$2.28 per 100 g,https://dm.apac.cms.aldi.cx/is/image/aldiprodapac/product/jpg/scaleWidth/232/b2f705bf-8021-43b9-b385-a96eacf90a82/Premium%20Nut%20Bars%20Almond%20Cashew%20%20Cranberry%205%20Pack%20175g
Portable Gas Pizza Oven,$99.99,,https://dm.apac.cms.aldi.cx/is/image/aldiprodapac/product/jpg/scaleWidth/232/25781943-63bb-4ac0-9d0f-d2240e7f8563/Portable%20Gas%20Pizza%20Oven
Assorted Effervescent Electrolytes Tablets 20 Pack,$6.99,$0.35 per 1 each,https://dm.apac.cms.aldi.cx/is/image/aldiprodapac/product/jpg/scaleWidth/232/eb5be172-be56-4252-ae24-8e2031ea7189/Assorted%20Effervescent%20Electrolytes%20Tablets%2020%20Pack
Coffee Beans Dark 1kg,$17.99,$1.80 per 100 g,https://dm.apac.cms.aldi.cx/is/image/aldiprodapac/product/jpg/scaleWidth/232/abd70112-1606-4723-b70b-83e378821f37/Coffee%20Beans%20Dark%201kg
Low Sugar Delight Bars Choc Cherry & Coconut 5 Pack 160g,$4.99,$3.12 per 100 g,https://dm.apac.cms.aldi.cx/is/image/aldiprodapac/product/jpg/scaleWidth/232/9ea924b3-4e0c-4cda-a2a9-9a94312699e0/Low%20Sugar%20Delight%20Bars%20Choc%20Cherry%20%20Coconut%205%20Pack%20160g
Baby Cucumbers 350g,$1.99,$5.69 per 1 kg,https://dm.apac.cms.aldi.cx/is/image/aldiprodapac/product/jpg/scaleWidth/232/1ab43ad6-a573-4bfc-b4f3-251888a4827e/Baby%20Cucumbers%20350g
White Asparagus Spears 330g,$2.99,$9.06 per 1 kg,https://dm.apac.cms.aldi.cx/is/image/aldiprodapac/product/jpg/scaleWidth/232/47dbdf78-4549-45ac-9730-1dc722b706d1/White%20Asparagus%20Spears%20330g
Free Range Egg Papardelle 375g,$4.89,$1.30 per 100 g,https://dm.apac.cms.aldi.cx/is/image/aldiprodapac/product/jpg/scaleWidth/232/90cdae69-56df-4cbb-907c-87f20eb85911/Free%20Range%20Egg%20Papardelle%20375g
Garden Shade Sails,$29.99,,https://dm.apac.cms.aldi.cx/is/image/aldiprodapac/product/jpg/scaleWidth/232/0c444c63-aadc-4036-87ff-995d3c32b17f/Garden%20Shade%20Sails
Thai Style Green Chicken Curry 280g,$4.49,$1.60 per 100 g,https://dm.apac.cms.aldi.cx/is/image/aldiprodapac/product/jpg/scaleWidth/232/a79cc5d9-8b93-4423-a5c3-04a8aba3632b/Thai%20Style%20Green%20Chicken%20Curry%20280g
Lamb Koftas 450g,$7.99,$17.76 per 1 kg,https://dm.apac.cms.aldi.cx/is/image/aldiprodapac/product/jpg/scaleWidth/232/d480a658-47cc-414b-8963-175c7dd07d6f/Lamb%20Koftas%20450g
Choc Chip Muffin Bars 10 Pack 420g,$5.99,$1.43 per 100 g,https://dm.apac.cms.aldi.cx/is/image/aldiprodapac/product/jpg/scaleWidth/232/8b6932ed-ca6a-421b-b61c-4a264d78524a/Choc%20Chip%20Muffin%20Bars%2010%20Pack%20420g
RSPCA Approved Chicken Mixed Pieces 2kg,$8.49,$4.25 per 1 kg,https://dm.apac.cms.aldi.cx/is/image/aldiprodapac/product/jpg/scaleWidth/232/7f86d37e-090c-4a03-8cb0-0e0001cb8f02/RSPCA%20Approved%20Chicken%20Mixed%20Pieces%202kg
Pineapple Each,$4.99,$4.99 per 1 each,https://dm.apac.cms.aldi.cx/is/image/aldiprodapac/product/jpg/scaleWidth/232/ead8d07f-6c5b-4809-ae0b-f03452f2a992/Pineapple%20Each
Cottage Cheese 500g,$5.49,$10.98 per 1 kg,https://dm.apac.cms.aldi.cx/is/image/aldiprodapac/product/jpg/scaleWidth/232/5107c567-6c2b-4aad-9b21-c2f9342eb239/Cottage%20Cheese%20500g
Beef Burrito Bowl 340g,$6.99,$2.06 per 100 g,https://dm.apac.cms.aldi.cx/is/image/aldiprodapac/product/jpg/scaleWidth/232/73d9d043-38d1-442f-b081-5fc6103f27e7/Beef%20Burrito%20Bowl%20340g
Vanilla Bean Ice Cream 1L,$7.99,$0.80 per 100 ml,https://dm.apac.cms.aldi.cx/is/image/aldiprodapac/product/jpg/scaleWidth/232/1a8b24fb-c71d-4460-94c4-a1f96b2d02c3/Vanilla%20Bean%20Ice%20Cream%201L
Peanut Cookies 175g,$2.09,$1.19 per 100 g,https://dm.apac.cms.aldi.cx/is/image/aldiprodapac/product/jpg/scaleWidth/232/d78c9be2-1def-4274-855d-92ee99a203c6/Peanut%20Cookies%20175g
Wagyu Beef Sausages 500g,$7.99,$15.98 per 1 kg,https://dm.apac.cms.aldi.cx/is/image/aldiprodapac/product/jpg/scaleWidth/232/f0eeee99-872d-4481-9638-ce6cff4badcd/Wagyu%20Beef%20Sausages%20500g
Lite Coconut Milk 400ml,$1.69,$0.42 per 100 ml,https://dm.apac.cms.aldi.cx/is/image/aldiprodapac/product/jpg/scaleWidth/232/83693638-9f5a-40a6-b6bf-f59c6a494ec4/Lite%20Coconut%20Milk%20400ml
Assorted Acrylic Artist Paint Tubes 100ml,$0.99,,https://dm.apac.cms.aldi.cx/is/image/aldiprodapac/product/jpg/scaleWidth/232/07bfd370-2cab-4791-a53c-91b72b9e8d38/Assorted%20Acrylic%20Artist%20Paint%20Tubes%20100ml
Rum Raisin & Nut Chocolate Block 200g,$4.99,$2.50 per 100 g,https://dm.apac.cms.aldi.cx/is/image/aldiprodapac/product/jpg/scaleWidth/232/3257215d-2040-49b6-afb7-e1295a6ce85c/Rum%20Raisin%20%20Nut%20Chocolate%20Block%20200g
Gluten Free Corn Flakes 270g,$4.99,$1.85 per 100 g,https://dm.apac.cms.aldi.cx/is/image/aldiprodapac/product/jpg/scaleWidth/232/eb459553-466c-487e-a587-fbc8bd806689/Gluten%20Free%20Corn%20Flakes%20270g
Yellowfin Tuna Chunks in Garlic & Chilli Oil 95g,$1.29,$13.58 per 1 kg,https://dm.apac.cms.aldi.cx/is/image/aldiprodapac/product/jpg/scaleWidth/232/ce3429bd-b33b-4342-b260-1a002bc9ebae/Yellowfin%20Tuna%20Chunks%20in%20Garlic%20%20Chilli%20Oil%2095g
Lentils 420g,$0.95,$2.26 per 1 kg,https://dm.apac.cms.aldi.cx/is/image/aldiprodapac/product/jpg/scaleWidth/232/9e264ac7-03de-401e-8013-12ad64f11236/Lentils%20420g
Assorted Baby Toothbrush,$2.99,,https://dm.apac.cms.aldi.cx/is/image/aldiprodapac/product/jpg/scaleWidth/232/3d06ebc8-2ac5-46a8-a640-11587846ec45/Assorted%20Baby%20Toothbrush
Freshly Cut Watermelon 600g,$6.99,$11.65 per 1 kg,https://dm.apac.cms.aldi.cx/is/image/aldiprodapac/product/jpg/scaleWidth/232/ba89ec6a-8155-4eb6-9158-cbce73ed7204/Freshly%20Cut%20Watermelon%20600g
Fresh Whole RSPCA Approved Chicken,$8.43,$4.99 per 1 kg,https://dm.apac.cms.aldi.cx/is/image/aldiprodapac/product/jpg/scaleWidth/232/15e9f129-9563-403a-846b-7cb6172f1567/Fresh%20Whole%20RSPCA%20Approved%20Chicken
Daily Defence Mineral Sunscreen Sensitive SPF50+ 100ml,$7.99,$7.99 per 100 ml,https://dm.apac.cms.aldi.cx/is/image/aldiprodapac/product/jpg/scaleWidth/232/c5575ff2-3466-46f0-ab6e-661c7f1d1a6c/Daily%20Defence%20Mineral%20Sunscreen%20Sensitive%20SPF50%20100ml
Butter Chicken Simmer Sauce 500g,$2.69,$0.54 per 100 g,https://dm.apac.cms.aldi.cx/is/image/aldiprodapac/product/jpg/scaleWidth/232/eb9bd309-4804-497c-8b65-eb8b245ace10/Butter%20Chicken%20Simmer%20Sauce%20500g
Manchego 150g,$6.49,$43.27 per 1 kg,https://dm.apac.cms.aldi.cx/is/image/aldiprodapac/product/jpg/scaleWidth/232/79f17196-58a7-4667-9a7f-083509241b90/Manchego%20150g
Vanilla Bean Greek Style Yogurt 4 x 115g,$3.79,$0.82 per 100 g,https://dm.apac.cms.aldi.cx/is/image/aldiprodapac/product/jpg/scaleWidth/232/79d6d9fa-0adb-4b4b-ad4f-f703d1052828/Vanilla%20Bean%20Greek%20Style%20Yogurt%204%20x%20115g
Assorted Revitalise Expert Face Care,$12.99,$25.98 per 100 ml,https://dm.apac.cms.aldi.cx/is/image/aldiprodapac/product/jpg/scaleWidth/232/58a75c20-25a6-45b5-baef-acad0f112005/Assorted%20Revitalise%20Expert%20Face%20Care
On The Go Almonds 6 Pack 180g,$4.69,$26.06 per 1 kg,https://dm.apac.cms.aldi.cx/is/image/aldiprodapac/product/jpg/scaleWidth/232/18c8a288-6775-47d0-a9da-b9b4b3276881/On%20The%20Go%20Almonds%206%20Pack%20180g
Vanilla Custard Pouch 70g,$1.69,$2.41 per 100 g,https://dm.apac.cms.aldi.cx/is/image/aldiprodapac/product/jpg/scaleWidth/232/42ee971f-7b98-4429-8c66-749177a2e4e7/Vanilla%20Custard%20Pouch%2070g
Boneless RSPCA Approved Chicken Drumstick Fillets Bulk Pack per kg,$14.99,$14.48 per 1 kg,https://dm.apac.cms.aldi.cx/is/image/aldiprodapac/product/jpg/scaleWidth/232/1e5fa6dc-4d00-404e-8918-9b210ebb69b8/Boneless%20RSPCA%20Approved%20Chicken%20Drumstick%20Fillets%20Bulk%20Pack%20per%20kg
Vermicelli Rice Noodles 250g,$1.39,$0.56 per 100 g,https://dm.apac.cms.aldi.cx/is/image/aldiprodapac/product/jpg/scaleWidth/232/4436aa4f-8923-455a-b3f6-4c60489a498e/Vermicelli%20Rice%20Noodles%20250g
"Apple, Banana & Peach 4+ Months Baby Food 120g",$0.95,$0.79 per 100 g,https://dm.apac.cms.aldi.cx/is/image/aldiprodapac/product/jpg/scaleWidth/232/84832685-9092-4485-8b63-1278fb77e11d/Apple%20Banana%20%20Peach%204%20Months%20Baby%20Food%20120g
20V Angle Grinder Skin,$29.99,,https://dm.apac.cms.aldi.cx/is/image/aldiprodapac/product/jpg/scaleWidth/232/4e668d5c-c56e-44f2-9317-d4afa9c43cf9/20V%20Angle%20Grinder%20Skin
Classic Falafel Balls 225g,$4.59,$2.04 per 100 g,https://dm.apac.cms.aldi.cx/is/image/aldiprodapac/product/jpg/scaleWidth/232/da42ddd1-8ea0-4bba-b9f1-1ca0f5a5ebdb/Classic%20Falafel%20Balls%20225g
Mr. Brownie Halloween Brownies 8 Pack,$5.49,$2.75 per 100 g,https://dm.apac.cms.aldi.cx/is/image/aldiprodapac/product/jpg/scaleWidth/232/51ff0342-2a2c-4f34-970d-97078ac467e8/Mr.%20Brownie%20Halloween%20Brownies%208%20Pack
Crinkle Cut Rice Crackers Sea Salt & Balsamic Vinegar 100g,$1.99,$1.99 per 100 g,https://dm.apac.cms.aldi.cx/is/image/aldiprodapac/product/jpg/scaleWidth/232/c383cb4e-6a7c-4c87-9d9c-c2cb5ed5945f/Crinkle%20Cut%20Rice%20Crackers%20Sea%20Salt%20%20Balsamic%20Vinegar%20100g
Probiotic Milk Drink 5 Pack 65ml,$3.19,$9.82 per 1 L,https://dm.apac.cms.aldi.cx/is/image/aldiprodapac/product/jpg/scaleWidth/232/1355a94c-18e0-4f21-ac66-74d52dc7b2ea/Probiotic%20Milk%20Drink%205%20Pack%2065ml
Philippine Style Mango Slices 130g,$3.69,$28.38 per 1 kg,https://dm.apac.cms.aldi.cx/is/image/aldiprodapac/product/jpg/scaleWidth/232/8c502176-e6b3-410b-8a5f-ffc141be44e6/Philippine%20Style%20Mango%20Slices%20130g
Lemon Lime Bitters 4x300ml,$4.29,$3.58 per 1 L,https://dm.apac.cms.aldi.cx/is/image/aldiprodapac/product/jpg/scaleWidth/232/eb1f4083-2e51-47ea-b8ab-22293c115516/Lemon%20Lime%20Bitters%204x300ml
Baby Spinach 120g,$1.99,$16.58 per 1 kg,https://dm.apac.cms.aldi.cx/is/image/aldiprodapac/product/jpg/scaleWidth/232/5eefb11f-6c24-48ad-ae77-13e3082b19ae/Baby%20Spinach%20120g
Zappo Millions Mixed Case 368g,$4.99,$1.36 per 100 g,https://dm.apac.cms.aldi.cx/is/content/aldiprodapac/1001860-2_COMING-SOON-GREYSCALE_RGB_OUTLINED_1200x1200
Golden Syrup 475g,$2.49,$0.52 per 100 g,https://dm.apac.cms.aldi.cx/is/image/aldiprodapac/product/jpg/scaleWidth/232/075f88b0-4016-4879-9410-9e62166402fd/Golden%20Syrup%20475g
Finest Milk Chocolate 5 Pack 125g,$4.99,$3.99 per 100 g,https://dm.apac.cms.aldi.cx/is/image/aldiprodapac/product/jpg/scaleWidth/232/b4cb3402-0a5a-41a2-ac81-d2bfc0e95c83/Finest%20Milk%20Chocolate%205%20Pack%20125g
Bathroom Kit,$39.99,,https://dm.apac.cms.aldi.cx/is/image/aldiprodapac/product/jpg/scaleWidth/232/0fba3f93-cbb7-403b-b574-56780ea78032/Bathroom%20Kit
Thin & Crispy Original Flavoured Rice Crackers 90g,$1.15,$1.28 per 100 g,https://dm.apac.cms.aldi.cx/is/image/aldiprodapac/product/jpg/scaleWidth/232/242f3c65-d2de-48c6-a395-9e752ee5073b/Thin%20%20Crispy%20Original%20Flavoured%20Rice%20Crackers%2090g
Shave Gel 198g,$3.69,$1.86 per 100 g,https://dm.apac.cms.aldi.cx/is/image/aldiprodapac/product/jpg/scaleWidth/232/ab24c332-aa31-442f-8e1c-472e12a49c77/Shave%20Gel%20198g
Roma Tomatoes 480g,$4.49,$9.35 per 1 kg,https://dm.apac.cms.aldi.cx/is/image/aldiprodapac/product/jpg/scaleWidth/232/20b6816a-50f1-492d-9531-438900a0a79e/Roma%20Tomatoes%20480g
Wooden Vehicles,$12.99,,https://dm.apac.cms.aldi.cx/is/image/aldiprodapac/product/jpg/scaleWidth/232/8db7f27f-16ac-43b1-a3b2-40d55daa22ee/Wooden%20Vehicles
Apple Baby Rice Puffs 8+ months 45g,$2.99,$6.64 per 100 g,https://dm.apac.cms.aldi.cx/is/image/aldiprodapac/product/jpg/scaleWidth/232/e92ebe10-621c-4c4e-a59f-78af2834cbe7/Apple%20Baby%20Rice%20Puffs%208%20months%2045g
