Product Name,Price,Unit Price,Complex Discount
Flora Margarine Spread Buttery | 1kg,$7.00,$0.70/ 100g,N/A
Seng Hork Chives & Pork Dumplings | 500g,$7.20,$1.44/ 100g,N/A
Riverina Haloumi Lactose Free | 180g,$5.80,$32.22/ 1kg,N/A
Infacare Comfort Stage 1 Formula | 850g,$15.00,$1.76/ 100g,N/A
Green Nation Soy Wax Candle Lemongrass 200g | 1 each,$14.00,$14.00/ 1ea,N/A
Primo Frankfurt Cocktail | 1kg,$6.90,$6.90/ 1kg,N/A
Dishmatic Wonder Wand | 1 each,$4.50,$4.50/ 1ea,N/A
Libra Ultra Thin Regular Pads With Wings | 20 pack,$6.50,$0.33/ 1ea,N/A
Chux Non-scratch Scourer + Foam Sponge | 6 pack,$4.40,$0.73/ 1ea,N/A
Bippi Italian Style Chilli Hot Sauce | 250g,$9.50,$3.80/ 100g,N/A
Coles Assure Pants For Women Large | 8 pack,$9.60,$1.20/ 1ea,N/A
Arth Rice Khichdi Spinach & Brown Rice Khichdi | 250g,$1.80,$0.72/ 100g,N/A
Tropeaka Lean Protein Powder Vanilla | 300g,$28.00,$9.33/ 100g,N/A
Sunrice Australian Medium Grain Brown Rice | 2kg,$6.50,$0.33/ 100g,N/A
Viva Paper Towel Double Length White | 3 pack,$8.00,$2.22/ 100ea,N/A
Barkers Dessert Sauce Lemon & Passionfruit | 345g,$4.95,$1.43/ 100g,N/A
Johnson's Body Care Moisturising Body Wash | 1L,$9.00,$0.90/ 100mL,N/A
Huggies Jumbo Nappy Pants Size 5 Girl | 54 Pack,$33.50,$0.62/ 1ea,N/A
Nice Rice Australian Jasmine Rice | 1 KG,$4.50,$0.45/ 100g,N/A
In A Biskit Chicken Drumstix Crackers Multipack 8 Pack | 168g,$3.50,$2.08/ 100g,N/A
Rehydraid Ready To Drink Orange | 1L,$8.00,$0.80/ 100mL,N/A
Arth Mint Chatpati Sauce | 450g,$3.30,$0.73/ 100g,N/A
Sunrice Australian Medium Grain White Rice | 2kg,$6.50,$0.33/ 100g,N/A
Little Bellies Veggie Tubes Sweetcorn & Carrot 12m+ | 12g,$1.95,$16.25/ 100g,N/A
Real Foods Original Corn Thins | 150g,$1.50,$1.00/ 100g,N/A
Little Bellies Organic Blueberry Puffs 7+ Months | 12g,$1.95,$16.25/ 100g,N/A
Nuttelex Original Spread | 500g,$4.50,$0.90/ 100g,N/A
Coles Finest By Laurent Wholemeal Sourdough Vienna | 1 Each,$6.25,$6.25/ 1ea,N/A
Bref Ultimate Gel Anti- Stain Toilet Cleaner Lavender | 600mL,$3.50,$0.58/ 100mL,N/A
Cuddly In Wash Laundry Scent Booster Beads Sunshine Fresh | 480g,$16.00,$33.33/ 1kg,N/A
Little Bellies Organic Sweet Corn Round-a-bouts | 12g,$1.95,$16.25/ 100g,N/A
Devondale Regular Butter Blend | 500g,$6.70,$1.34/ 100g,N/A
Leggo's Traditional Basil Pesto | 190g,$4.70,$2.47/ 100g,N/A
Fluffy Concentrate Liquid Fabric Softener Conditioner Divin ... 1.9L,$11.00,$5.79/ 1L,N/A
Steggles Frozen Turkey Breast Roast | 1kg,$16.00,$16.00/ 1kg,N/A
Rana Four Cheese Tortellini | 600g,$11.00,$1.83/ 100g,N/A
Vanish Napisan Oxi Action Fabric Stain Remover Powder | 2kg,$16.50,$8.25/ 1kg,N/A
Glad Aromatics Kitchen Tidy Bags Sweet Citrus Large | 20 Pack,$4.50,$0.23/ 1ea,N/A
Lvl Up Everday Hydration Mixed Berry 10pk | 10PACK,$11.00,$1.10/ 1ea,N/A
Republica Organic South American Medium Roast Freeze Dried Insta ... 100g,$13.50,$13.50/ 100g,N/A
Double D Manuka Honey Elderberry | 16 Pack,$5.00,$0.31/ 1ea,N/A
Lipton Sachets Classic Chai Latte | 8 Pack,$6.50,$0.81/ 1ea,N/A
Mission Mini Wrap Wholegrain 8 Pack | 384g,$5.00,$1.30/ 100g,N/A
Air Wick Essential Oils Cherry Blossom Candle | 1 pack,$5.00,$5.00/ 1ea,N/A
Green's Lemon Cake Mix | 470g,$3.00,$0.64/ 100g,N/A
Soyco Tofu Hi-protein Firm Block | 350g,$4.20,$1.20/ 100g,N/A
Youfoodz Shredded Beef Ravioli With Tomato Ragu | 310g,$10.00,$3.23/ 100g,N/A
Bio Cheddar Cheese Slices | 200g,$7.50,$37.50/ 1kg,N/A
My Dog Shredded Meals Chicken Dog Food | 100g,$1.40,$1.40/ 100g,N/A
Solo Soft Drink Mini Cans 6x250ml | 6 Pack,$6.00,$4.00/ 1L,N/A
Combat Ant Rid Indoor Ant Liquid | 50mL,$6.50,$13.00/ 100mL,N/A
Nuttelex Spread Cholesterol Lowering | 500g,$8.00,$1.60/ 100g,N/A
Tom & Luke Peanut Butter & Cacao Snackaballs | 88g,$2.90,$3.30/ 100g,N/A
MT Barker Lemon And Herb Greek Style Chicken | 220g,$7.00,$31.82/ 1kg,N/A
Pepsi Max Soft Drink Zero Sugar Mini Cans 6x250ml | 6 Pack,$6.00,$4.00/ 1L,N/A
Golden Swan Sumac | 250g,$3.50,$0.14/ 10g,N/A
Harpic Hygenic & Fresh Sticker Adhesive Toilet Block Citrus | 2 pack,$4.00,$2.00/ 1ea,N/A
Mildura Orange And Mango Fruit Drink | 500mL,$2.50,$5.00/ 1L,N/A
Mainland Extra Tasty Cheese Block | 250g,$6.00,$24.00/ 1kg,N/A
Harpic Hygienic & Fresh Sticker Adhesive Toilet Block Marine | 2 pack,$4.00,$2.00/ 1ea,N/A
MT Barker Oven Roasted Mini Schnitties | 200g,$7.00,$35.00/ 1kg,N/A
Batiste Floral & Flirty Blush Dry Shampoo | 200mL,$12.00,$6.00/ 100mL,N/A
Coles Date & Walnut Slices 5 Pack | 500g,$5.75,$1.15/ 100g,N/A
HB Belly Me Shot Probiotic + Sleep Well | 60mL,$3.00,$50.00/ 1L,N/A
Nurofen Zavance Fast Pain Relief 200mg Ibuprofen Liqu ... 20 pack,$8.50,$0.43/ 1ea,N/A
Riverina Haloumi Garlic & Herbs | 180g,$5.80,$32.22/ 1kg,N/A
Youfoodz Clean Chicken With Sweet Potato & Broccoli | 300g,$10.00,$3.33/ 100g,N/A
The Kind Harvest Self Raising Flour | 1kg,$2.00,$2.00/ 1kg,N/A
Double D Manuka Honey Eucalyptus Lozengers | 16 pack,$5.00,$0.31/ 1ea,N/A
Inghams Sweet Chilli Chicken Tenders | 1kg,$12.00,$12.00/ 1kg,N/A
Batiste Divine Dark Brown Dry Shampoo Plus | 200mL,$12.00,$6.00/ 100mL,N/A
Daley Street Medium/dark Aluminium Nespresso Co ... 30 pack,$10.00,$0.33/ 1ea,N/A
Crisco Peanut Oil | 750mL,$8.00,$1.07/ 100mL,N/A
HB Belly Me Shot Probiotic + Digest Cleanse | 60mL,$3.00,$50.00/ 1L,N/A
Quilton 3 Ply Unscented White Toilet Paper | 12 pack,$7.60,$0.35/ 100ea,N/A
Haday Supreme Soy Sauce | 750mL,$5.40,$0.72/ 100mL,N/A
Nuttelex Spread Light Buttery | 500g,$4.50,$0.90/ 100g,N/A
Coles Asia Crispy Noodle Bites Seaweed Flavour | 70g,$3.00,$4.29/ 100g,N/A
Vittoria Dark Chocochino | 375g,$6.30,$1.68/ 100g,N/A
Rehydraid Electrolyte Effervescent Tablets Grape | 10 Pack,$5.00,$0.50/ 1ea,N/A
Coles Reduced Sugar Banana Bread Slices | 500g,$5.75,$1.15/ 100g,N/A
Coles Banana Bread Slices 5 Pack | 500g,$5.75,$1.15/ 100g,N/A
My Dog Shredded Meals Beef Dog Food | 100g,$1.40,$1.40/ 100g,N/A
Dimes Sour Cherry Juice | 1L,$3.35,$3.35/ 1L,N/A
Air Wick Essential Oils Tropical Mango Candle | 1 pack,$5.00,$5.00/ 1ea,N/A
Coles Bakery Mixed Biscuit Tray | 24 Pack,$5.75,$0.24/ 1ea,N/A
The Daily Juice Breakfast Burst Juice Chilled | 2L,$5.95,$2.98/ 1L,N/A
Arth Rice Khichdi Masala Khichdi | 250g,$1.80,$0.72/ 100g,N/A
San Remo Instant Pasta Cannelloni | 250g,$2.70,$1.08/ 100g,N/A
Coles Assure Pants For Women Medium | 8 pack,$9.60,$1.20/ 1ea,N/A
K-Roo Kangaroo Herb And Garlic Kebab | 360g,$10.00,$27.78/ 1kg,N/A
Royal Fields Pretzels | 400g,$3.80,$0.95/ 100g,N/A
Easiyo Greek Style Unsweetened Yoghurt | 170g,$5.40,$3.18/ 100g,N/A
Greens Anzac Biscuit Mix | 350g,$3.00,$0.86/ 100g,N/A
Clif Bar Crunchy Peanut Butter Bar | 68g,$3.40,$5.00/ 100g,N/A
Remedy Sodaly Blood Orange | 1.25L,$4.95,$3.96/ 1L,N/A
Glad Aromatics Kitchen Tidy Bags Cherry Blossom Large | 20 Pack,$4.50,$0.23/ 1ea,N/A
180 Degrees Toasted Apricot & Pistachio Crackers | 130g,$5.50,$4.23/ 100g,N/A
Flora Margarine Spread Original | 500g,$4.50,$0.90/ 100g,N/A
South Cape Camembert | 200g,$6.00,$30.00/ 1kg,N/A
Mildura Zooper Dooper Cola | 500mL,$2.50,$5.00/ 1L,N/A
Local Legends Original Beef Jerky | 55g,$4.30,$86.00/ 1kg,N/A
Luv A Duck Frozen Whole Duck | 2.1kg,$22.00,$10.48/ 1kg,N/A
HB Belly Me Activated Magnesium | 60mL,$3.00,$50.00/ 1L,N/A
Tropeaka The Healthy Meal Shake Smooth & Creamy Vanilla | 560g,$47.20,$8.43/ 100g,N/A
Remedy Sodaly Passionfruit | 330mL,$2.90,$8.79/ 1L,N/A
Real Foods Tasty Cheese Corn Thins | 125g,$1.50,$1.20/ 100g,N/A
Living Healthy Adult Gummies Vitamin D + K2 | 60 Pack,$14.75,$24.58/ 100ea,N/A
Vittoria Oro Ground | 1kg,$42.00,$4.20/ 100g,N/A
Coles Cheesy Vegemite Scroll | 1 pack,$2.75,$2.75/ 1ea,N/A
Clairol Nice 'n Easy 6 Natural Light Brown Permanent Hair ... 1 pack,$10.00,$10.00/ 1ea,N/A
Arth Paste Mutter Paneer Paste | 270g,$3.40,$1.26/ 100g,N/A
Green's Chocolate Brownie Mix | 380g,$3.00,$0.79/ 100g,N/A
Coco Earth Powder Marine Collagen + Hair Skin Nails | 200g,$18.00,$9.00/ 100g,N/A
Youfoodz Beef Chilli Con Carne With Coriander Rice | 340g,$10.00,$2.94/ 100g,N/A
Lvl Up Everyday Hydration Watermelon 10pk | 10PACK,$11.00,$1.10/ 1ea,N/A
Leggo's Sundried Tomato Pesto | 190g,$4.70,$2.47/ 100g,N/A
Coles Chocolate Mud Cake Slices 5 Pack | 500g,$5.75,$1.15/ 100g,N/A
Proud & Punch Caramel Date Night Frozen Dessert 6 Pack | 420mL,$5.50,$1.31/ 100mL,N/A
Finish Regular Rinse Aid For Drier & Shinier Dishes | 250mL,$4.00,$1.60/ 100mL,N/A
HB Belly ME Shot Protein Boost | 60mL,$3.00,$50.00/ 1L,N/A
Lotus Biscoff Crunchy Spread | 700g,$10.00,$1.43/ 100g,N/A
Balha Turkish Baklava | 500g,$16.00,$3.20/ 100g,N/A
Glad Aromatics Bathroom Tidy Bags Cherry Blossom | 30 Pack,$2.70,$0.09/ 1ea,N/A
Tropeaka Superfood Greens + D | 5g,$2.80,$56.00/ 100g,N/A
Farmers Union Greek Style No Added Sugar Protein Yoghurt V ... 150g,$2.10,$1.40/ 100g,N/A
Coles RSPCA Approved Chicken Wings Honey & Soy | 1Kg,$9.00,$9.00/ 1kg,N/A
Temptation Chicken & Mushroom Canapes 12 Pack | 216g,$5.00,$2.31/ 100g,N/A
Lavazza Tales Of Italy Capri Coffee Beans | 500g,$20.00,$4.00/ 100g,N/A
Bega Cheese Slices Regular | 648g,$9.90,$15.28/ 1kg,N/A
San Remo Chickpeas Spirals Pulse Pasta | 250g,$4.00,$1.60/ 100g,N/A
Little Bellies Softcorn Berry & Apple | 8g,$1.95,$24.38/ 100g,N/A
Coles Pretzel Salted | 200g,$2.00,$1.00/ 100g,N/A
McCain Frozen Corn Kernels | 500g,$3.80,$7.60/ 1kg,N/A
Bellamy's Organic Apple & Cinnamon Baby Porridge Cereal P ... 125g,$3.95,$3.16/ 100g,N/A
Seng Hork Prawn & Pork Dumplings | 500g,$7.20,$1.44/ 100g,N/A
Life Botanics Powder Collagen Peptides | 300g,$25.00,$8.33/ 100g,N/A
Air Wick Essential Oils Mountain Berry Blossom Candle | 1 pack,$5.00,$5.00/ 1ea,N/A
Mylanta 2go Antacid Double Strength Chewable Tabl ... 48 Pack,$13.00,$0.27/ 1ea,N/A
Sunrice Jasmine Rice | 2kg,$6.50,$0.33/ 100g,N/A
Minor Figures Barista Oat Milk | 1L,$3.70,$3.70/ 1L,N/A
Devondale Moo Flavoured Chocolate Multipack Milk 2 ... 6 pack,$6.00,$5.00/ 1L,N/A
Bio Cheese Creamy Original Spreadable | 150g,$5.20,$34.67/ 1kg,N/A
San Remo Gluten Free Lasagna | 200g,$4.00,$2.00/ 100g,N/A
Batiste Coconut & Exotic Tropical Dry Shampoo | 200mL,$12.00,$6.00/ 100mL,N/A
Glad Cling Wrap | 100m,$6.30,$0.06/ 1M,N/A
Birds Eye Frozen Crunchy Crumb Fish Cakes 6 Pack | 300g,$5.50,$18.33/ 1kg,N/A
Arth Special Chilli Sauce | 450g,$3.30,$0.73/ 100g,N/A
Bega Cheese Tasty Grated | 500g,$9.50,$19.00/ 1kg,N/A
Splenda Sweetener Tablets | 500 pack,$10.80,$2.16/ 100ea,N/A
Youfoodz Thai Chicken Yellow Curry With Basmati Rice | 320g,$10.00,$3.13/ 100g,N/A
Fluffy Concentrate Liquid Fabric Softener Conditioner Fragran ... 2L,$11.00,$5.50/ 1L,N/A
Campbell's V8 Tropical Juice 250ml | 3 Pack,$4.00,$5.33/ 1L,N/A
Clearblue Triple Check | 3 Pack,$26.00,$8.67/ 1ea,N/A
HB Belly Me Shot Probiotic + Instant Lax | 60mL,$3.00,$50.00/ 1L,N/A
KB's Classic Crumb Whiting Fillets | 450g,$6.00,$13.33/ 1kg,N/A
Poppin Triple Butter Microwave Popcorn | 400g,$5.30,$1.33/ 100g,N/A
Blackmores Multivitamins 50+ | 60 Pack,$15.00,$25.00/ 100ea,N/A
Travacalm Ginger | 10 pack,$4.00,$0.40/ 1ea,N/A
Tom & Luke Salted Caramel Snackaballs | 88g,$2.90,$3.30/ 100g,N/A
Clairol Nice 'n Easy 5 Natural Medium Brown Permanent Hair ... 1 pack,$10.00,$10.00/ 1ea,N/A
Leggos Gourmet Rich Tomato Passata Roasted Garlic | 400g,$3.30,$0.83/ 100g,N/A
Mainland Vintage Cheese Block | 200g,$6.00,$30.00/ 1kg,N/A
Campbell's V8 Apple Berry Fusion Juice 250ml | 3 Pack,$4.00,$5.33/ 1L,N/A
Seyran Sunflower Seeds | 400g,$5.60,$1.40/ 100g,N/A
Vittoria Nespresso Compatible Capsules Variety Pack | 40 pack,$20.00,$0.50/ 1ea,N/A
Rehydraid Electrolyte Effervescent Tablets Apple Raspberry | 10 Pack,$5.00,$0.50/ 1ea,N/A
Green Nation Air Freshener Mandarin & Lemon Myrtle | 200mL,$5.00,$2.50/ 100mL,N/A
Coles Asia Crispy Noodle Bites Red Curry Flavour | 70g,$3.00,$4.29/ 100g,N/A
Batiste Divine Dark Dry Shampoo | 350mL,$15.00,$4.29/ 100mL,N/A
Coles Vietnamese Takeaway Spice Mix | 110g,$4.00,$0.36/ 10g,N/A
Senokot Dual Action Tablets | 90 Pack,$10.80,$0.12/ 1ea,N/A
Hercules Clickzip Resealable Sandwich Bags | 100 Pack,$4.70,$0.05/ 1ea,N/A
Little Bellies Organic Pumpkin And Carrot Soft Corn 10+ Months | 8g,$1.95,$24.38/ 100g,N/A
Libra Regular Tampons | 32 pack,$7.50,$0.23/ 1ea,N/A
Hydralyte Apple And Blackcurrant Rtd Liquid | 1L,$13.00,$1.30/ 100mL,N/A
Coles Whole Purple Plums In Syrup | 425g,$3.00,$7.06/ 1kg,N/A
Blackmores Multivitamin For Men Sustained Release Tablets | 60 pack,$15.00,$25.00/ 100ea,N/A
Vittoria Deluxe Coffee Beans | 500g,$23.00,$4.60/ 100g,N/A
Crisco Rice Bran Oil | 2L,$9.50,$0.48/ 100mL,N/A
Lavazza Tales Of Italy Eternal Roma Premium Coffee Beans | 500g,$20.00,$4.00/ 100g,N/A
Capsicana Mexican Style Fajita Honey & Chilli Paste | 60g,$2.50,$4.17/ 100g,N/A
Sandhurst Farms Brie | 125g,$5.00,$40.00/ 1kg,N/A
Huggies Nappy Pants Size 6 Boy Jumbo | 48 Pack,$33.50,$0.70/ 1ea,N/A
Cycle By Coles Liners Long | 30 pack,$1.85,$0.06/ 1ea,N/A
Sandhurst Farms Camembert | 125g,$5.00,$40.00/ 1kg,N/A
Youfoodz Honey Mustard Chicken With Garlic Veg | 318g,$10.00,$3.14/ 100g,N/A
Cycle By Coles Liners Regular | 30 pack,$1.15,$0.04/ 1ea,N/A
Batiste Original Dry Shampoo | 350mL,$15.00,$4.29/ 100mL,N/A
Oral B Sensitive Clean Electric Toothbrush Replacement He ... 6 Pack,$30.00,$5.00/ 1ea,N/A
Pampas Frozen Shortcrust Pastry Sheets 5 Pack | 1kg,$6.00,$0.60/ 100g,N/A
Uncle Tobys Cheerios Honey Breakfast Cereal | 520g,$5.50,$1.06/ 100g,N/A
Prairie Kitchen Corned Beef | 340g,$3.15,$9.26/ 1kg,N/A
Lipton Sachets Spiced Chai Latte | 8 Pack,$6.50,$0.81/ 1ea,N/A
Sunsol Low Sugar Toasted Muesli Apple Cinnamon | 450g,$6.00,$1.33/ 100g,N/A
Royal Fields Rice Snacks Chilli | 350 GRAM,$5.40,$1.54/ 100g,N/A
Maille Honey Dijon Mustard | 230g,$4.80,$2.09/ 100g,N/A
Mckenzie's Buckwheat Flour Resealable | 300g,$3.40,$11.33/ 1kg,N/A
Air Wick Pure Ultimate Getaways Amalfi Coast Reed Diffuser | 30mL,$8.50,$2.83/ 10mL,N/A
Modibodi Comfort Period Brief Black Moderate Size L 16-18 | 1 Pack,$17.00,$17.00/ 1ea,N/A
Republica 100% Pure Coffee Decaffeinated | 100g,$15.50,$15.50/ 100g,N/A
Life Botanics Vitality Greens | 450g,$25.00,$5.56/ 100g,N/A
Ritz Breakz Classic Crackers | 250g,$3.30,$1.32/ 100g,N/A
Capsicana Mexican Style Guacamole Mix | 25g,$1.50,$6.00/ 100g,N/A
Pine O Cleen Laundry Sanitiser Fresh Cotton | 2L,$15.00,$7.50/ 1L,N/A
Clairol Nice 'n Easy 9.5a Natural Baby Blonde Permanent Hair ... 1 pack,$10.00,$10.00/ 1ea,N/A
Finish Ultimate Dishwashing Tablets Lemon Sparkle | 34 pack,$20.00,$0.59/ 1ea,N/A
Mission Original Mini Wraps 8 Pack | 384g,$5.00,$1.30/ 100g,N/A
Nighty Night Effervescent Sleep Elderberry | 14 pack,$11.00,$78.57/ 100ea,N/A
Safcol Squid Pieces In Olive Oil Blend | 111g,$4.50,$40.54/ 1kg,N/A
Colgate Twister Toothbrush Soft | 5 Pack,$8.00,$1.60/ 1ea,N/A
Libra Ultra Thin Super Pads With Wings | 18 pack,$6.50,$0.36/ 1ea,N/A
Mckenzie's Tapioca Flour Resealable | 300g,$3.40,$11.33/ 1kg,N/A
Dairy Farmers Thick & Creamy Caramelised Fig Yoghurt | 600g,$4.75,$0.79/ 100g,N/A
Dairy Farmers Thick & Creamy Yoghurt Vanilla | 600g,$4.75,$0.79/ 100g,N/A
Dove Beauty Bar Sensitive 6 X90g | 540g,$8.75,$1.62/ 100g,N/A
Starbucks By Nespresso Single Origin Colombia Coffee Pods Int ... 36 pack,$23.00,$0.64/ 1ea,N/A
Clif Bar Chocolate Chip Bar | 68g,$3.40,$5.00/ 100g,N/A
Rana Ricotta & Spinach Tortellini | 600g,$11.00,$1.83/ 100g,N/A
Batiste Sensitive Dry Shampoo | 200mL,$12.00,$6.00/ 100mL,N/A
Youfoodz Slow Cooked Lamb With Loaded Mash | 350g,$10.00,$2.86/ 100g,N/A
Tibaldi Signature Truffle Ham | 120g,$4.50,$37.50/ 1kg,N/A
Hecho En Mexico Mexican Pulled Pork Kit | 548g,$12.00,$2.19/ 100g,N/A
Proud & Punch Pining For Lime Frozen Dessert 6 Pack | 450mL,$5.50,$1.22/ 100mL,N/A
Luigi Cavalli Espresso Roma Coffee Beans | 500g,$17.00,$3.40/ 100g,N/A
Coles Sliced Ham | 500g,$11.00,$22.00/ 1kg,N/A
Proud & Punch Chocolate That'S Bananas Frozen Dessert 6 Pack | 420mL,$5.50,$1.31/ 100mL,N/A
Dettol Healthy Clean Kitchen Disinfectant Surface Cleanin ... 500mL,$4.00,$0.80/ 100mL,N/A
Fairy Platinum Plus Lemon Dishwashing Tablets | 31 pack,$20.00,$0.65/ 1ea,N/A
Coles Pork Forequarter Cutlets | 800g,$10.50,$13.13/ 1kg,N/A
Arth Paste Rogan Special Rogan Josh Paste | 270g,$3.40,$1.26/ 100g,N/A
Batiste Active Dry Shampoo | 200mL,$12.00,$6.00/ 100mL,N/A
Smash Leakproof Lunch Box 1.1l | 1 Each,$5.60,$5.60/ 1ea,N/A
Temptation Beetroot And Feta Canapes 12 Pack | 216g,$5.00,$2.31/ 100g,N/A
Coles Dry Roasted Cashews | 400g,$9.00,$22.50/ 1kg,N/A
Proud & Punch Coconuts For Mango Frozen Dessert 6 Pack | 450mL,$5.50,$1.22/ 100mL,N/A
Bx Earth Dog 2 In 1 Goatsmilk Manuka & Oatmeal All Nat ... 500mL,$10.00,$20.00/ 1L,N/A
Coles RSPCA Approved Satay Chicken Kebabs 10 Pack | 750g,$10.00,$13.33/ 1kg,N/A
Poppin Butter Microwave Popcorn | 400g,$5.30,$1.33/ 100g,N/A
Huggies Jumbo Nappy Pants Size 4 Girl | 62 Pack,$33.50,$0.54/ 1ea,N/A
Dorset Granola Simply Nut | 450g,$7.00,$1.56/ 100g,N/A
Squeaky Gate Caramelised Balsamic | 250mL,$10.80,$4.32/ 100mL,N/A
Coles Asia Crispy Rice Bites Mango Stick Rice Flavour | 70g,$3.00,$4.29/ 100g,N/A
Mum-mum Organic Strawberry Rice Biscuits | 40g,$2.85,$7.13/ 100g,N/A
Crisco Blended Vegetable Oil | 750mL,$4.40,$0.59/ 100mL,N/A
Real Foods Corn Thins Sesame | 150g,$1.50,$1.00/ 100g,N/A
Youfoodz Italian Beef Ragu With Penne & Cheese Sauce | 320g,$10.00,$3.13/ 100g,N/A
Seng Hork Cabbage & Pork Dumpling | 500GRAM,$7.20,$1.44/ 100g,N/A
Schweppes Lemonade Soft Drink Mini Cans 6x250ml | 6 Pack,$6.00,$4.00/ 1L,N/A
Youfoodz Creamy Coconut Chicken With Fried Shallots | 338g,$10.00,$2.96/ 100g,N/A
Royal Fields Zaatar | 500g,$8.20,$0.16/ 10g,N/A
Easiyo Greek Style Coconut Yoghurt | 240g,$5.40,$2.25/ 100g,N/A
Youfoodz Creamy Chicken Carbonara | 310g,$10.00,$3.23/ 100g,N/A
Mission Whole Wheat Mini Wraps 8 Pack | 384g,$5.00,$1.30/ 100g,N/A
Prairie Kitchen Spiced Ham | 340g,$3.15,$9.26/ 1kg,N/A
Pampas Frozen Puff Pastry Sheets Regular | 1kg,$5.50,$0.55/ 100g,N/A
Devondale Regular Pat Butter | 250g,$4.70,$1.88/ 100g,N/A
Red Eye Platinum Attitude Energy Drink | 330mL,$2.50,$7.58/ 1L,N/A
Coles Assure Incontinence Pads Regular | 14 Pack,$2.85,$0.20/ 1ea,N/A
Demazin Cold & Flu Relief Tablets | 16 pack,$8.00,$0.50/ 1ea,N/A
Flora Margarine Spread Buttery | 500g,$4.50,$0.90/ 100g,N/A
Farmers Union Greek Style No Added Sugar Protein Yoghurt S ... 150g,$2.10,$1.40/ 100g,N/A
Salistick Saliva Pregnancy Test | 1 Pack,$20.00,$20.00/ 1ea,N/A
Duru Bulgur Yellow Coarse | 1kg,$3.70,$3.70/ 1kg,N/A
Rehydraid Electrolyte Effervescent Tablets Orange & Mango | 40 Pack,$15.00,$0.38/ 1ea,N/A
Crisco Sunflower Oil | 750mL,$6.00,$0.80/ 100mL,N/A
Herbal Essences Bio Renew Coco Milk & Aloe Leave IN | 270mL,$10.00,$3.70/ 100mL,N/A
Nuttelex Buttery Spread | 500g,$4.50,$0.90/ 100g,N/A
Coles Finest By Laurent White Sourdough Vienna Oc | 1 Each,$6.25,$6.25/ 1ea,N/A
Jed's No.x Extreme Coffee Beans | 1kg,$35.00,$3.50/ 100g,N/A
Green's Chocolate Cake Mix | 440g,$3.00,$0.68/ 100g,N/A
Fairy 30 Minute Miracle Clean Deep Clean | 45 pack,$48.00,$1.07/ 1ea,N/A
Royal Fields Large Ord River Chickpeas | 1kg,$7.45,$7.45/ 1kg,N/A
Youfoodz Regular Roast Lamb & Minted Gravy With Creamy ... 330 GRAM,$10.00,$3.03/ 100g,N/A
Batiste Tropical Dry Shampoo | 350mL,$15.00,$4.29/ 100mL,N/A
Mckenzie's Chick Pea Flour Resealable | 330g,$3.40,$10.30/ 1kg,N/A
Coles Roasted & Salted Cashews | 400g,$9.00,$22.50/ 1kg,N/A
Clairol Nice 'n Easy 7cb Natural Dark Champagne Blonde Perman ... 1 pack,$10.00,$10.00/ 1ea,N/A
Tibaldi Signature Australian Wafer Thin Leg Ham | 120g,$4.50,$37.50/ 1kg,N/A
Sunsol Natural Muesli Almond Cashew Macadamia & Wal ... 500g,$6.00,$1.20/ 100g,N/A
Advil Ibuprofen Pain Relief Tablets | 24 Pack,$5.00,$0.21/ 1ea,N/A
Coles Finest By Laurent Black Olive And Chilli Vienna | 1 Each,$6.25,$6.25/ 1ea,N/A
Arnott's Snackright Brekkie Cookies Choc Chip | 135g,$6.00,$4.44/ 100g,N/A
Rehydraid Electrolyte Effervescent Tablets Orange & Mango | 10 Pack,$5.00,$0.50/ 1ea,N/A
Primo Reserve Specialty Salami Selection With Hungarian Mild C ... 200g,$13.50,$67.50/ 1kg,N/A
Rehydraid Ready To Drink Apple & Raspberry | 1L,$8.00,$0.80/ 100mL,N/A
Dairy Farmers Thick & Creamy Yoghurt Strawberry | 600g,$4.75,$0.79/ 100g,N/A
Bega Cheese Tasty Block | 500g,$9.50,$19.00/ 1kg,N/A
Damla Assorted Soft Fruit Lollies | 1kg,$7.90,$7.90/ 1kg,N/A
Real Foods Multigrain Corn Thins | 150g,$1.50,$1.00/ 100g,N/A
Dorset Granola Berry | 450g,$7.00,$1.56/ 100g,N/A
Dominate Shockwaves Extreme | 250mL,$5.00,$2.00/ 100mL,N/A
Rova Sparkling Water Mixed Berry Cans 250ml | 4 Pack,$4.95,$4.95/ 1L,N/A
Batiste Medium Brunette Dry Shampoo | 200mL,$12.00,$6.00/ 100mL,N/A
Clairol Nice 'n Easy 6a Natural Light Ash Brown Permanent Hair ... 1 pack,$10.00,$10.00/ 1ea,N/A
Clairol Nice 'n Easy 5rb Natural Medium Chestnut Brown Permane ... 1 pack,$10.00,$10.00/ 1ea,N/A
Jed's No.4 Very Strong Coffee Beans | 1kg,$35.00,$3.50/ 100g,N/A
Nature's Way Restore Probiotic Choc Balls | 60 pack,$11.25,$18.75/ 100ea,N/A
Primo Frankfurt Thin | 1kg,$6.90,$6.90/ 1kg,N/A
Capsicana Mexican Style Smoky Chipotle Soft Taco Kit | 253g,$6.50,$2.57/ 100g,N/A
Arth Pickle Lime | 400g,$3.00,$0.75/ 100g,N/A
Rehydraid Electrolyte Effervescent Tablets Apple Raspberry | 40 Pack,$15.00,$0.38/ 1ea,N/A
Coles Kitchen Ratatouille | 750g,$5.70,$7.60/ 1kg,N/A
Coles Finest Tiger Prawns Dim Sum Selection 12 Pack | 300g,$11.00,$3.67/ 100g,N/A
Remedy Sodaly Raspberry | 330mL,$2.90,$8.79/ 1L,N/A
BX Earth Dog 2 In 1 Cherry Blossom Vanilla & Aloe Vera All Na ... 500mL,$10.00,$20.00/ 1L,N/A
Wildly Good Biteables Cheese Cauli Poppers | 210g,$5.50,$2.62/ 100g,N/A
Aveeno Baby Daily Moisture Lightly Scented Sensitive Wash ... 532mL,$18.00,$3.38/ 100mL,N/A
The Man Shake Meal Replacement Variety 14 Pack | 784g,$50.00,$6.38/ 100g,N/A
Batiste Blush Dry Shampoo | 350mL,$15.00,$4.29/ 100mL,N/A
Hecho En Mexico Chicken Fajitas Kit | 548g,$12.00,$2.19/ 100g,N/A
Australia's Own Full Cream Milk | 1L,$1.80,$1.80/ 1L,N/A
Clairol Nice 'n Easy 3.5bg Natural Dark Burgundy Permanent Hair ... 1 pack,$10.00,$10.00/ 1ea,N/A
Capsicana Brazilian Style Smoky Bbq Wrap Seasoning Mix | 28g,$2.50,$8.93/ 100g,N/A
Crisco Canola Oil | 750mL,$4.40,$0.59/ 100mL,N/A
Buontempo Gluten Free Penne | 600g,$5.40,$0.90/ 100g,N/A
Breeders Choice Cat Litter Paper | 24L,$25.00,$1.04/ 1L,N/A
Caffe Aurora Italian Blend Beans Coffee | 1kg,$29.00,$2.90/ 100g,N/A
Curash Gentle Baby Shampoo & Conditioner Tear Free | 400mL,$7.80,$1.95/ 100mL,N/A
Pepsi Soft Drink 30x375ml | 30 Pack,$25.00,$2.22/ 1L,N/A
Umamipapi Chilli Egg Mayo | 240mL,$6.50,$2.71/ 100mL,N/A
Butter Menthol Gummies | 70g,$2.00,$2.86/ 100g,N/A
KB's Tempura Battered Whiting Fillets | 450g,$6.00,$13.33/ 1kg,N/A
Wildly Good Biteables Loaded Potato Rostis 6 Pack | 210g,$5.50,$2.62/ 100g,N/A
Coles Finest By Laurent Rye Sourdough Vienna | 1 Each,$6.25,$6.25/ 1ea,N/A
OBAP Roasted Seasoned Seaweed 8 Pack | 40g,$4.35,$10.88/ 100g,N/A
Chux Dishwand Heavy Duty Refill | 3 pack,$5.40,$1.80/ 1ea,N/A
180 Degrees Walnut Oat Crackers | 150g,$4.50,$3.00/ 100g,N/A
Caffe Aurora Italian Blend Ground Coffee | 1kg,$29.00,$2.90/ 100g,N/A
Glad Aromatics Kitchen Tidy Bags Sweet Citrus Medium | 28 Pack,$4.50,$0.16/ 1ea,N/A
Green's Date Loaf Mix | 415g,$3.00,$0.72/ 100g,N/A
Vittoria Espresso Decaffeinated Ground Coffee | 200g,$13.00,$6.50/ 100g,N/A
Capsicana Mexican Style Burrito Tomato & Chipotle Paste | 60g,$2.50,$4.17/ 100g,N/A
Clairol Nice 'n Easy 4 Natural Dark Brown Permanent Hair ... 1 pack,$10.00,$10.00/ 1ea,N/A
Heinz Tomato Ketchup Sauce Squeezy | 1L,$5.90,$0.59/ 100mL,N/A
Smash Leakproof Snack Box | 1 Each,$3.50,$3.50/ 1ea,N/A
Maille Traditional Dijon Mustard | 215g,$4.80,$2.23/ 100g,N/A
Bref Ultimate Gel Ultra Bleach Toilet Cleaner Citrus | 600mL,$3.50,$0.58/ 100mL,N/A
Kan Tong Honey Soy & Garlic Stir Fry Meal Base Pouch | 175g,$3.00,$1.71/ 100g,N/A
Selleys Rapid Mould Killer | 500mL,$5.80,$1.16/ 100mL,N/A
Jed's No.5 Extra Strong Coffee Beans | 1kg,$35.00,$3.50/ 100g,N/A
Pepsi Max No Sugar Cola Soft Drink Cans Multipack 375ml x 30 Pack | 30 pack,$25.00,$2.22/ 1L,N/A
Table Of Plenty Share Topped Mini Rice Cakes Chocolate | 60g,$4.00,$6.67/ 100g,N/A
Bellamy's Organic Cereal Vanilla Rice Custard | 125g,$3.95,$3.16/ 100g,N/A
Lvl Up Everday Hydration Lemon Lime 10pk | 10PACK,$11.00,$1.10/ 1ea,N/A
San Remo Spelt Spiral Pasta | 250g,$4.00,$1.60/ 100g,N/A
Huggies Nappy Pants Size 5 Boy Jumbo | 54 Pack,$33.50,$0.62/ 1ea,N/A
Batiste Dry Shampoo Bare | 200mL,$12.00,$6.00/ 100mL,N/A
Green Nation Soy Wax Candle Salted Caramel | 200g,$14.00,$14.00/ 1ea,N/A
Table Of Plenty Share Topped Mini Rice Cakes Yoghurt Mixed Berry | 60g,$4.00,$6.67/ 100g,N/A
Sunrice Premium Long Grain Rice | 2kg,$4.00,$0.20/ 100g,N/A
Sunsol Toasted Muesli Almond Honey & Dark Chocolate | 500g,$6.00,$1.20/ 100g,N/A
Great Ocean Road Colby Cheese Block | 500g,$9.00,$18.00/ 1kg,N/A
Bega Spread Peanut Butter Crunchy | 375g,$4.90,$1.31/ 100g,N/A
Bx Earth Dog Deodorising Cologne Spray Cherry Blossom | 250mL,$10.00,$40.00/ 1L,N/A
Jarlsberg Cheese Wedge | 230g,$10.50,$45.65/ 1kg,N/A
Arth Pickle Sweet Lime | 500g,$3.00,$0.60/ 100g,N/A
Earthwise Dishwashing Liquid Orange Eucalyptus | 500 mL,$3.50,$0.70/ 100mL,N/A
Bertolli Olive Oil Margarine Spread Classic | 500g,$4.50,$0.90/ 100g,N/A
Green Nation Air Freshener Sandalwood & Cedar | 200mL,$5.00,$2.50/ 100mL,N/A
Herbal Essences Bio Renew Coconut Milk & Aloe Deep Hydr ... 300mL,$10.00,$3.33/ 100mL,N/A
Royal Fields Stuffed Vine Leaves | 400g,$3.95,$9.88/ 1kg,N/A
Batiste Clean & Classic Original Dry Shampoo | 200mL,$12.00,$6.00/ 100mL,N/A
Coles Pork Spare Ribs | approx. 950g,$18.05,$19.00/ 1kg,N/A
Cuddly Classic Fresh Fabric Softener Sachet | 300mL,$3.50,$11.67/ 1L,N/A
Yoplait Yoghurt Natural | 500g,$3.50,$0.70/ 100g,N/A
Always Fresh Roasted Whole Peppers | 330g,$4.90,$14.85/ 1kg,N/A
Devondale Butter Block Unsalted | 250g,$4.70,$1.88/ 100g,N/A
Royal Fields Egg Noodles | 1kg,$5.55,$0.56/ 100g,N/A
Johnson's Body Care Extra Rich Moisturising Cream Body Wash | 1L,$9.00,$0.90/ 100mL,N/A
Viva Paper Towel White | 6 pack,$8.00,$2.22/ 100ea,N/A
Raid One Shot Pest Odourless Flying Insect Spray Killer With ... 320g,$6.00,$1.88/ 100g,N/A
Local Legends Biltong Chilli Beef | 45g,$4.30,$95.56/ 1kg,N/A
Vittoria Original Chocochino | 375g,$6.30,$1.68/ 100g,N/A
San Remo Red Lentils Spirals Pulse Pasta | 250g,$4.00,$1.60/ 100g,N/A
HB Belly Me Bloat Away | 60 mL,$3.00,$50.00/ 1L,N/A
Cheer Plant Based Sliced Cheese | 200g,$6.30,$31.50/ 1kg,N/A
Arth Marinade Tandoori Marinade | 270g,$3.60,$1.33/ 100g,N/A
Chux Original Superwipes | 10 pack,$3.90,$0.39/ 1ea,N/A
Solo Energy Can Lemon Mango | 250mL,$2.50,$10.00/ 1L,N/A
Great Ocean Road Extra Tasty Cheese Block | 500g,$9.00,$18.00/ 1kg,N/A
Devondale Whipping Cream | 250mL,$3.10,$1.24/ 100mL,N/A
El- Amin's Halal Chicken Portions | approx. 1.1kg,$9.90,$9.00/ 1kg,N/A
Nulax Laxative Fruit Bar | 40g,$3.00,$7.50/ 100g,N/A
Coles Choc Chip Banana Bread Slices 5 Pack | 500g,$5.75,$1.15/ 100g,N/A
Vittoria Espresso Ground Coffee | 200g,$11.50,$5.75/ 100g,N/A
Baby Mum-Mum Melts 80g | 1 each,$2.85,$3.56/ 100g,N/A
Arth Paste Masala Tikka Masala Paste | 270g,$3.40,$1.26/ 100g,N/A
Luigi Cavalli Crema Milano Coffee Beans | 500g,$17.00,$3.40/ 100g,N/A
Batiste Overnight Deep Cleanse Dry Shampoo | 200mL,$12.00,$6.00/ 100mL,N/A
Flora Margarine Spread Original | 1kg,$7.00,$0.70/ 100g,N/A
Doritos Loadable Corn Chips Lightly Salted | 255g,$4.00,$1.57/ 100g,N/A
Glad Aromatics Kitchen Tidy Bags Cherry Blossom Mediu ... 28 Pack,$4.50,$0.16/ 1ea,N/A
Dove Beauty Bar Regular 6 X 90g | 540g,$8.75,$1.62/ 100g,N/A
Little Bellies Organic Pear & Vanilla Paws 10 Months+ | 12g,$1.95,$16.25/ 100g,N/A
Magic Stain Remover | 250mL,$7.00,$28.00/ 1L,N/A
Mildura Orange And Passionfruit Drink | 500mL,$2.50,$5.00/ 1L,N/A
Lavazza Tales Of Italy Alluring Napoli Ground Coffee | 250g,$11.00,$4.40/ 100g,N/A
Raid One Shot Pest Multipurpose Insect Killer Odourless | 320g,$6.00,$1.88/ 100g,N/A
Youfoodz Slow Cooked Bbq Beef And Mash Meal | 326g,$10.00,$3.07/ 100g,N/A
Great Ocean Road Vintage Cheese Block | 500g,$9.00,$18.00/ 1kg,N/A
Capsicana Brazilian Style Tomato Coconut & Chilli Wrap Paste | 60g,$2.50,$4.17/ 100g,N/A
Dolmio Classic Tomato Pasta Sauce | 500g,$2.50,$0.50/ 100g,N/A
Smash Leakproof Fruity Mover 400ml | 1 Each,$4.20,$4.20/ 1ea,N/A
Clearblue Visual Rapid Detection Pregnancy Test Kit | 3 pack,$16.00,$5.33/ 1ea,N/A
Coles RSPCA Approved Chicken Breast Schnitzel | 500g,$9.00,$18.00/ 1kg,N/A
Coles Nuts Cashews Natural | 400g,$9.00,$22.50/ 1kg,N/A
Daily Juice No Added Sugar Apple Juice | 2L,$5.95,$2.98/ 1L,N/A
Rova Sparkling Water Peach Cans 250ml | 4 Pack,$4.95,$4.95/ 1L,N/A
BX Earth Dog All Natural Shampoo Cleansing Aloe Vera Oatmeal & ... 500mL,$10.00,$20.00/ 1L,N/A
Clairol Nice 'n Easy 9a Natural Light Ash Blonde Permanent Hair ... 1 pack,$10.00,$10.00/ 1ea,N/A
Provoke Touch Of Silver Toning Treatment Mask | 200mL,$9.00,$4.50/ 100mL,N/A
Dolmio Classic Basil Pasta Sauce | 500g,$2.50,$0.50/ 100g,N/A
Huggies Nappy Pants Size 4 Boy Jumbo 62 Pack | 62 Pack,$33.50,$0.54/ 1ea,N/A
Capilano Manuka Mgo 100+ Honey | 250g,$11.50,$4.60/ 100g,N/A
Double D Manuka Honey Lemon Ginger | 16 Pack,$5.00,$0.31/ 1ea,N/A
Libra Liners Active Protect | 50 pack,$5.00,$0.10/ 1ea,N/A
Modibodi Comfort Period Brief Black Moderate Size S 8-10 | 1 Pack,$17.00,$17.00/ 1ea,N/A
Capsicana Argentinian Style Sizzling Steak Seasoning Mix | 28g,$2.50,$8.93/ 100g,N/A
Clairol Nice 'n Easy 6r Natural Light Auburn Permanent Hair ... 1 pack,$10.00,$10.00/ 1ea,N/A
Youfoodz Roast Chicken & Gravy With Loaded Mash & Veg | 350g,$10.00,$2.86/ 100g,N/A
Mildura Drinks Apple Peach Mango | 500mL,$2.50,$5.00/ 1L,N/A
Lavazza Espresso Lamborghini Coffee Beans | 1 Kg,$40.00,$4.00/ 100g,N/A
Coles White Large Jumbo Wraps 8 Pack | 560g,$3.60,$0.64/ 100g,N/A
Bega Cheese Strong & Bitey Vintage Block | 500g,$9.50,$19.00/ 1kg,N/A
Modibodi Comfort Period Brief Black Moderate Size M 12-14 | 1 Pack,$17.00,$17.00/ 1ea,N/A
Cuddly In Wash Laundry Scent Booster Beads Coco Cuddles | 480g,$16.00,$33.33/ 1kg,N/A
Riverina Fetta Greek Style | 200g,$4.70,$23.50/ 1kg,N/A
Capsicana Mexican Style Fancy Fajita Seasoning Mix | 28g,$2.50,$8.93/ 100g,N/A
Smash Sports Pop Top Bottle | 1 Each,$4.90,$4.90/ 1ea,N/A
Royal Fields Baked Bbq Rice Crackers | 350g,$4.80,$1.37/ 100g,N/A
Coles Butterflied Pork Shoulder With Lemon & Herb | approx. 800g,$10.40,$13.00/ 1kg,N/A
Mainland Cheese Slices Extra Tasty | 210g,$6.00,$28.57/ 1kg,N/A
Libra Goodnights Ultra Thin Value Pack Pads | 20 pack,$8.00,$0.40/ 1ea,N/A
Huggies Jumbo Nappy Pants Size 6 Girl | 48 Pack,$33.50,$0.70/ 1ea,N/A
Coles RSPCA Approved Chicken Kebabs With Sticky BBQ Rub | 750g,$10.00,$13.33/ 1kg,N/A
Batiste Fresh Dry Shampoo | 200mL,$12.00,$6.00/ 100mL,N/A
Al Barakah Dates Premium Arabian Dates | 500g,$5.40,$10.80/ 1kg,N/A
Uncle Tobys Cheerios Wholegrain Breakfast Cereal | 560g,$5.50,$0.98/ 100g,N/A
Maldon Smoked Sea Salt | 125g,$5.20,$0.42/ 10g,N/A
Coles Made Easy Roast Beef Crusted In Garlic | 700g,$14.50,$20.71/ 1kg,N/A
Seng Hork Beef Dumplings | 500g,$7.20,$1.44/ 100g,N/A
Bippi Italian Bomba Spicy Spread | 240g,$9.50,$3.96/ 100g,N/A
Sunrice Basmati Rice | 2kg,$9.50,$0.48/ 100g,N/A
180 Degrees Parmesan Oat Crackers | 135g,$4.50,$3.33/ 100g,N/A
Tropeaka Beauty Custard Powder Mix Smooth & Creamy Banana | 34g,$4.70,$13.82/ 100g,N/A
Youfoodz Lamb Gyros Plate With Potatoes & Sicilian Veg | 320g,$10.00,$3.13/ 100g,N/A
Rehydraid Electrolyte Effervescent Tablets Grape | 40 Pack,$15.00,$0.38/ 1ea,N/A
Devondale Moo Flavoured Strawberry Multipack Milk 2 ... 6 pack,$6.00,$5.00/ 1L,N/A
Bx Earth Dog 5in1 Desert Musk Sandalwood & Aloe Vera Conditioni ... 500mL,$10.00,$20.00/ 1L,N/A
Pureland Tofu | 500g,$4.30,$0.86/ 100g,N/A
Cycle By Coles Pads Ultra Thin Night Wings | 12 pack,$2.15,$0.18/ 1ea,N/A
Youfoodz Creamy Garlic Chicken Kyiv With Chips & Broccoli | 312g,$10.00,$3.21/ 100g,N/A
Smash Leakproof Sandwich Box | 1 Each,$4.20,$4.20/ 1ea,N/A
Coles Finest By Laurent 7 Seed And Grain Vienna | 1 Each,$6.25,$6.25/ 1ea,N/A
Devondale Dairy Soft Dy Blend Tub Regular | 500g,$6.70,$1.34/ 100g,N/A
Table Of Plenty Share Topped Mini Rice Cakes Dark Chocolate | 60g,$4.00,$6.67/ 100g,N/A
Head & Shoulders Anti Dandruff Shampoo Bare Pure Clean | 400mL,$12.50,$3.13/ 100mL,N/A
Batiste Dry Shampoo & Volume With Plumping Collagen | 200mL,$12.00,$6.00/ 100mL,N/A
Dairy Farmers Thick & Creamy Yoghurt Mango & Passionfruit | 600g,$4.75,$0.79/ 100g,N/A
Libra Pads Goodnights Extra | 20 pack,$8.00,$0.40/ 1ea,N/A
Creative Kitchen Original Butter Popcorn Seasoning | 91g,$3.00,$0.38/ 10g,N/A
Daily Juice Pulp Free No Added Sugar Orange Juice | 2L,$6.50,$3.25/ 1L,N/A
Hydralyte Electrolyte Solution Orange Flavour | 1L,$13.00,$1.30/ 100mL,N/A
Tibaldi Australian Hot Honey Leg Ham | 120 GRAM,$4.50,$37.50/ 1kg,N/A
Lvl Up Everday Hydration Orange 10pk | 10PACK,$11.00,$1.10/ 1ea,N/A
Glad To Be Green Compostable Kitchen Liners Mini | 25 pack,$3.90,$0.16/ 1ea,N/A
Youfoodz Loaded Pumpkin Lasagne With Creamy Bechamel ... 300g,$10.00,$3.33/ 100g,N/A
Rova Sparkling Water Lime Cans 250ml | 4 Pack,$4.95,$4.95/ 1L,N/A
180 Degrees Hazelnut Oat Crackers | 150g,$4.50,$3.00/ 100g,N/A
Little Bellies Softcorn Banana | 8g,$1.95,$24.38/ 100g,N/A
Chux Heavy Duty Scourer + Foam Sponge | 6 pack,$4.40,$0.73/ 1ea,N/A
Lavazza Tales Of Italy Eternal Roma Ground Coffee | 250g,$11.00,$4.40/ 100g,N/A
Blackmores Multivitamin For Women Sustained Release Tablets | 60 pack,$15.00,$25.00/ 100ea,N/A
Oral B Everyday Clean Electric Toothbrush Replacement He ... 6 Pack,$30.00,$5.00/ 1ea,N/A
Primo Reserve Continental Selection With Mild Chorizo ... 200g,$13.50,$67.50/ 1kg,N/A
Solo Energy Can Zero Sugar | 250mL,$2.50,$10.00/ 1L,N/A
Doritos Loadable Corn Chips Lime | 255g,$4.00,$1.57/ 100g,N/A
Sorbent 3 Ply Soft & Strong Toilet Paper | 16 Pack,$8.60,$0.30/ 100ea,N/A
Coles Asia Crispy Noodle Bites Pad Thai Flavour | 70g,$3.00,$4.29/ 100g,N/A
180 Degrees Toasted Cranberry & Almond Crackers | 130g,$5.50,$4.23/ 100g,N/A
Bega Cheese Easy Melt Colby Block | 500g,$9.50,$19.00/ 1kg,N/A
Deemah Date Bars | 375g,$3.75,$1.00/ 100g,N/A
Easiyo Unsweetened Low Fat Greek Style Yogurt | 170g,$5.40,$3.18/ 100g,N/A
Devondale Dairy Soft Salt Reduced Spreadable Butter | 500g,$6.70,$1.34/ 100g,N/A
Little Bellies Baby Puffs Carrot | 12g,$1.95,$16.25/ 100g,N/A
Colgate Total Active Prevention Original Toothpaste | 200g,$6.00,$3.00/ 100g,N/A
Nature's Way Way Restore Probiotic 50 Billion | 30 pack,$19.50,$65.00/ 100ea,N/A
Clairol Nice 'n Easy 9b Natural Light Beige Blonde Perman ... 1 pack,$10.00,$10.00/ 1ea,N/A
Vittoria Italian Ground Coffee | 200g,$10.00,$5.00/ 100g,N/A
Always Fresh Dolmades Greek Style | 280g,$5.20,$18.57/ 1kg,N/A
Squeaky Gate White Balsamic Vinegar | 250mL,$4.50,$1.80/ 100mL,N/A
Mildura Apple And Guava Fruit Drink | 500mL,$2.50,$5.00/ 1L,N/A
Arth Curry Goan Curry Paste | 270g,$3.40,$1.26/ 100g,N/A
Youfoodz Regular Chicken Penne With Sundried Tomato ... 316g,$10.00,$3.16/ 100g,N/A
Fairy Platinum Plus Lemon Dishwashing Tablets | 88 Pack,$37.50,$0.43/ 1ea,N/A
Bref Deluxe Toilet Cleaner Gel Lovely Jasmine | 600mL,$3.50,$0.58/ 100mL,N/A
Vittoria Supreme Coffee Beans | 500g,$23.00,$4.60/ 100g,N/A
Remedy Sodaly Yuzu Lemon | 330mL,$2.90,$8.79/ 1L,N/A
Starbucks By Nespresso Compatible Capsules Blonde Espresso | 36 pack,$23.00,$0.64/ 1ea,N/A
Youfoodz Mushroom & Cheese Tortellini With Creamy Sauce | 330g,$10.00,$3.03/ 100g,N/A
San Remo Gluten Free Spirals Pasta | 350g,$4.00,$1.14/ 100g,N/A
Hercules Freezerguard Resealable Medium Slider Bags | 25 Pack,$4.30,$0.17/ 1ea,N/A
Vanish Napisan Oxi Crystal White Fabric Stain Remover Powder | 2kg,$16.50,$8.25/ 1kg,N/A
White Wings Gluten Free Plain Flour | 500g,$4.00,$8.00/ 1kg,N/A
Royal Fields Lentils Red Split | 1kg,$5.35,$5.35/ 1kg,N/A
Vittoria Espresso Magic Coffee | 500g,$23.00,$4.60/ 100g,N/A
Amadeus Blue Vein | approx. 100g,$3.50,$35.00/ 1kg,N/A
Cleavers Organic Lamb Loin Chop | approx. 350g,$10.15,$29.00/ 1kg,N/A
Little Bellies Organic Carrot & Cinnamon Paws 10+ Months | 12g,$1.95,$16.25/ 100g,N/A
Dettol Healthy Clean Bathroom Disinfectant Surface Cleanin ... 500mL,$4.00,$0.80/ 100mL,N/A
Coles Malaysian Takeaway Spice Mix | 100g,$4.00,$0.40/ 10g,N/A
Strepsil Herbal Immune Sore Throat Honey Lemon | 16 pack,$6.50,$0.41/ 1ea,N/A
Air Wick Essential Oils Vanilla Bean Candle | 1 pack,$5.00,$5.00/ 1ea,N/A
Sistema Klip It Klip It Plus Juice Jug 2l | 1 each,$10.50,$10.50/ 1ea,N/A
Salt & Co Magnesium Flakes Sleeping Beauty | 750g,$8.00,$1.07/ 100g,N/A
Kantong Meal Base Pouch Satay Chicken | 175g,$3.00,$1.67/ 100g,N/A
Coles Made Easy Slow Cooked Lamb Shoulder With Garlic And H ... 550g,$14.50,$26.36/ 1kg,N/A
Capsicana Mexican Style Tasty Taco Seasoning Mix | 28g,$2.50,$8.93/ 100g,N/A
Aveeno Baby Daily Moisturising Fragrance Free Sensitive M ... 532mL,$18.00,$3.38/ 100mL,N/A
Hercules Freezerguard Resealable Large Slider Bags | 20 Pack,$4.30,$0.22/ 1ea,N/A
Green's Vanilla Cake Mix | 470g,$3.00,$0.64/ 100g,N/A
Barkers Dessert Sauce Strawberry | 335g,$4.95,$1.48/ 100g,N/A
Rascals Premium Sensitive Wipes Plastic Free Cloth | 640 Pack,$20.00,$3.13/ 100ea,N/A
Finish Ultimate Plus Lemon Dishwashing Tablets | 20 Pack,$14.00,$0.70/ 1ea,N/A
Pine O Cleen Laundry Sanitiser Odour Active | 2L,$15.00,$7.50/ 1L,N/A
Daily Juice No Added Sugar Orange Juice | 2L,$6.50,$3.25/ 1L,N/A
Batiste Eden Dry Shampoo | 200mL,$12.00,$6.00/ 100mL,N/A
Earthwise Diswashing Liquid Lemon Fresh | 500 mL,$3.50,$0.70/ 100mL,N/A
Isocol Rubbing Alcohol Spray | 450mL,$17.00,$3.78/ 100mL,N/A
Kroya Fragrant Purple Jasmine Rice | 5kg,$13.50,$2.70/ 1kg,N/A
Solo Lemon Energy Can | 250mL,$2.50,$10.00/ 1L,N/A
Lvl Up Everyday Hydration Tropical 10pk | 10PACK,$11.00,$1.10/ 1ea,N/A
Modibodi Comfort Period Brief Black Moderate Size XL 20-22 | 1 Pack,$17.00,$17.00/ 1ea,N/A
Johnson's Body Care Dreamy Skin Lavender & Moonflower Scented ... 1L,$9.00,$0.90/ 100mL,N/A
HB Belly Me Shot Probiotic + Fat Metabliser | 60ML,$3.00,$50.00/ 1L,N/A
Easiyo Vanilla Flavour Yoghurt | 230g,$5.40,$2.35/ 100g,N/A
Maille Mild Wholegrain Mustard | 210g,$4.80,$2.29/ 100g,N/A
Devondale Uht Skim Multipack Milk 200ml | 6 Pack,$5.40,$4.50/ 1L,N/A
Creative Kitchen Salt & Vinegar Popcorn Seasoning | 73g,$3.00,$0.41/ 10g,N/A
Nulax Fruit Laxative | 250g,$7.50,$3.00/ 100g,N/A
Starbucks By Nespresso House Blend Coffee Pods Intensity 8 Cap ... 36 pack,$23.00,$0.64/ 1ea,N/A
Cheer Plant Based Shredded Cheese | 200g,$6.30,$31.50/ 1kg,N/A
Hydralyte Liquid Lemonade Colour Free | 1L,$13.00,$1.30/ 100mL,N/A
HB Belly Me Probiotic Drink 80 Billion | 100mL,$6.50,$65.00/ 1L,N/A
Green's Orange Cake Mix | 470g,$3.00,$0.64/ 100g,N/A
Dimes Pomegranate Juice | 1L,$3.35,$3.35/ 1L,N/A
Coles Thailand Takeaway Spice Mix | 110g,$4.00,$0.36/ 10g,N/A
Coles Assure Pads Extra Plus | 10 pack,$2.85,$0.29/ 1ea,N/A
Mighty Soft Raisin Toast | 600g,$4.40,$0.73/ 100g,N/A
First Response Pregnancy Test Instream | 3 Pack,$17.00,$5.67/ 1ea,N/A
Devondale Uht Full Cream Multipack Milk 200ml | 6 pack,$5.40,$4.50/ 1L,N/A
Jed's No.3 Strong Coffee Beans | 1kg,$35.00,$3.50/ 100g,N/A
Herbal Essences Bio Renew Argan Oil & Aloe Deep Repair Ma ... 300mL,$10.00,$3.33/ 100mL,N/A
Green's Golden Butter Cake Mix | 440g,$3.00,$0.68/ 100g,N/A
Pampas Frozen Reduced Fat Puff Pastry 6 Sheets | 1kg,$5.50,$0.55/ 100g,N/A
San Remo Penne Pulse Pasta | 250g,$4.00,$1.60/ 100g,N/A
Fairy Platinum Plus Lemon Dishwashing Tablets | 42 Pack,$25.00,$0.60/ 1ea,N/A
Coco Earth Powder Marine Collagen + Pre & Probiotics | 200g,$18.00,$9.00/ 100g,N/A
Nudie Nothing But Juice Orange | 3L,$10.80,$3.60/ 1L,N/A
Coles Chinese Takeaway Spice Mix | 110g,$4.00,$0.36/ 10g,N/A
Salt & Co Magnesium Flakes + Msm | 750g,$8.00,$1.07/ 100g,N/A
Cycle By Coles Pads Ultra Thin Regular Wings | 16 pack,$2.00,$0.13/ 1ea,N/A
Mildura Zooper Dooper Pineapple | 500mL,$2.50,$5.00/ 1L,N/A
Remedy Sodaly Yuzu Lemon | 1.25L,$4.95,$3.96/ 1L,N/A
Remedy Sodaly Blood Orange | 330mL,$2.90,$8.79/ 1L,N/A
Always Fresh Sundried Tomatoes Strips | 220g,$4.00,$18.18/ 1kg,N/A
Coles Assure Pants For Men Large | 8 pack,$9.60,$1.20/ 1ea,N/A
Lavazza Tales Of Italy Alluring Napoli Premium Coffee Beans | 500g,$20.00,$4.00/ 100g,N/A
Coles Perino Entertainer Red Grape Tomatoes | 350g,$5.50,$15.71/ 1kg,N/A
Infacare Comfort Stage 2 Formula | 850g,$15.00,$1.76/ 100g,N/A
Coles Finest Rainbow Carrots With Maple Glaze | 500g,$5.00,$10.00/ 1kg,N/A
Clairol Nice 'n Easy 8a Natural Medium Ash Blonde Perman ... 1 pack,$10.00,$10.00/ 1ea,N/A
Table Of Plenty Share Topped Mini Rice Cakes Salted Caramel | 60g,$4.00,$6.67/ 100g,N/A
Riverina Haloumi | 180g,$5.80,$32.22/ 1kg,N/A
Coles No Added Hormone Beef Roast Topside | approx. 1.3kg,$22.75,$17.50/ 1kg,N/A
Starbucks By Nespresso Espresso Roast Intensity 11 Coffee Pods ... 36 pack,$23.00,$0.64/ 1ea,N/A
Clif Bar White Chocolate Macadamia Bar | 68g,$3.40,$5.00/ 100g,N/A
Green Nation Air Freshener Vanilla + Coconut | 200mL,$5.00,$2.50/ 100mL,N/A
Four Seasons Glow In Dark Lubricant | 100mL,$5.20,$5.20/ 100mL,N/A
Nature's Way Restore 30 Billion Daily Probiotic Capsules | 30 pack,$14.00,$46.67/ 100ea,N/A
Bellamy's Organic Porridge Baby Cereal | 125g,$3.95,$3.16/ 100g,N/A
Rana Carbonara Tortellini | 600g,$11.00,$1.83/ 100g,N/A
Green Nation Soy Wax Candle Vanilla 200g | 1 each,$14.00,$14.00/ 1ea,N/A
Arth Rice Khichdi Brown Rice & Cumin Khichdi | 250g,$1.80,$0.72/ 100g,N/A
Bega Spread Peanut Butter Smooth | 375g,$4.90,$1.31/ 100g,N/A
Coles Beef Slow Cook Short Ribs | approx. 800g,$13.60,$17.00/ 1kg,N/A
Gourmet Emporium Rose & Vanilla Turkish Deligh | 250g,$3.50,$1.40/ 100g,N/A
Coles RSPCA Approved Chicken Kebabs Honey & Soy | 750g,$10.00,$13.33/ 1kg,N/A
Kantong Meal Base Pouch Cooking Sauce Thai Green Curry | 175g,$3.00,$1.71/ 100g,N/A
Colgate Total Active Prevention Mint Stripe Toothpaste | 200g,$6.00,$3.00/ 100g,N/A
Buontempo Gluten Free Spirals | 600g,$5.40,$0.90/ 100g,N/A
Arnott's 50% Less Sugar Scotch Finger Biscuits | 232g,$4.00,$1.72/ 100g,N/A
Batiste Dry Shampoo Volume | 350mL,$15.00,$4.29/ 100mL,N/A
Aerogard Repellent Roll On Tropic | 50mL,$7.20,$14.40/ 100mL,N/A
Curash Gentle Head To Toe Wash Baby Bath | 400mL,$7.80,$1.95/ 100mL,N/A
The Kind Harvest Plain Flour | 1kg,$2.00,$2.00/ 1kg,N/A
Lavazza Tales Of Italy Enchanting Capri Ground Coffee | 250g,$11.00,$4.40/ 100g,N/A
Little Bellies Apple & Cinnamon Baby Puffs | 12g,$1.95,$16.25/ 100g,N/A
Arth Marinade Indian Mint Chilli Marinade | 270g,$3.60,$1.33/ 100g,N/A
Head & Shoulders Anti Dandruff Shampoo Bare Soothing Hydra ... 400mL,$12.50,$3.13/ 100mL,N/A
Clairol Nice 'n Easy 3.5 Natural Darkest Brown Permanent Hair ... 1 pack,$10.00,$10.00/ 1ea,N/A
Green's Banana Bread Loaf Mix | 400g,$3.00,$0.75/ 100g,N/A
Coles Graze Grass Fed No Added Hormone Beef Mince | 500g,$11.00,$22.00/ 1kg,N/A
San Remo Gluten Free Spaghetti | 350g,$4.00,$1.14/ 100g,N/A
Royal Fields Rice Crackers | 400g,$4.25,$1.06/ 100g,N/A
South Cape Brie | 200g,$6.00,$30.00/ 1kg,N/A
Voost Effervesence Hydrate Orange | 40 pack,$15.00,$0.38/ 1ea,N/A
San Remo Gluten Free Penne Pasta | 350g,$4.00,$1.14/ 100g,N/A
Clearblue Early Detection | 1 pack,$10.00,$10.00/ 1ea,N/A
Dairy Farmers Thick & Creamy Yoghurt Lemon | 600g,$4.75,$0.79/ 100g,N/A
Maille Hollandaise Sauce | 185g,$5.70,$3.08/ 100g,N/A
Lotus Biscoff Smooth Spread | 720g,$10.00,$1.39/ 100g,N/A
Batiste Beautiful Brunette Dry Shampoo | 350mL,$15.00,$4.29/ 100mL,N/A
Le Tore 12 Month 100% Sheep Milk | approx. 100g,$5.50,$55.00/ 1kg,N/A
Coles Finest By Laurent Sourdough Pane Di Casa With Sesame | 1 Each,$6.25,$6.25/ 1ea,N/A
Campbell's V8 Breakfast Juice Box 250ml | 3 Pack,$4.00,$5.33/ 1L,N/A
The Lady Shake Meal Replacement Variety 14 Pack | 784g,$50.00,$6.38/ 100g,N/A
Seng Hork Sichuan Pork Dumpling | 500GRAM,$7.20,$1.44/ 100g,N/A
Fairy Platinum Plus Lemon Dishwashing Tablets | 70 Pack,$31.00,$0.44/ 1ea,N/A
Arth Pickle Mango Pickle | 400g,$3.00,$0.75/ 100g,N/A
Capsicana Mexican Style Honey & Chilli Fajita Kit | 263g,$6.50,$2.47/ 100g,N/A
Flora Margarine Spread Light | 500g,$4.50,$0.90/ 100g,N/A
So Soft Marshmallow Co Marshmallows Jumbo Roaster | 300g,$4.50,$1.50/ 100g,N/A
Royal Fields Cinnamon Powder | 250g,$4.60,$0.18/ 10g,N/A
Wild Earth Moringa Powder | 100g,$7.00,$7.00/ 100g,N/A
Seng Hork Mushroom& Pork Dumpling | 500GRAM,$7.20,$1.44/ 100g,N/A
Tibaldi Signature Australian Ham Off The Bone | 120g,$4.50,$37.50/ 1kg,N/A
Coles Honey Cashews | 400g,$9.00,$22.50/ 1kg,N/A
Chux Dishwand Heavy Duty | 1 pack,$4.50,$4.50/ 1ea,N/A
Uhu Magic Blue Glue Stick 2x40g | 2 Pack,$5.40,Was $6.75 on Dec 2025,N/A
K-Roo Kanga Bangas | 500g,$8.00,$16.00/ 1kg,N/A
Nescafe B43 Coffee Decaf | 150g,$13.50,$9.00/ 100g,N/A
Lipton Iced Tea Peach No Sugar Mini Cans 240ml | 6 Pack,$6.00,$4.17/ 1L,N/A
Clairol Nice 'n Easy 2 Natural Black Permanent Hair Colour | 1 pack,$10.00,$10.00/ 1ea,N/A
Wet Ones Antibacterial Hand Wipes Be Fresh | 80 pack,$6.00,$0.08/ 1ea,N/A
Youfoodz Southern Smoked Chicken With Bacon Loaded Ma ... 320g,$10.00,$3.13/ 100g,N/A
Nuttelex Olive Spread | 500g,$5.00,$1.00/ 100g,N/A
Libra Super Tampons | 32 pack,$7.50,$0.23/ 1ea,N/A
Mckenzie's Wholemeal Spelt Flour Resealable | 300g,$3.40,$11.33/ 1kg,N/A
Coles Finest By Laurent White Sourdough Cob | 1 Each,$6.25,$6.25/ 1ea,N/A
Sunsol Natural Muesli Blueberry Goji Berries Coconut & Chia | 500g,$6.00,$1.20/ 100g,N/A
Cracker Barrel Extra Sharp Cheese Block | 500g,$11.00,$22.00/ 1kg,N/A
Arth Pickle Lime Chilli | 400g,$3.00,$0.75/ 100g,N/A
Vittoria Mountain Grown Ground Coffee | 200g,$11.00,$5.50/ 100g,N/A
Wakey Wakey Caffeine Liquid Caps | 20 pack,$5.50,$27.50/ 100ea,N/A
