Product Name,Price,Unit Price,Complex Discount,Image
Kellogg's Lcms Rice Bubbles Unicorn 5 Pack | 100g,$2.25,$2.25/ 100g,N/A,https://www.coles.com.au/_next/image?url=https%3A%2F%2Fcdn.productimages.coles.com.au%2Fproductimages%2F6%2F6612032.jpg&w=640&q=90
Nudus Air Dried Orange Chips | 20g,$3.50,$17.50/ 100g,N/A,https://www.coles.com.au/_next/image?url=https%3A%2F%2Fcdn.productimages.coles.com.au%2Fproductimages%2F8%2F8072537.jpg&w=640&q=90
Pop Tops Apple Blackcurrant Drink 250ml | 6 Pack,$5.90,$3.93/ 1L,N/A,https://www.coles.com.au/_next/image?url=https%3A%2F%2Fcdn.productimages.coles.com.au%2Fproductimages%2F8%2F8147374.jpg&w=640&q=90
Nice & Natural Nut Bars Yoghurt Trail Mix 6 Pack | 192g,$5.50,$2.86/ 100g,"{'Quantity': '2', 'Price': '7'}",https://www.coles.com.au/_next/image?url=https%3A%2F%2Fcdn.productimages.coles.com.au%2Fproductimages%2F1%2F1018260.jpg&w=640&q=90
Arnott's Snackright Multipack Cracker Puffs Sour Cream Chives | 100g,$6.00,$6.00/ 100g,"{'Quantity': '2', 'Price': '8.60'}",https://www.coles.com.au/_next/image?url=https%3A%2F%2Fcdn.productimages.coles.com.au%2Fproductimages%2F6%2F6846918.jpg&w=640&q=90
Coles Tropical Fruit Drink 250ml | 6 Pack,$3.15,$2.10/ 1L,N/A,https://www.coles.com.au/_next/image?url=https%3A%2F%2Fcdn.productimages.coles.com.au%2Fproductimages%2F2%2F2535600.jpg&w=640&q=90
Farmers Union Greek Yoghurt Pouch Vanilla | 130g,$2.50,$1.92/ 100g,"{'Quantity': '5', 'Price': '8.50'}",https://www.coles.com.au/_next/image?url=https%3A%2F%2Fcdn.productimages.coles.com.au%2Fproductimages%2F3%2F3087060.jpg&w=640&q=90
Primo Streaky Rindless Bacon | 200g,$7.00,$35.00/ 1kg,"{'Quantity': '2', 'Price': '11.50'}",https://www.coles.com.au/_next/image?url=https%3A%2F%2Fcdn.productimages.coles.com.au%2Fproductimages%2F3%2F3055494.jpg&w=640&q=90
Sanitarium Up&go Liquid Breakfast Fridge Vanilla Pack 12x250ml | 3L,$18.00,$6.00/ 1L,N/A,https://www.coles.com.au/_next/image?url=https%3A%2F%2Fcdn.productimages.coles.com.au%2Fproductimages%2F1%2F1170130.jpg&w=640&q=90
Coles Pure Australian Honey | 1kg,$12.50,$1.25/ 100g,N/A,https://www.coles.com.au/_next/image?url=https%3A%2F%2Fcdn.productimages.coles.com.au%2Fproductimages%2F4%2F4752370.jpg&w=640&q=90
Three Threes Pickles Sandwich | 390g,$3.30,$0.85/ 100g,N/A,https://www.coles.com.au/_next/image?url=https%3A%2F%2Fcdn.productimages.coles.com.au%2Fproductimages%2F6%2F6308712.jpg&w=640&q=90
Glad To Be Green Sandwich Snaplock Plant Based Bags | 40 Pack,$4.00,$0.10/ 1ea,N/A,https://www.coles.com.au/_next/image?url=https%3A%2F%2Fcdn.productimages.coles.com.au%2Fproductimages%2F3%2F3974886.jpg&w=640&q=90
B.box Insulated Drink Bottle Assorted 350l | 1 Each,$33.00,$33.00/ 1ea,N/A,https://www.coles.com.au/_next/image?url=https%3A%2F%2Fcdn.productimages.coles.com.au%2Fproductimages%2F5%2F5245130.jpg&w=640&q=90
Farmers Union No Added Sugar Protein Yoghurt Pouch Blueberry | 150g,$2.90,$1.93/ 100g,N/A,https://www.coles.com.au/_next/image?url=https%3A%2F%2Fcdn.productimages.coles.com.au%2Fproductimages%2F1%2F1155523.jpg&w=640&q=90
Yoplait Strawberry Yoghurt | 1kg,$4.95,$0.50/ 100g,N/A,https://www.coles.com.au/_next/image?url=https%3A%2F%2Fcdn.productimages.coles.com.au%2Fproductimages%2F5%2F5586017.jpg&w=640&q=90
OBAP Roasted Seasoned Seaweed 8 Pack | 40g,$4.35,$10.88/ 100g,N/A,https://www.coles.com.au/_next/image?url=https%3A%2F%2Fcdn.productimages.coles.com.au%2Fproductimages%2F3%2F3308749.jpg&w=640&q=90
Keep Keto Salt & Pepper Crackers | 75g,$10.00,$13.33/ 100g,"{'Quantity': '2', 'Price': '18'}",https://www.coles.com.au/_next/image?url=https%3A%2F%2Fcdn.productimages.coles.com.au%2Fproductimages%2F8%2F8074033.jpg&w=640&q=90
Uncle Tobys Porridge Oats Quick | 1kg,$6.50,$0.65/ 100g,"{'Quantity': '5', 'Price': '25'}",https://www.coles.com.au/_next/image?url=https%3A%2F%2Fcdn.productimages.coles.com.au%2Fproductimages%2F1%2F152009.jpg&w=640&q=90
Mr Kipling Cherry Bakewells | 250g,$6.50,$2.60/ 100g,N/A,https://www.coles.com.au/_next/image?url=https%3A%2F%2Fcdn.productimages.coles.com.au%2Fproductimages%2F1%2F1777410.jpg&w=640&q=90
Coles Muesli Bars Chocolate Chips 8 Pack | 248g,$3.00,$1.21/ 100g,N/A,https://www.coles.com.au/_next/image?url=https%3A%2F%2Fcdn.productimages.coles.com.au%2Fproductimages%2F2%2F2262438.jpg&w=640&q=90
Sellotape Tape With Disp | 1 Each,$3.95,N/A,N/A,https://www.coles.com.au/_next/image?url=https%3A%2F%2Fcdn.productimages.coles.com.au%2Fproductimages%2F1%2F1842556.jpg&w=640&q=90
Sharpie Fineliner Pens | 2 Pack,$6.00,N/A,N/A,https://www.coles.com.au/_next/image?url=https%3A%2F%2Fcdn.productimages.coles.com.au%2Fproductimages%2F1%2F1823289.jpg&w=640&q=90
Sharpie Laundry Marker | 1 Each,$3.75,N/A,N/A,https://www.coles.com.au/_next/image?url=https%3A%2F%2Fcdn.productimages.coles.com.au%2Fproductimages%2F1%2F1842320.jpg&w=640&q=90
Table Of Plenty Multipack Popped Rice Cakes Salt & Vinegar 6 Pack | 90g,$6.00,$6.67/ 100g,"{'Quantity': '2', 'Price': '10'}",https://www.coles.com.au/_next/image?url=https%3A%2F%2Fcdn.productimages.coles.com.au%2Fproductimages%2F5%2F5581498.jpg&w=640&q=90
Snickers Chocolate Party Share Bag 20 Pieces | 300g,$8.00,$2.67/ 100g,N/A,https://www.coles.com.au/_next/image?url=https%3A%2F%2Fcdn.productimages.coles.com.au%2Fproductimages%2F5%2F5369981.jpg&w=640&q=90
Chobani No Sugar Added Yogurt Pouch Strawberry | 100g,$2.00,$2.00/ 100g,"{'Quantity': '4', 'Price': '6'}",https://www.coles.com.au/_next/image?url=https%3A%2F%2Fcdn.productimages.coles.com.au%2Fproductimages%2F7%2F7650219.jpg&w=640&q=90
Coles Bom Liquid Breakfast Strawberry 6x250ml | 1.5L,$8.50,$5.67/ 1L,N/A,https://www.coles.com.au/_next/image?url=https%3A%2F%2Fcdn.productimages.coles.com.au%2Fproductimages%2F9%2F9192647.jpg&w=640&q=90
Coles Apple & Cinnamon Muffins 4 Pack | 420g,$4.50,$1.07/ 100g,N/A,https://www.coles.com.au/_next/image?url=https%3A%2F%2Fcdn.productimages.coles.com.au%2Fproductimages%2F4%2F4261538.jpg&w=640&q=90
Milky Way Chocolate Party Share Bag 15 Piece | 180g,$7.50,$4.17/ 100g,N/A,https://www.coles.com.au/_next/image?url=https%3A%2F%2Fcdn.productimages.coles.com.au%2Fproductimages%2F4%2F4382474.jpg&w=640&q=90
Harvest Snap Pea Original Salted Multipack 5x18g | 90g,$4.00,$4.44/ 100g,"{'Quantity': '2', 'Price': '7'}",https://www.coles.com.au/_next/image?url=https%3A%2F%2Fcdn.productimages.coles.com.au%2Fproductimages%2F5%2F5996529.jpg&w=640&q=90
Smith's Tasty Mix Chips Lunchbox Snacks Multipack 20 Pack | 368g,$8.90,$2.42/ 100g,"{'Quantity': '2', 'Price': '15'}",https://www.coles.com.au/_next/image?url=https%3A%2F%2Fcdn.productimages.coles.com.au%2Fproductimages%2F6%2F6619698.jpg&w=640&q=90
Nice & Natural Fruit Oddities Raspberry Mango | 136g,$5.60,$4.12/ 100g,"{'Quantity': '2', 'Price': '8'}",https://www.coles.com.au/_next/image?url=https%3A%2F%2Fcdn.productimages.coles.com.au%2Fproductimages%2F3%2F3618178.jpg&w=640&q=90
Uncle Tobys Roll-ups Strawberry Fun Prints Snacks Made With ... 94g,$5.50,$5.85/ 100g,"{'Quantity': '2', 'Price': '9'}",https://www.coles.com.au/_next/image?url=https%3A%2F%2Fcdn.productimages.coles.com.au%2Fproductimages%2F6%2F6899153.jpg&w=640&q=90
Table Of Plenty Snack Pack Topped Sweet Mini Rice Cakes Milk Ch ... 84g,$7.00,$8.33/ 100g,"{'Quantity': '2', 'Price': '10'}",https://www.coles.com.au/_next/image?url=https%3A%2F%2Fcdn.productimages.coles.com.au%2Fproductimages%2F8%2F8712504.jpg&w=640&q=90
Marbig Colourhide Notebook A4 | 1 Pack,$5.00,N/A,N/A,https://www.coles.com.au/_next/image?url=https%3A%2F%2Fcdn.productimages.coles.com.au%2Fproductimages%2F1%2F1838560.jpg&w=640&q=90
Nestle Milo Bars Dipped 10 Pack | 270g,$6.50,$2.41/ 100g,N/A,https://www.coles.com.au/_next/image?url=https%3A%2F%2Fcdn.productimages.coles.com.au%2Fproductimages%2F8%2F8221251.jpg&w=640&q=90
Arnott's Tiny Teddy Variety Multipack 15 Pack | 375g,$6.00,$1.60/ 100g,N/A,https://www.coles.com.au/_next/image?url=https%3A%2F%2Fcdn.productimages.coles.com.au%2Fproductimages%2F2%2F2992135.jpg&w=640&q=90
Vaalia Boost Yoghurt Banana Buzz | 150g,$2.80,$1.87/ 100g,N/A,https://www.coles.com.au/_next/image?url=https%3A%2F%2Fcdn.productimages.coles.com.au%2Fproductimages%2F1%2F1145563.jpg&w=640&q=90
Sunrice Mini Bites Surfin Sea Salt 6 Pack | 108g,$5.00,$4.63/ 100g,N/A,https://www.coles.com.au/_next/image?url=https%3A%2F%2Fcdn.productimages.coles.com.au%2Fproductimages%2F6%2F6523227.jpg&w=640&q=90
Coles Banana Bread | 550g,$5.80,$1.05/ 100g,N/A,https://www.coles.com.au/_next/image?url=https%3A%2F%2Fcdn.productimages.coles.com.au%2Fproductimages%2F9%2F9120090.jpg&w=640&q=90
Ritz Multipack Crackers Original | 184g,$4.00,$2.17/ 100g,N/A,https://www.coles.com.au/_next/image?url=https%3A%2F%2Fcdn.productimages.coles.com.au%2Fproductimages%2F5%2F5990158.jpg&w=640&q=90
Arnott's Vita- Weat Original Crispbread Crackers | 250g,$4.00,$1.60/ 100g,"{'Quantity': '2', 'Price': '6'}",https://www.coles.com.au/_next/image?url=https%3A%2F%2Fcdn.productimages.coles.com.au%2Fproductimages%2F1%2F117256.jpg&w=640&q=90
Nestle Milo Energy Dairy Snack | 150g,$2.00,$1.33/ 100g,N/A,https://www.coles.com.au/_next/image?url=https%3A%2F%2Fcdn.productimages.coles.com.au%2Fproductimages%2F3%2F3116078.jpg&w=640&q=90
Coles Cheesey Peelers 8x20g | 160g,$4.80,$30.00/ 1kg,N/A,https://www.coles.com.au/_next/image?url=https%3A%2F%2Fcdn.productimages.coles.com.au%2Fproductimages%2F1%2F1922713.jpg&w=640&q=90
Nutella B-ready Multipack 6x22g | 132g,$4.80,$3.64/ 100g,N/A,https://www.coles.com.au/_next/image?url=https%3A%2F%2Fcdn.productimages.coles.com.au%2Fproductimages%2F3%2F3935909.jpg&w=640&q=90
Yoplait Petite Miam Kids Yoghurt Pouch Blueberry | 70g,$0.90,$1.29/ 100g,N/A,https://www.coles.com.au/_next/image?url=https%3A%2F%2Fcdn.productimages.coles.com.au%2Fproductimages%2F8%2F8126057.jpg&w=640&q=90
Table Of Plenty Multipack Popped Rice Cakes Cheddar Cheese 6 ... 90g,$6.00,$6.67/ 100g,"{'Quantity': '2', 'Price': '10'}",https://www.coles.com.au/_next/image?url=https%3A%2F%2Fcdn.productimages.coles.com.au%2Fproductimages%2F7%2F7063075.jpg&w=640&q=90
Chobani Greek Yogurt Natural Light | 907g,$7.90,$0.87/ 100g,N/A,https://www.coles.com.au/_next/image?url=https%3A%2F%2Fcdn.productimages.coles.com.au%2Fproductimages%2F1%2F1435100.jpg&w=640&q=90
Pauls Kids Yoghurt Pouch Banana | 70g,$1.30,$1.86/ 100g,N/A,https://www.coles.com.au/_next/image?url=https%3A%2F%2Fcdn.productimages.coles.com.au%2Fproductimages%2F4%2F4348385.jpg&w=640&q=90
U by Kotex Ultrathin Sport Regular Wings | 12 Pack,$5.90,$0.49/ 1ea,"{'Quantity': '2', 'Price': '9'}",https://www.coles.com.au/_next/image?url=https%3A%2F%2Fcdn.productimages.coles.com.au%2Fproductimages%2F2%2F2373654.jpg&w=640&q=90
Golden Circle Tetra Drink Golden Pash 250ml | 6 Pack,$4.40,$2.93/ 1L,N/A,https://www.coles.com.au/_next/image?url=https%3A%2F%2Fcdn.productimages.coles.com.au%2Fproductimages%2F5%2F5127246.jpg&w=640&q=90
Coles Blueberry Muffins 9 Pack | 315g,$4.50,$1.43/ 100g,N/A,https://www.coles.com.au/_next/image?url=https%3A%2F%2Fcdn.productimages.coles.com.au%2Fproductimages%2F2%2F2409300.jpg&w=640&q=90
Coles I'm Free From Special Flakes | 375g,$4.50,$1.20/ 100g,N/A,https://www.coles.com.au/_next/image?url=https%3A%2F%2Fcdn.productimages.coles.com.au%2Fproductimages%2F4%2F4944439.jpg&w=640&q=90
Smash Sports Pop Top Bottle | 1 Each,$4.90,$4.90/ 1ea,N/A,https://www.coles.com.au/_next/image?url=https%3A%2F%2Fcdn.productimages.coles.com.au%2Fproductimages%2F1%2F1077510.jpg&w=640&q=90
Vaalia Boost Yoghurt Mango Magic | 150g,$2.80,$1.87/ 100g,N/A,https://www.coles.com.au/_next/image?url=https%3A%2F%2Fcdn.productimages.coles.com.au%2Fproductimages%2F1%2F1145552.jpg&w=640&q=90
Siggi's Yoghurt Pouch Vanilla | 150g,$2.70,$1.80/ 100g,N/A,https://www.coles.com.au/_next/image?url=https%3A%2F%2Fcdn.productimages.coles.com.au%2Fproductimages%2F7%2F7671693.jpg&w=640&q=90
Banana Boat Kids Lotion | 200mL,$22.00,$11.00/ 100g,N/A,https://www.coles.com.au/_next/image?url=https%3A%2F%2Fcdn.productimages.coles.com.au%2Fproductimages%2F4%2F4378954.jpg&w=640&q=90
Cadbury Dairy Milk Freddo & Caramello Koala Chocolate S ... 234g,$5.00,$2.14/ 100g,N/A,https://www.coles.com.au/_next/image?url=https%3A%2F%2Fcdn.productimages.coles.com.au%2Fproductimages%2F4%2F4466698.jpg&w=640&q=90
Pic's Really Good Peanut Butter Crunchy | 380g,$4.50,$1.18/ 100g,N/A,https://www.coles.com.au/_next/image?url=https%3A%2F%2Fcdn.productimages.coles.com.au%2Fproductimages%2F2%2F2120207.jpg&w=640&q=90
Chobani Greek Yogurt Pouch Vanilla | 140g,$2.70,$1.93/ 100g,"{'Quantity': '4', 'Price': '7'}",https://www.coles.com.au/_next/image?url=https%3A%2F%2Fcdn.productimages.coles.com.au%2Fproductimages%2F3%2F3088110.jpg&w=640&q=90
Coles Kids Yoghurt 12 Pack | 1.14kg,$5.60,$0.49/ 100g,N/A,https://www.coles.com.au/_next/image?url=https%3A%2F%2Fcdn.productimages.coles.com.au%2Fproductimages%2F7%2F7132451.jpg&w=640&q=90
John West Tuna Chilli | 95g,$1.45,$15.26/ 1kg,N/A,https://www.coles.com.au/_next/image?url=https%3A%2F%2Fcdn.productimages.coles.com.au%2Fproductimages%2F6%2F6044009.jpg&w=640&q=90
Don English Style Sliced Ham | 200g,$3.90,$19.50/ 1kg,N/A,https://www.coles.com.au/_next/image?url=https%3A%2F%2Fcdn.productimages.coles.com.au%2Fproductimages%2F6%2F6284590.jpg&w=640&q=90
Bulla Goodness Greek Style Yoghurt 'n' Muesli Natural With Hon ... 170g,$2.10,$1.24/ 100g,N/A,https://www.coles.com.au/_next/image?url=https%3A%2F%2Fcdn.productimages.coles.com.au%2Fproductimages%2F1%2F1309321.jpg&w=640&q=90
Golden Circle Golden Pash Fruit Drink 250ml | 24 Pack,$16.50,$2.75/ 1L,N/A,https://www.coles.com.au/_next/image?url=https%3A%2F%2Fcdn.productimages.coles.com.au%2Fproductimages%2F3%2F3961308.jpg&w=640&q=90
Bonds Tween Period Brief Size 10-12 | 1 Pack,$14.25,$14.25/ 1ea,N/A,https://www.coles.com.au/_next/image?url=https%3A%2F%2Fcdn.productimages.coles.com.au%2Fproductimages%2F7%2F7711561.jpg&w=640&q=90
Sistema Flip Sipper Bottle | 1 Pack,$20.00,$20.00/ 1ea,N/A,https://www.coles.com.au/_next/image?url=https%3A%2F%2Fcdn.productimages.coles.com.au%2Fproductimages%2F8%2F8773270.jpg&w=640&q=90
Pauls Milky Max Dairy Snack Chocolate 12x100g | 1200g,$8.50,$0.71/ 100g,N/A,https://www.coles.com.au/_next/image?url=https%3A%2F%2Fcdn.productimages.coles.com.au%2Fproductimages%2F2%2F2368938.jpg&w=640&q=90
Heather Brae Choc Chip Cookie | 75g,$1.50,$2.00/ 100g,N/A,https://www.coles.com.au/_next/image?url=https%3A%2F%2Fcdn.productimages.coles.com.au%2Fproductimages%2F1%2F1061281.jpg&w=640&q=90
Primo Champagne Leg Ham | 100g,$3.95,$39.50/ 1kg,"{'Quantity': '2', 'Price': '6.70'}",https://www.coles.com.au/_next/image?url=https%3A%2F%2Fcdn.productimages.coles.com.au%2Fproductimages%2F3%2F3055086.jpg&w=640&q=90
Coles Bakery Pancakes | 5 Pack,$4.00,$0.80/ 1ea,N/A,https://www.coles.com.au/_next/image?url=https%3A%2F%2Fcdn.productimages.coles.com.au%2Fproductimages%2F5%2F5626122.jpg&w=640&q=90
Cheer Tasty Cheese Slices | 500g,$11.00,$22.00/ 1kg,N/A,https://www.coles.com.au/_next/image?url=https%3A%2F%2Fcdn.productimages.coles.com.au%2Fproductimages%2F8%2F8578.jpg&w=640&q=90
Banana Boat Spf 50+ Sunscreen Sport | 400g,$30.00,$7.50/ 100g,N/A,https://www.coles.com.au/_next/image?url=https%3A%2F%2Fcdn.productimages.coles.com.au%2Fproductimages%2F7%2F7211514.jpg&w=640&q=90
Sunbeam Yoghurt Coated Sultanas 6x30g | 180g,$5.00,$27.78/ 1kg,N/A,https://www.coles.com.au/_next/image?url=https%3A%2F%2Fcdn.productimages.coles.com.au%2Fproductimages%2F4%2F4483530.jpg&w=640&q=90
Coles Rosemary Crackers | 170g,$2.20,$1.29/ 100g,N/A,https://www.coles.com.au/_next/image?url=https%3A%2F%2Fcdn.productimages.coles.com.au%2Fproductimages%2F1%2F1275707.jpg&w=640&q=90
Pilot Frixion Ball Black/ Blue/ Red | 3 Pack,$9.90,N/A,N/A,https://www.coles.com.au/_next/image?url=https%3A%2F%2Fcdn.productimages.coles.com.au%2Fproductimages%2F3%2F3671986.jpg&w=640&q=90
Coles Kids Stationery Set 5 Pieces | 1 Each,$3.50,N/A,N/A,https://www.coles.com.au/_next/image?url=https%3A%2F%2Fcdn.productimages.coles.com.au%2Fproductimages%2F6%2F6578739.jpg&w=640&q=90
Sistema To Go Cutlery Set | 1 Each,$9.00,$9.00/ 1ea,"{'Quantity': '5', 'Price': '25'}",https://www.coles.com.au/_next/image?url=https%3A%2F%2Fcdn.productimages.coles.com.au%2Fproductimages%2F4%2F4232438.jpg&w=640&q=90
Pringles Minis Multi Pack Sour Cream & Onion 5 Pack | 95g,$4.00,$4.21/ 100g,"{'Quantity': '2', 'Price': '7'}",https://www.coles.com.au/_next/image?url=https%3A%2F%2Fcdn.productimages.coles.com.au%2Fproductimages%2F3%2F3434007.jpg&w=640&q=90
Coles Cheese Block Tasty | 500g,$7.70,$15.40/ 1kg,N/A,https://www.coles.com.au/_next/image?url=https%3A%2F%2Fcdn.productimages.coles.com.au%2Fproductimages%2F2%2F293995.jpg&w=640&q=90
Bic Intensity Fineliners Assorted | 10 Pack,$14.50,N/A,N/A,https://www.coles.com.au/_next/image?url=https%3A%2F%2Fcdn.productimages.coles.com.au%2Fproductimages%2F3%2F3663467.jpg&w=640&q=90
Mayver's Crunchy Peanut Butter | 750g,$10.00,$1.33/ 100g,N/A,https://www.coles.com.au/_next/image?url=https%3A%2F%2Fcdn.productimages.coles.com.au%2Fproductimages%2F5%2F5459552.jpg&w=640&q=90
Coles Natural Thin Rice Cakes | 150g,$1.65,$1.10/ 100g,N/A,https://www.coles.com.au/_next/image?url=https%3A%2F%2Fcdn.productimages.coles.com.au%2Fproductimages%2F6%2F6033363.jpg&w=640&q=90
USB 2.0 16gb Flash Drive | 1 Each,$14.00,N/A,N/A,https://www.coles.com.au/_next/image?url=https%3A%2F%2Fcdn.productimages.coles.com.au%2Fproductimages%2F3%2F3085269.jpg&w=640&q=90
Coles Happy Gut Multigrain | 700g,$3.60,$0.51/ 100g,N/A,https://www.coles.com.au/_next/image?url=https%3A%2F%2Fcdn.productimages.coles.com.au%2Fproductimages%2F4%2F4727995.jpg&w=640&q=90
Table Of Plenty Table Of Plenty Popped Sharepack Cheese | 60g,$2.00,$3.33/ 100g,N/A,https://www.coles.com.au/_next/image?url=https%3A%2F%2Fcdn.productimages.coles.com.au%2Fproductimages%2F7%2F7657557.jpg&w=640&q=90
Kellogg's Nutri Grain Original Bars 5 Pack | 110g,$2.25,$2.05/ 100g,N/A,https://www.coles.com.au/_next/image?url=https%3A%2F%2Fcdn.productimages.coles.com.au%2Fproductimages%2F6%2F6611459.jpg&w=640&q=90
Sistema To Go Bento Cube | 1 Each,$14.20,$14.20/ 1ea,N/A,https://www.coles.com.au/_next/image?url=https%3A%2F%2Fcdn.productimages.coles.com.au%2Fproductimages%2F4%2F4232493.jpg&w=640&q=90
Bic Kids Evolution Illusion Colouring Pencils | 12 Pack,$8.80,N/A,"{'Quantity': '5', 'Price': '25'}",https://www.coles.com.au/_next/image?url=https%3A%2F%2Fcdn.productimages.coles.com.au%2Fproductimages%2F3%2F3879207.jpg&w=640&q=90
Babybel Mini Cheese Original 5 Pack | 100g,$6.25,$62.50/ 1kg,"{'Quantity': '5', 'Price': '25'}",https://www.coles.com.au/_next/image?url=https%3A%2F%2Fcdn.productimages.coles.com.au%2Fproductimages%2F6%2F6165014.jpg&w=640&q=90
Coles Dried Apple Slices | 200g,$4.50,$22.50/ 1kg,N/A,https://www.coles.com.au/_next/image?url=https%3A%2F%2Fcdn.productimages.coles.com.au%2Fproductimages%2F3%2F3559352.jpg&w=640&q=90
Bic Kids Plastidecor Crayons | 12 Pack,$5.50,N/A,N/A,https://www.coles.com.au/_next/image?url=https%3A%2F%2Fcdn.productimages.coles.com.au%2Fproductimages%2F3%2F3937212.jpg&w=640&q=90
Scunci Active No Damage Reflective Elastics | 32 Pack,$6.00,$0.19/ 1ea,N/A,https://www.coles.com.au/_next/image?url=https%3A%2F%2Fcdn.productimages.coles.com.au%2Fproductimages%2F2%2F2382790.jpg&w=640&q=90
U By Kotex Teen Ultrathin Pads Super With Wings | 12 Pack,$5.60,$0.47/ 1ea,"{'Quantity': '2', 'Price': '8.90'}",https://www.coles.com.au/_next/image?url=https%3A%2F%2Fcdn.productimages.coles.com.au%2Fproductimages%2F6%2F6117736.jpg&w=640&q=90
Coles Oats Rolled | 900g,$1.95,$0.22/ 100g,N/A,https://www.coles.com.au/_next/image?url=https%3A%2F%2Fcdn.productimages.coles.com.au%2Fproductimages%2F5%2F5290305.jpg&w=640&q=90
Yoplait Petit Miam Kids Yoghurt Pouch Strawberry | 70g,$0.90,$1.29/ 100g,N/A,https://www.coles.com.au/_next/image?url=https%3A%2F%2Fcdn.productimages.coles.com.au%2Fproductimages%2F6%2F6569239.jpg&w=640&q=90
Campbell's V8 Tropical Juice 250ml | 3 Pack,$4.00,$5.33/ 1L,N/A,https://www.coles.com.au/_next/image?url=https%3A%2F%2Fcdn.productimages.coles.com.au%2Fproductimages%2F7%2F7945223.jpg&w=640&q=90
Just Juice 100% Juice Apple 200ml | 6 Pack,$5.40,$4.50/ 1L,N/A,https://www.coles.com.au/_next/image?url=https%3A%2F%2Fcdn.productimages.coles.com.au%2Fproductimages%2F8%2F8147115.jpg&w=640&q=90
Sharpie Markers Fine Tip Colour Burst | 24 Pack,$25.00,N/A,N/A,https://www.coles.com.au/_next/image?url=https%3A%2F%2Fcdn.productimages.coles.com.au%2Fproductimages%2F3%2F3672151.jpg&w=640&q=90
Kellogg's Nutri Grain Original Bars 12 Pack | 264g,$7.50,$2.84/ 100g,"{'Quantity': '5', 'Price': '25'}",https://www.coles.com.au/_next/image?url=https%3A%2F%2Fcdn.productimages.coles.com.au%2Fproductimages%2F6%2F6612098.jpg&w=640&q=90
Farmers Union Greek Style Natural Yoghurt | 1kg,$6.95,$0.70/ 100g,N/A,https://www.coles.com.au/_next/image?url=https%3A%2F%2Fcdn.productimages.coles.com.au%2Fproductimages%2F5%2F5266865.jpg&w=640&q=90
Chobani Fit High Protein Greek Yogurt Pouch Raspberry | 150g,$3.00,$2.00/ 100g,N/A,https://www.coles.com.au/_next/image?url=https%3A%2F%2Fcdn.productimages.coles.com.au%2Fproductimages%2F1%2F1154054.jpg&w=640&q=90
Sharpie S- Gel Pens Assorted | 4 Pack,$15.00,N/A,N/A,https://www.coles.com.au/_next/image?url=https%3A%2F%2Fcdn.productimages.coles.com.au%2Fproductimages%2F3%2F3937857.jpg&w=640&q=90
Oreo Multipack Original Mini Cookies | 204g,$5.00,$2.45/ 100g,"{'Quantity': '2', 'Price': '8'}",https://www.coles.com.au/_next/image?url=https%3A%2F%2Fcdn.productimages.coles.com.au%2Fproductimages%2F6%2F6538290.jpg&w=640&q=90
Coles Bread High Fibre Multigrain | 700g,$3.50,$0.50/ 100g,N/A,https://www.coles.com.au/_next/image?url=https%3A%2F%2Fcdn.productimages.coles.com.au%2Fproductimages%2F4%2F4938312.jpg&w=640&q=90
Happy Snack Company Kids Fava Beans Pizza | 150g,$6.00,$4.00/ 100g,N/A,https://www.coles.com.au/_next/image?url=https%3A%2F%2Fcdn.productimages.coles.com.au%2Fproductimages%2F2%2F2508040.jpg&w=640&q=90
Coles Squeezie Yoghurt Pouch Strawberry | 70g,$0.80,$1.14/ 100g,N/A,https://www.coles.com.au/_next/image?url=https%3A%2F%2Fcdn.productimages.coles.com.au%2Fproductimages%2F1%2F1013471.jpg&w=640&q=90
Zak Licensed Riverside Bottle 517ml | 1 Each,$14.00,$14.00/ 1ea,N/A,https://www.coles.com.au/_next/image?url=https%3A%2F%2Fcdn.productimages.coles.com.au%2Fproductimages%2F4%2F4258840.jpg&w=640&q=90
Coles Cheese Block Colby | 250g,$6.00,$24.00/ 1kg,N/A,https://www.coles.com.au/_next/image?url=https%3A%2F%2Fcdn.productimages.coles.com.au%2Fproductimages%2F1%2F1413298.jpg&w=640&q=90
Skin Control Pimple Patch Party Pack | 36 Pack,$9.00,$0.25/ 1ea,N/A,https://www.coles.com.au/_next/image?url=https%3A%2F%2Fcdn.productimages.coles.com.au%2Fproductimages%2F7%2F7026250.jpg&w=640&q=90
Siggi's Yoghurt Pouch Strawberry | 150g,$2.70,$1.80/ 100g,N/A,https://www.coles.com.au/_next/image?url=https%3A%2F%2Fcdn.productimages.coles.com.au%2Fproductimages%2F7%2F7671580.jpg&w=640&q=90
Don Deli Cuts Champagne Shaved Ham | 100g,$4.30,$43.00/ 1kg,N/A,https://www.coles.com.au/_next/image?url=https%3A%2F%2Fcdn.productimages.coles.com.au%2Fproductimages%2F8%2F8087476.jpg&w=640&q=90
ZAK Australia Pty Ltd Minecraft Divided Bento 3 Piece | 1 Each,$4.00,$4.00/ 1ea,N/A,https://www.coles.com.au/_next/image?url=https%3A%2F%2Fcdn.productimages.coles.com.au%2Fproductimages%2F1%2F1504939.jpg&w=640&q=90
Coles Squeezie Blueberry Yoghurt Pouch | 70g,$0.80,$1.14/ 100g,N/A,https://www.coles.com.au/_next/image?url=https%3A%2F%2Fcdn.productimages.coles.com.au%2Fproductimages%2F3%2F3049742.jpg&w=640&q=90
Arnott's Tiny Teddy Chocolate Multipack 8 Pack | 200g,$5.00,$2.50/ 100g,"{'Quantity': '2', 'Price': '8'}",https://www.coles.com.au/_next/image?url=https%3A%2F%2Fcdn.productimages.coles.com.au%2Fproductimages%2F2%2F2992102.jpg&w=640&q=90
Coles Smooth Hazelnut Spread | 1kg,$9.50,$0.95/ 100g,N/A,https://www.coles.com.au/_next/image?url=https%3A%2F%2Fcdn.productimages.coles.com.au%2Fproductimages%2F3%2F3529690.jpg&w=640&q=90
Coles A4 Binder Book 64 Page | 3 Pack,$4.00,N/A,N/A,https://www.coles.com.au/_next/image?url=https%3A%2F%2Fcdn.productimages.coles.com.au%2Fproductimages%2F3%2F3935104.jpg&w=640&q=90
ZAK Australia Pty Ltd Hello Kitty 700ml Stainless Steel B ... 1 Each,$5.00,$5.00/ 1ea,N/A,https://www.coles.com.au/_next/image?url=https%3A%2F%2Fcdn.productimages.coles.com.au%2Fproductimages%2F1%2F1504746.jpg&w=640&q=90
Coles Choc Chip Muffins 4 Pack | 420g,$4.50,$1.07/ 100g,N/A,https://www.coles.com.au/_next/image?url=https%3A%2F%2Fcdn.productimages.coles.com.au%2Fproductimages%2F2%2F2409285.jpg&w=640&q=90
Sharpie Fluo Xl Highlighters Assorted | 4 Pack,$8.75,N/A,N/A,https://www.coles.com.au/_next/image?url=https%3A%2F%2Fcdn.productimages.coles.com.au%2Fproductimages%2F1%2F1842283.jpg&w=640&q=90
Great Temptations Orange Poppy Seed Muffins 5 Pack | 110g,$4.50,$4.09/ 100g,N/A,https://www.coles.com.au/_next/image?url=https%3A%2F%2Fcdn.productimages.coles.com.au%2Fproductimages%2F1%2F1048159.jpg&w=640&q=90
Vaalia Boost Yoghurt Strawberry | 150g,$2.80,$1.87/ 100g,N/A,https://www.coles.com.au/_next/image?url=https%3A%2F%2Fcdn.productimages.coles.com.au%2Fproductimages%2F1%2F1145574.jpg&w=640&q=90
Primo Stacker Mild Salami Cheese & Crackers | 50g,$4.50,$9.00/ 100g,N/A,https://www.coles.com.au/_next/image?url=https%3A%2F%2Fcdn.productimages.coles.com.au%2Fproductimages%2F3%2F3755430.jpg&w=640&q=90
Yoplait Vanilla Yoghurt | 1kg,$4.95,$0.50/ 100g,N/A,https://www.coles.com.au/_next/image?url=https%3A%2F%2Fcdn.productimages.coles.com.au%2Fproductimages%2F8%2F8716913.jpg&w=640&q=90
Coles Diced Mango Snack 6 Pack | 180g,$5.00,$27.78/ 1kg,N/A,https://www.coles.com.au/_next/image?url=https%3A%2F%2Fcdn.productimages.coles.com.au%2Fproductimages%2F8%2F8678508.jpg&w=640&q=90
Arnott's Tiny Teddy Hundreds & Thousands Multipack 8 Pack | 184g,$5.00,$2.72/ 100g,"{'Quantity': '2', 'Price': '8'}",https://www.coles.com.au/_next/image?url=https%3A%2F%2Fcdn.productimages.coles.com.au%2Fproductimages%2F2%2F2992099.jpg&w=640&q=90
Farmers Union No Added Sugar Kids Yogurt Pouch Banana | 130g,$2.50,$1.92/ 100g,"{'Quantity': '5', 'Price': '8.50'}",https://www.coles.com.au/_next/image?url=https%3A%2F%2Fcdn.productimages.coles.com.au%2Fproductimages%2F6%2F6601310.jpg&w=640&q=90
Coles Kitchen Caesar Salad Bowl | 200g,$6.00,$30.00/ 1kg,N/A,https://www.coles.com.au/_next/image?url=https%3A%2F%2Fcdn.productimages.coles.com.au%2Fproductimages%2F8%2F8174708.jpg&w=640&q=90
Arnott's Mini Choc Chip Cookies 7 Pack | 175g,$5.00,$2.86/ 100g,"{'Quantity': '2', 'Price': '8'}",https://www.coles.com.au/_next/image?url=https%3A%2F%2Fcdn.productimages.coles.com.au%2Fproductimages%2F2%2F2992157.jpg&w=640&q=90
Bega Colby Cheese & Water Crackers | 38g,$3.00,$7.89/ 100g,"{'Quantity': '2', 'Price': '5'}",https://www.coles.com.au/_next/image?url=https%3A%2F%2Fcdn.productimages.coles.com.au%2Fproductimages%2F8%2F8969646.jpg&w=640&q=90
Tamar Valley Kids Greek Yoghurt Pouch Tropical | 110g,$2.50,$2.27/ 100g,"{'Quantity': '5', 'Price': '10'}",https://www.coles.com.au/_next/image?url=https%3A%2F%2Fcdn.productimages.coles.com.au%2Fproductimages%2F2%2F2744360.jpg&w=640&q=90
Coles A4 Spiral Notebook 200 Page | 1 Each,$6.20,N/A,N/A,https://www.coles.com.au/_next/image?url=https%3A%2F%2Fcdn.productimages.coles.com.au%2Fproductimages%2F3%2F3934950.jpg&w=640&q=90
Sistema To Go Fold Over Cooler | 1 Each,$23.00,$23.00/ 1ea,N/A,https://www.coles.com.au/_next/image?url=https%3A%2F%2Fcdn.productimages.coles.com.au%2Fproductimages%2F6%2F6842247.jpg&w=640&q=90
Mission Original Mini Wraps 8 Pack | 384g,$5.00,$1.30/ 100g,N/A,https://www.coles.com.au/_next/image?url=https%3A%2F%2Fcdn.productimages.coles.com.au%2Fproductimages%2F7%2F7863592.jpg&w=640&q=90
Smash Blue Stainless Steel Cutlery Set | 1 Each,$5.50,$5.50/ 1ea,N/A,https://www.coles.com.au/_next/image?url=https%3A%2F%2Fcdn.productimages.coles.com.au%2Fproductimages%2F4%2F4232074.jpg&w=640&q=90
Coles Fruit & Nut Trail Mix | 400g,$6.00,$15.00/ 1kg,N/A,https://www.coles.com.au/_next/image?url=https%3A%2F%2Fcdn.productimages.coles.com.au%2Fproductimages%2F5%2F5476234.jpg&w=640&q=90
Sistema To Go Portion Pod | 2 Pack,$8.80,$4.40/ 1ea,"{'Quantity': '5', 'Price': '25'}",https://www.coles.com.au/_next/image?url=https%3A%2F%2Fcdn.productimages.coles.com.au%2Fproductimages%2F3%2F3223442.jpg&w=640&q=90
Sirena Tuna in Oil Italian Style | 95g,$2.95,$31.05/ 1kg,N/A,https://www.coles.com.au/_next/image?url=https%3A%2F%2Fcdn.productimages.coles.com.au%2Fproductimages%2F1%2F125050.jpg&w=640&q=90
Bic Cristal Fashion Pens | 8 Pack,$5.00,N/A,N/A,https://www.coles.com.au/_next/image?url=https%3A%2F%2Fcdn.productimages.coles.com.au%2Fproductimages%2F7%2F7034248.jpg&w=640&q=90
Carman's Oat Slices Belgian Choc 5 Pack | 175g,$5.90,$3.37/ 100g,N/A,https://www.coles.com.au/_next/image?url=https%3A%2F%2Fcdn.productimages.coles.com.au%2Fproductimages%2F4%2F4456093.jpg&w=640&q=90
Carman's Greek Yoghurt & Berry Protein Bars | 200g,$8.50,$4.25/ 100g,"{'Quantity': '5', 'Price': '25'}",https://www.coles.com.au/_next/image?url=https%3A%2F%2Fcdn.productimages.coles.com.au%2Fproductimages%2F2%2F2392513.jpg&w=640&q=90
Primo Trios Twiggy Cheese & Bbq Rice Crackers | 50g,$3.00,$6.00/ 100g,N/A,https://www.coles.com.au/_next/image?url=https%3A%2F%2Fcdn.productimages.coles.com.au%2Fproductimages%2F7%2F7696570.jpg&w=640&q=90
Wicked Sister Dessert Pot Pistachio & White Chocolate | 170g,$3.00,$1.76/ 100g,N/A,https://www.coles.com.au/_next/image?url=https%3A%2F%2Fcdn.productimages.coles.com.au%2Fproductimages%2F1%2F1338454.jpg&w=640&q=90
Bic 4 Colour Pen | 1 Each,$3.50,N/A,N/A,https://www.coles.com.au/_next/image?url=https%3A%2F%2Fcdn.productimages.coles.com.au%2Fproductimages%2F1%2F1840211.jpg&w=640&q=90
Oreo Multipack Cookies Mixed 18 Pack | 367g,$7.00,$1.91/ 100g,N/A,https://www.coles.com.au/_next/image?url=https%3A%2F%2Fcdn.productimages.coles.com.au%2Fproductimages%2F7%2F7482395.jpg&w=640&q=90
John West Tuna Multipack Springwater 4x95g | 380g,$7.00,$18.42/ 1kg,N/A,https://www.coles.com.au/_next/image?url=https%3A%2F%2Fcdn.productimages.coles.com.au%2Fproductimages%2F8%2F8085266.jpg&w=640&q=90
Arnott's Shapes Chicken Crimpy Multipack 8 Pack | 200g,$5.00,$2.50/ 100g,"{'Quantity': '2', 'Price': '8'}",https://www.coles.com.au/_next/image?url=https%3A%2F%2Fcdn.productimages.coles.com.au%2Fproductimages%2F2%2F2992237.jpg&w=640&q=90
John West Tuna Sweet Chilli | 95g,$1.45,$15.26/ 1kg,N/A,https://www.coles.com.au/_next/image?url=https%3A%2F%2Fcdn.productimages.coles.com.au%2Fproductimages%2F8%2F8582395.jpg&w=640&q=90
Bonds Mens Logo Low Cut 6-10 | 3 Pack,$16.00,N/A,N/A,https://www.coles.com.au/_next/image?url=https%3A%2F%2Fcdn.productimages.coles.com.au%2Fproductimages%2F7%2F7665420.jpg&w=640&q=90
Arnott's Shapes Vegemite & Cheese Cracker Multipack 8 Pack | 200g,$5.00,$2.50/ 100g,"{'Quantity': '2', 'Price': '8'}",https://www.coles.com.au/_next/image?url=https%3A%2F%2Fcdn.productimages.coles.com.au%2Fproductimages%2F2%2F2992248.jpg&w=640&q=90
Coles All Butter Croissants 4 Pack | 168g,$2.95,$1.76/ 100g,N/A,https://www.coles.com.au/_next/image?url=https%3A%2F%2Fcdn.productimages.coles.com.au%2Fproductimages%2F7%2F7266367.jpg&w=640&q=90
Scunci No Slip Grip Octopus Clips | 2 Pack,$8.00,$4.00/ 1ea,N/A,https://www.coles.com.au/_next/image?url=https%3A%2F%2Fcdn.productimages.coles.com.au%2Fproductimages%2F2%2F2382702.jpg&w=640&q=90
Uncle Tobys Le Snak Cheese Dip And Crackers Tasty Kids Lunchb ... 132g,$5.50,$4.17/ 100g,"{'Quantity': '2', 'Price': '9'}",https://www.coles.com.au/_next/image?url=https%3A%2F%2Fcdn.productimages.coles.com.au%2Fproductimages%2F4%2F4954750.jpg&w=640&q=90
Coles Glue Stick 35g | 2 Pack,$5.00,N/A,N/A,https://www.coles.com.au/_next/image?url=https%3A%2F%2Fcdn.productimages.coles.com.au%2Fproductimages%2F3%2F3931930.jpg&w=640&q=90
Arnott's Multipack Bluey Honey Oat Biscuits | 168g,$5.00,$2.98/ 100g,"{'Quantity': '2', 'Price': '8'}",https://www.coles.com.au/_next/image?url=https%3A%2F%2Fcdn.productimages.coles.com.au%2Fproductimages%2F5%2F5311245.jpg&w=640&q=90
Healtheries Potato Stix Chicken Multipack Kids Lunchbox Snacks ... 120g,$5.00,$4.17/ 100g,"{'Quantity': '2', 'Price': '8'}",https://www.coles.com.au/_next/image?url=https%3A%2F%2Fcdn.productimages.coles.com.au%2Fproductimages%2F3%2F3861449.jpg&w=640&q=90
John West Tuna Tomato & Onion 98% Fat Free | 95g,$1.45,$15.26/ 1kg,N/A,https://www.coles.com.au/_next/image?url=https%3A%2F%2Fcdn.productimages.coles.com.au%2Fproductimages%2F4%2F4925004.jpg&w=640&q=90
Tamar Valley Kids Greek Yoghurt Pouch Blueberry | 110g,$2.50,$2.27/ 100g,"{'Quantity': '5', 'Price': '10'}",https://www.coles.com.au/_next/image?url=https%3A%2F%2Fcdn.productimages.coles.com.au%2Fproductimages%2F3%2F3089157.jpg&w=640&q=90
Coles Bakery Cinnamon Donuts | 6 Pack,$2.50,$0.42/ 1ea,N/A,https://www.coles.com.au/_next/image?url=https%3A%2F%2Fcdn.productimages.coles.com.au%2Fproductimages%2F4%2F4393288.jpg&w=640&q=90
Marbig Colourhide Notebook A5 Assorted | 1 Each,$6.80,N/A,N/A,https://www.coles.com.au/_next/image?url=https%3A%2F%2Fcdn.productimages.coles.com.au%2Fproductimages%2F1%2F1838526.jpg&w=640&q=90
Uhu White Glue Stic | 40g,$4.00,N/A,N/A,https://www.coles.com.au/_next/image?url=https%3A%2F%2Fcdn.productimages.coles.com.au%2Fproductimages%2F6%2F6820641.jpg&w=640&q=90
Carman's Oat Slices Berry 5 Pack | 175g,$5.90,$3.37/ 100g,N/A,https://www.coles.com.au/_next/image?url=https%3A%2F%2Fcdn.productimages.coles.com.au%2Fproductimages%2F4%2F4456107.jpg&w=640&q=90
Wicked Sister Dessert Pot Mixed Berry & Marshmallow | 170g,$3.00,$1.76/ 100g,N/A,https://www.coles.com.au/_next/image?url=https%3A%2F%2Fcdn.productimages.coles.com.au%2Fproductimages%2F1%2F1338465.jpg&w=640&q=90
Coles Double Choc Muffins 9 Pack | 315g,$4.50,$1.43/ 100g,N/A,https://www.coles.com.au/_next/image?url=https%3A%2F%2Fcdn.productimages.coles.com.au%2Fproductimages%2F4%2F4226606.jpg&w=640&q=90
Table Of Plenty Share Topped Mini Rice Cakes Chocolate | 60g,$4.00,$6.67/ 100g,N/A,https://www.coles.com.au/_next/image?url=https%3A%2F%2Fcdn.productimages.coles.com.au%2Fproductimages%2F8%2F8712399.jpg&w=640&q=90
ZAK Australia Pty Ltd Minecraft Stainless Steel Bottle 700ml | 1 Each,$5.00,$5.00/ 1ea,N/A,https://www.coles.com.au/_next/image?url=https%3A%2F%2Fcdn.productimages.coles.com.au%2Fproductimages%2F1%2F1504950.jpg&w=640&q=90
Cheer Light & Tasty Cheese Slices | 500g,$11.00,$22.00/ 1kg,N/A,https://www.coles.com.au/_next/image?url=https%3A%2F%2Fcdn.productimages.coles.com.au%2Fproductimages%2F5%2F5292118.jpg&w=640&q=90
Golden Circle Tetra Drink Sunshine Punch 250ml | 6 Pack,$4.40,$2.93/ 1L,N/A,https://www.coles.com.au/_next/image?url=https%3A%2F%2Fcdn.productimages.coles.com.au%2Fproductimages%2F6%2F6910391.jpg&w=640&q=90
Coles Kitchen Cheese Salami & Crackers | 60g,$3.50,$5.83/ 100g,N/A,https://www.coles.com.au/_next/image?url=https%3A%2F%2Fcdn.productimages.coles.com.au%2Fproductimages%2F4%2F4191501.jpg&w=640&q=90
Mainland On The Go Extra Tasty Cheese & Date Apricot Crackers | 38g,$3.00,$7.89/ 100g,"{'Quantity': '2', 'Price': '5.40'}",https://www.coles.com.au/_next/image?url=https%3A%2F%2Fcdn.productimages.coles.com.au%2Fproductimages%2F3%2F3576090.jpg&w=640&q=90
Primo Double Smoked Ham | 100g,$3.95,$39.50/ 1kg,"{'Quantity': '2', 'Price': '6.70'}",https://www.coles.com.au/_next/image?url=https%3A%2F%2Fcdn.productimages.coles.com.au%2Fproductimages%2F2%2F2819436.jpg&w=640&q=90
Coles Roasted And Salted Mixed Nuts | 400g,$14.00,$35.00/ 1kg,N/A,https://www.coles.com.au/_next/image?url=https%3A%2F%2Fcdn.productimages.coles.com.au%2Fproductimages%2F7%2F7999492.jpg&w=640&q=90
Bega Cheese Easy Melt Colby Slices | 500g,$9.50,$19.00/ 1kg,N/A,https://www.coles.com.au/_next/image?url=https%3A%2F%2Fcdn.productimages.coles.com.au%2Fproductimages%2F6%2F6796660.jpg&w=640&q=90
Coles Double Choc Muffins | 4 Pack,$4.50,$1.07/ 100g,N/A,https://www.coles.com.au/_next/image?url=https%3A%2F%2Fcdn.productimages.coles.com.au%2Fproductimages%2F2%2F2409296.jpg&w=640&q=90
JC's Quality Foods Quality Outback Mix | 100g,$3.70,$37.00/ 1kg,N/A,https://www.coles.com.au/_next/image?url=https%3A%2F%2Fcdn.productimages.coles.com.au%2Fproductimages%2F7%2F7829120.jpg&w=640&q=90
John West Tuna Olive Oil Blend | 95g,$1.45,$15.26/ 1kg,N/A,https://www.coles.com.au/_next/image?url=https%3A%2F%2Fcdn.productimages.coles.com.au%2Fproductimages%2F5%2F5558736.jpg&w=640&q=90
Coles Date & Walnut Slices 5 Pack | 500g,$5.75,$1.15/ 100g,N/A,https://www.coles.com.au/_next/image?url=https%3A%2F%2Fcdn.productimages.coles.com.au%2Fproductimages%2F5%2F5142534.jpg&w=640&q=90
Yumi's Mini Middle Eastern Hommus 3x65g | 195g,$3.80,$1.95/ 100g,N/A,https://www.coles.com.au/_next/image?url=https%3A%2F%2Fcdn.productimages.coles.com.au%2Fproductimages%2F3%2F3039410.jpg&w=640&q=90
Bob Snail Fruit Roll Snack Apple Strawberry | 60g,$4.50,$7.50/ 100g,N/A,https://www.coles.com.au/_next/image?url=https%3A%2F%2Fcdn.productimages.coles.com.au%2Fproductimages%2F6%2F6372085.jpg&w=640&q=90
ZAK Australia Pty Ltd Bluey 2 Tiered Snack Container | 1 Each,$2.50,$2.50/ 1ea,N/A,https://www.coles.com.au/_next/image?url=https%3A%2F%2Fcdn.productimages.coles.com.au%2Fproductimages%2F1%2F1505002.jpg&w=640&q=90
Write And Wipe Flash Cards | 1 Each,$6.00,N/A,N/A,https://www.coles.com.au/_next/image?url=https%3A%2F%2Fcdn.productimages.coles.com.au%2Fproductimages%2F8%2F8826853.jpg&w=640&q=90
Uncle Tobys Le Snak Cheese Dip And Crackers Snack Cheddar Fa ... 264g,$8.00,$3.03/ 100g,N/A,https://www.coles.com.au/_next/image?url=https%3A%2F%2Fcdn.productimages.coles.com.au%2Fproductimages%2F4%2F4952765.jpg&w=640&q=90
Cocobella Coconut Yoghurt Pouch Mango | 110g,$2.20,$2.00/ 100g,N/A,https://www.coles.com.au/_next/image?url=https%3A%2F%2Fcdn.productimages.coles.com.au%2Fproductimages%2F7%2F7654107.jpg&w=640&q=90
Yoplait Berry Punnet Yoghurt Strawberry Mixed Berries | 12 Pack,$8.50,$0.71/ 100g,N/A,https://www.coles.com.au/_next/image?url=https%3A%2F%2Fcdn.productimages.coles.com.au%2Fproductimages%2F8%2F8877195.jpg&w=640&q=90
Chobani Greek Yogurt Pouch Raspberry | 140g,$2.70,$1.93/ 100g,"{'Quantity': '4', 'Price': '7'}",https://www.coles.com.au/_next/image?url=https%3A%2F%2Fcdn.productimages.coles.com.au%2Fproductimages%2F1%2F1872885.jpg&w=640&q=90
Smith's Snack Chips Mix Lunchbox Snacks Multipack Assorte ... 395g,$8.90,$2.25/ 100g,"{'Quantity': '2', 'Price': '15'}",https://www.coles.com.au/_next/image?url=https%3A%2F%2Fcdn.productimages.coles.com.au%2Fproductimages%2F3%2F3706060.jpg&w=640&q=90
Harvest Snaps Pea Salt & Vinegar Multipack 5x18g | 90g,$4.00,$4.44/ 100g,"{'Quantity': '2', 'Price': '7'}",https://www.coles.com.au/_next/image?url=https%3A%2F%2Fcdn.productimages.coles.com.au%2Fproductimages%2F5%2F5996540.jpg&w=640&q=90
Bega Peanut Butter Crunchy | 755g,$7.40,$0.98/ 100g,N/A,https://www.coles.com.au/_next/image?url=https%3A%2F%2Fcdn.productimages.coles.com.au%2Fproductimages%2F7%2F7034033.jpg&w=640&q=90
ZAK Australia Pty Ltd Bluey Atlantic Bottles 437ml 2 Pack | 1 Each,$5.00,$5.00/ 1ea,N/A,https://www.coles.com.au/_next/image?url=https%3A%2F%2Fcdn.productimages.coles.com.au%2Fproductimages%2F1%2F1505013.jpg&w=640&q=90
Libra Girl-teen Regular Tampons | 16 Pack,$3.50,$0.22/ 1ea,N/A,https://www.coles.com.au/_next/image?url=https%3A%2F%2Fcdn.productimages.coles.com.au%2Fproductimages%2F3%2F3512064.jpg&w=640&q=90
Coles Kids Soft Hair Ties Multipack | 30 Pack,$4.00,$0.13/ 1ea,N/A,https://www.coles.com.au/_next/image?url=https%3A%2F%2Fcdn.productimages.coles.com.au%2Fproductimages%2F7%2F7670861.jpg&w=640&q=90
Coles White Large Jumbo Wraps 8 Pack | 560g,$3.60,$0.64/ 100g,N/A,https://www.coles.com.au/_next/image?url=https%3A%2F%2Fcdn.productimages.coles.com.au%2Fproductimages%2F4%2F4317483.jpg&w=640&q=90
B.box Tritan Drink Bottle | 1 Pack,$22.50,$22.50/ 1ea,N/A,https://www.coles.com.au/_next/image?url=https%3A%2F%2Fcdn.productimages.coles.com.au%2Fproductimages%2F4%2F4205901.jpg&w=640&q=90
Golden Circle Tetra Drink Apple Blackcurrant 250ml | 6 Pack,$4.40,$2.93/ 1L,N/A,https://www.coles.com.au/_next/image?url=https%3A%2F%2Fcdn.productimages.coles.com.au%2Fproductimages%2F2%2F2044550.jpg&w=640&q=90
Primo Chicken Breast Thinly Sliced | 80g,$3.95,$49.38/ 1kg,"{'Quantity': '2', 'Price': '6.70'}",https://www.coles.com.au/_next/image?url=https%3A%2F%2Fcdn.productimages.coles.com.au%2Fproductimages%2F2%2F2814057.jpg&w=640&q=90
Farmers Union Greek Yoghurt Pouch Strawberry | 130g,$2.50,$1.92/ 100g,"{'Quantity': '5', 'Price': '8.50'}",https://www.coles.com.au/_next/image?url=https%3A%2F%2Fcdn.productimages.coles.com.au%2Fproductimages%2F3%2F3251415.jpg&w=640&q=90
B.box Snackbox Assorted | 1 Pack,$16.00,$16.00/ 1ea,N/A,https://www.coles.com.au/_next/image?url=https%3A%2F%2Fcdn.productimages.coles.com.au%2Fproductimages%2F5%2F5420535.jpg&w=640&q=90
Coles Dried Fruit Mixed | 1kg,$7.00,$7.00/ 1kg,N/A,https://www.coles.com.au/_next/image?url=https%3A%2F%2Fcdn.productimages.coles.com.au%2Fproductimages%2F5%2F5357643.jpg&w=640&q=90
Elmers School Glue | 225mL,$7.00,N/A,"{'Quantity': '5', 'Price': '25'}",https://www.coles.com.au/_next/image?url=https%3A%2F%2Fcdn.productimages.coles.com.au%2Fproductimages%2F3%2F3087242.jpg&w=640&q=90
Tip Top Muffins English | 400g,$3.20,$0.80/ 100g,N/A,https://www.coles.com.au/_next/image?url=https%3A%2F%2Fcdn.productimages.coles.com.au%2Fproductimages%2F3%2F332394.jpg&w=640&q=90
Coles Dip Mini Hommus Pots 3x60g | 180g,$2.50,$1.39/ 100g,N/A,https://www.coles.com.au/_next/image?url=https%3A%2F%2Fcdn.productimages.coles.com.au%2Fproductimages%2F9%2F9933757.jpg&w=640&q=90
Campbell's V8 Apple Berry Fusion Juice 250ml | 3 Pack,$4.00,$5.33/ 1L,N/A,https://www.coles.com.au/_next/image?url=https%3A%2F%2Fcdn.productimages.coles.com.au%2Fproductimages%2F1%2F1165298.jpg&w=640&q=90
Coles Muesli Bars Strawberry Yoghurt Top 8 Pack | 248g,$3.00,$1.21/ 100g,N/A,https://www.coles.com.au/_next/image?url=https%3A%2F%2Fcdn.productimages.coles.com.au%2Fproductimages%2F2%2F2262449.jpg&w=640&q=90
Yoplait Petit Miam Kids Yoghurt Pouch Fruit Salad | 70g,$0.90,$1.29/ 100g,N/A,https://www.coles.com.au/_next/image?url=https%3A%2F%2Fcdn.productimages.coles.com.au%2Fproductimages%2F6%2F6569217.jpg&w=640&q=90
Coles Kitchen Mediterranean Style Salad Bowl | 185g,$7.00,$37.84/ 1kg,N/A,https://www.coles.com.au/_next/image?url=https%3A%2F%2Fcdn.productimages.coles.com.au%2Fproductimages%2F3%2F3294768.jpg&w=640&q=90
John West Protein+ Bowl Corn Bb Lime | 170g,$3.30,$1.94/ 100g,N/A,https://www.coles.com.au/_next/image?url=https%3A%2F%2Fcdn.productimages.coles.com.au%2Fproductimages%2F4%2F4409774.jpg&w=640&q=90
Coles Finest Orange Juice | 2L,$6.00,$3.00/ 1L,N/A,https://www.coles.com.au/_next/image?url=https%3A%2F%2Fcdn.productimages.coles.com.au%2Fproductimages%2F2%2F2690908.jpg&w=640&q=90
The Laughing Cow Cheez Dippers 4 Pack | 140g,$6.50,$4.64/ 100g,"{'Quantity': '5', 'Price': '25'}",https://www.coles.com.au/_next/image?url=https%3A%2F%2Fcdn.productimages.coles.com.au%2Fproductimages%2F8%2F8139809.jpg&w=640&q=90
Coles Plastic 2 Hole Sharpener | 1 Each,$3.00,N/A,N/A,https://www.coles.com.au/_next/image?url=https%3A%2F%2Fcdn.productimages.coles.com.au%2Fproductimages%2F3%2F3931748.jpg&w=640&q=90
Bic Kids Evolution Colouring Pencils | 36 Pack,$15.00,N/A,N/A,https://www.coles.com.au/_next/image?url=https%3A%2F%2Fcdn.productimages.coles.com.au%2Fproductimages%2F3%2F3936887.jpg&w=640&q=90
Primo Roast Beef Thinly Sliced | 80g,$3.95,$49.38/ 1kg,"{'Quantity': '2', 'Price': '6.70'}",https://www.coles.com.au/_next/image?url=https%3A%2F%2Fcdn.productimages.coles.com.au%2Fproductimages%2F2%2F2822259.jpg&w=640&q=90
Nivea Sun Spf 50+ Protect & Moisturise Lotion | 200mL,$10.75,$5.38/ 100mL,N/A,https://www.coles.com.au/_next/image?url=https%3A%2F%2Fcdn.productimages.coles.com.au%2Fproductimages%2F4%2F4147215.jpg&w=640&q=90
Cobs Multipack Best Ever Butter 5 Pack | 65g,$4.00,$6.15/ 100g,"{'Quantity': '2', 'Price': '7'}",https://www.coles.com.au/_next/image?url=https%3A%2F%2Fcdn.productimages.coles.com.au%2Fproductimages%2F4%2F4513415.jpg&w=640&q=90
Bulla Goodness Greek Style Yoghurt 'n' Muesli Vanilla | 170g,$2.10,$1.24/ 100g,N/A,https://www.coles.com.au/_next/image?url=https%3A%2F%2Fcdn.productimages.coles.com.au%2Fproductimages%2F1%2F1309343.jpg&w=640&q=90
Nice & Natural Nut Bars Chocolate Peanut & Almond | 180g,$5.50,$3.06/ 100g,"{'Quantity': '2', 'Price': '7'}",https://www.coles.com.au/_next/image?url=https%3A%2F%2Fcdn.productimages.coles.com.au%2Fproductimages%2F8%2F8221386.jpg&w=640&q=90
Uncle Tobys Roll-ups Variety Family Value Pack Made With Real ... 1 Each,$9.00,$3.85/ 100g,N/A,https://www.coles.com.au/_next/image?url=https%3A%2F%2Fcdn.productimages.coles.com.au%2Fproductimages%2F5%2F5200550.jpg&w=640&q=90
Coles Brown Paper Lunch Bags | 100 Pack,$4.00,$0.04/ 1ea,N/A,https://www.coles.com.au/_next/image?url=https%3A%2F%2Fcdn.productimages.coles.com.au%2Fproductimages%2F4%2F4485105.jpg&w=640&q=90
Infuzions Veggie Straws 5x15g | 75g,$4.00,$5.33/ 100g,"{'Quantity': '2', 'Price': '7'}",https://www.coles.com.au/_next/image?url=https%3A%2F%2Fcdn.productimages.coles.com.au%2Fproductimages%2F3%2F3151308.jpg&w=640&q=90
Vegemite Spread | 220g,$5.20,$2.36/ 100g,N/A,https://www.coles.com.au/_next/image?url=https%3A%2F%2Fcdn.productimages.coles.com.au%2Fproductimages%2F6%2F6032906.jpg&w=640&q=90
Coles Choc Chip Muffins 9 Pack | 315g,$4.50,$1.43/ 100g,N/A,https://www.coles.com.au/_next/image?url=https%3A%2F%2Fcdn.productimages.coles.com.au%2Fproductimages%2F2%2F2409310.jpg&w=640&q=90
Coles Kitchen Spaghetti Bolognese | 350g,$8.00,$2.29/ 100g,"{'Quantity': '2', 'Price': '15'}",https://www.coles.com.au/_next/image?url=https%3A%2F%2Fcdn.productimages.coles.com.au%2Fproductimages%2F3%2F3771266.jpg&w=640&q=90
B.box Replacement Straw | 1 Pack,$10.00,$10.00/ 1ea,N/A,https://www.coles.com.au/_next/image?url=https%3A%2F%2Fcdn.productimages.coles.com.au%2Fproductimages%2F3%2F3841565.jpg&w=640&q=90
Coles Double Sided Palm Cards | 100 Pack,$6.00,N/A,N/A,https://www.coles.com.au/_next/image?url=https%3A%2F%2Fcdn.productimages.coles.com.au%2Fproductimages%2F3%2F3935068.jpg&w=640&q=90
Table Of Plenty Share Topped Mini Rice Cakes Yoghurt Mixed Berry | 60g,$4.00,$6.67/ 100g,N/A,https://www.coles.com.au/_next/image?url=https%3A%2F%2Fcdn.productimages.coles.com.au%2Fproductimages%2F8%2F8712424.jpg&w=640&q=90
Smash Leakproof Sandwich Box | 1 Each,$4.20,$4.20/ 1ea,N/A,https://www.coles.com.au/_next/image?url=https%3A%2F%2Fcdn.productimages.coles.com.au%2Fproductimages%2F1%2F1075027.jpg&w=640&q=90
Cancer Council Spf 50+ Kids Sunscreen | 250mL,$21.00,$8.40/ 100mL,N/A,https://www.coles.com.au/_next/image?url=https%3A%2F%2Fcdn.productimages.coles.com.au%2Fproductimages%2F4%2F4419440.jpg&w=640&q=90
Sanitarium Up&go Cereal Choc Ice 6x250ml | 1.5L,$13.00,$8.67/ 1L,N/A,https://www.coles.com.au/_next/image?url=https%3A%2F%2Fcdn.productimages.coles.com.au%2Fproductimages%2F9%2F9490791.jpg&w=640&q=90
Nudie Nothing But 100% Juice Orange Pulp Free | 2L,$9.50,$4.75/ 1L,N/A,https://www.coles.com.au/_next/image?url=https%3A%2F%2Fcdn.productimages.coles.com.au%2Fproductimages%2F8%2F8738439.jpg&w=640&q=90
Nivea Sun Spf 50+ Trigger Spray Sunscreen | 300mL,$14.00,$4.67/ 100mL,N/A,https://www.coles.com.au/_next/image?url=https%3A%2F%2Fcdn.productimages.coles.com.au%2Fproductimages%2F2%2F2995814.jpg&w=640&q=90
Coles Blueberry Muffins 4 Pack | 420g,$4.50,$1.07/ 100g,N/A,https://www.coles.com.au/_next/image?url=https%3A%2F%2Fcdn.productimages.coles.com.au%2Fproductimages%2F2%2F2409274.jpg&w=640&q=90
Arnott's Snackright Multipack Cracker Puffs Honey Bbq | 100g,$6.00,$6.00/ 100g,"{'Quantity': '2', 'Price': '8.60'}",https://www.coles.com.au/_next/image?url=https%3A%2F%2Fcdn.productimages.coles.com.au%2Fproductimages%2F6%2F6846907.jpg&w=640&q=90
Sunbites Grain Waves Chips Sweet Chilli | 170g,$5.00,$2.94/ 100g,"{'Quantity': '2', 'Price': '7'}",https://www.coles.com.au/_next/image?url=https%3A%2F%2Fcdn.productimages.coles.com.au%2Fproductimages%2F3%2F3706763.jpg&w=640&q=90
Glad To Be Green Snack Snaplock Plant Based Bags | 50 Pack,$4.00,$0.08/ 1ea,N/A,https://www.coles.com.au/_next/image?url=https%3A%2F%2Fcdn.productimages.coles.com.au%2Fproductimages%2F3%2F3974944.jpg&w=640&q=90
Thins Top 20 Variety Potato Chips 20 Pack | 375g,$7.50,$2.00/ 100g,N/A,https://www.coles.com.au/_next/image?url=https%3A%2F%2Fcdn.productimages.coles.com.au%2Fproductimages%2F4%2F4843850.jpg&w=640&q=90
Pauls Kids Custard Pouch Bluey Vanilla | 70g,$2.00,$2.86/ 100g,N/A,https://www.coles.com.au/_next/image?url=https%3A%2F%2Fcdn.productimages.coles.com.au%2Fproductimages%2F1%2F1199234.jpg&w=640&q=90
Cottees Strawberry Jam | 375g,$3.50,$0.93/ 100g,N/A,https://www.coles.com.au/_next/image?url=https%3A%2F%2Fcdn.productimages.coles.com.au%2Fproductimages%2F6%2F6397596.jpg&w=640&q=90
Golden Circle Tetra Drink Pineapple Orange 250ml | 6 Pack,$4.40,$2.93/ 1L,N/A,https://www.coles.com.au/_next/image?url=https%3A%2F%2Fcdn.productimages.coles.com.au%2Fproductimages%2F3%2F384376.jpg&w=640&q=90
Liquid Paper Dryline Correction Tape | 1 Each,$6.00,N/A,N/A,https://www.coles.com.au/_next/image?url=https%3A%2F%2Fcdn.productimages.coles.com.au%2Fproductimages%2F1%2F1842261.jpg&w=640&q=90
Kellogg's Lcms Variety 18 Pack | 360g,$9.00,$2.50/ 100g,N/A,https://www.coles.com.au/_next/image?url=https%3A%2F%2Fcdn.productimages.coles.com.au%2Fproductimages%2F6%2F6612440.jpg&w=640&q=90
Primo English Ham | 100g,$3.95,$39.50/ 1kg,"{'Quantity': '2', 'Price': '6.70'}",https://www.coles.com.au/_next/image?url=https%3A%2F%2Fcdn.productimages.coles.com.au%2Fproductimages%2F8%2F8145856.jpg&w=640&q=90
Bic 4 Colour Pen Pastel | 3 Pack,$11.50,N/A,"{'Quantity': '5', 'Price': '25'}",https://www.coles.com.au/_next/image?url=https%3A%2F%2Fcdn.productimages.coles.com.au%2Fproductimages%2F8%2F8796060.jpg&w=640&q=90
Vegemite Spread | 380g,$7.70,$2.03/ 100g,"{'Quantity': '5', 'Price': '25'}",https://www.coles.com.au/_next/image?url=https%3A%2F%2Fcdn.productimages.coles.com.au%2Fproductimages%2F5%2F5998852.jpg&w=640&q=90
Uncle Tobys Muesli Bars Chewy Apricot Kids School Lunchbox ... 185g,$5.50,$2.97/ 100g,"{'Quantity': '2', 'Price': '9'}",https://www.coles.com.au/_next/image?url=https%3A%2F%2Fcdn.productimages.coles.com.au%2Fproductimages%2F4%2F4975181.jpg&w=640&q=90
Post-it Super Sticky Cube | 1 Each,$10.40,N/A,N/A,https://www.coles.com.au/_next/image?url=https%3A%2F%2Fcdn.productimages.coles.com.au%2Fproductimages%2F3%2F3938791.jpg&w=640&q=90
Bic Kids Evolution Colouring Pencils | 24 Pack,$10.50,N/A,"{'Quantity': '5', 'Price': '25'}",https://www.coles.com.au/_next/image?url=https%3A%2F%2Fcdn.productimages.coles.com.au%2Fproductimages%2F3%2F3936912.jpg&w=640&q=90
NRG Wired Earphones With Mic Usb-c | 1 Each,$25.00,N/A,N/A,https://www.coles.com.au/_next/image?url=https%3A%2F%2Fcdn.productimages.coles.com.au%2Fproductimages%2F5%2F5884296.jpg&w=640&q=90
John West Tuna Chunky Style In Springwater | 95g,$1.45,$15.26/ 1kg,N/A,https://www.coles.com.au/_next/image?url=https%3A%2F%2Fcdn.productimages.coles.com.au%2Fproductimages%2F7%2F7532777.jpg&w=640&q=90
Coles Apple Fruit Drink 250ml | 6 Pack,$3.15,$2.10/ 1L,N/A,https://www.coles.com.au/_next/image?url=https%3A%2F%2Fcdn.productimages.coles.com.au%2Fproductimages%2F2%2F2535574.jpg&w=640&q=90
Smash Leakproof Snack Box | 1 Each,$3.50,$3.50/ 1ea,N/A,https://www.coles.com.au/_next/image?url=https%3A%2F%2Fcdn.productimages.coles.com.au%2Fproductimages%2F1%2F1074942.jpg&w=640&q=90
Vege Chips Mini Rice Crackers Multi 12 Pack | 180g,$9.50,$5.28/ 100g,N/A,https://www.coles.com.au/_next/image?url=https%3A%2F%2Fcdn.productimages.coles.com.au%2Fproductimages%2F4%2F4471064.jpg&w=640&q=90
Don Chicken Breast | 160g,$3.90,$24.38/ 1kg,N/A,https://www.coles.com.au/_next/image?url=https%3A%2F%2Fcdn.productimages.coles.com.au%2Fproductimages%2F6%2F6284614.jpg&w=640&q=90
Mayver's Smooth Peanut Butter | 750g,$10.00,$1.33/ 100g,N/A,https://www.coles.com.au/_next/image?url=https%3A%2F%2Fcdn.productimages.coles.com.au%2Fproductimages%2F5%2F5459530.jpg&w=640&q=90
Kinder Tronky Multipack Biscuit Bars 5 Pack | 90g,$5.00,$5.56/ 100g,N/A,https://www.coles.com.au/_next/image?url=https%3A%2F%2Fcdn.productimages.coles.com.au%2Fproductimages%2F5%2F5916520.jpg&w=640&q=90
Coles Kitchen Classic Pasta Salad | 400g,$5.00,$1.25/ 100g,N/A,https://www.coles.com.au/_next/image?url=https%3A%2F%2Fcdn.productimages.coles.com.au%2Fproductimages%2F5%2F5503494.jpg&w=640&q=90
Chobani Greek Yogurt Pouch Strawberry | 140g,$2.70,$1.93/ 100g,"{'Quantity': '4', 'Price': '7'}",https://www.coles.com.au/_next/image?url=https%3A%2F%2Fcdn.productimages.coles.com.au%2Fproductimages%2F1%2F1434684.jpg&w=640&q=90
Heather Brae Anzac Biscuit | 65g,$1.50,$2.31/ 100g,N/A,https://www.coles.com.au/_next/image?url=https%3A%2F%2Fcdn.productimages.coles.com.au%2Fproductimages%2F1%2F1061077.jpg&w=640&q=90
Maggi Instant Noodles Cups Chicken Flavour 4 Pack | 240g,$8.00,$3.33/ 100g,N/A,https://www.coles.com.au/_next/image?url=https%3A%2F%2Fcdn.productimages.coles.com.au%2Fproductimages%2F8%2F8100950.jpg&w=640&q=90
Coles Banana Bread Slices 5 Pack | 500g,$5.75,$1.15/ 100g,N/A,https://www.coles.com.au/_next/image?url=https%3A%2F%2Fcdn.productimages.coles.com.au%2Fproductimages%2F2%2F2915724.jpg&w=640&q=90
Cancer Council Spf 50+ Kids Sunscreen | 500mL,$30.50,$6.10/ 100mL,N/A,https://www.coles.com.au/_next/image?url=https%3A%2F%2Fcdn.productimages.coles.com.au%2Fproductimages%2F2%2F2464807.jpg&w=640&q=90
Coles Apples Mini Pack | 1kg,$7.50,$7.50/ 1kg,N/A,https://www.coles.com.au/_next/image?url=https%3A%2F%2Fcdn.productimages.coles.com.au%2Fproductimages%2F2%2F2511678.jpg&w=640&q=90
Cobs Popcorn Sea Salt 5 Pack | 65g,$4.00,$6.15/ 100g,"{'Quantity': '2', 'Price': '7'}",https://www.coles.com.au/_next/image?url=https%3A%2F%2Fcdn.productimages.coles.com.au%2Fproductimages%2F3%2F3949492.jpg&w=640&q=90
Bic Kids Turn & Colour Crayons | 12 Pack,$8.80,N/A,"{'Quantity': '5', 'Price': '25'}",https://www.coles.com.au/_next/image?url=https%3A%2F%2Fcdn.productimages.coles.com.au%2Fproductimages%2F3%2F3936898.jpg&w=640&q=90
Bonne Maman Raspberry Jam | 370g,$6.90,$1.86/ 100g,"{'Quantity': '5', 'Price': '25'}",https://www.coles.com.au/_next/image?url=https%3A%2F%2Fcdn.productimages.coles.com.au%2Fproductimages%2F8%2F8558164.jpg&w=640&q=90
Coles Mini Iced Cupcakes 12 Pack | 240g,$7.50,$3.13/ 100g,N/A,https://www.coles.com.au/_next/image?url=https%3A%2F%2Fcdn.productimages.coles.com.au%2Fproductimages%2F6%2F6341456.jpg&w=640&q=90
Bega Strong & Bitey Cheese & Water Cracker | 38g,$3.00,$7.89/ 100g,"{'Quantity': '2', 'Price': '5'}",https://www.coles.com.au/_next/image?url=https%3A%2F%2Fcdn.productimages.coles.com.au%2Fproductimages%2F8%2F8963264.jpg&w=640&q=90
Scunci No Damage Elastics Value Pack | 60 Pack,$9.00,$0.15/ 1ea,N/A,https://www.coles.com.au/_next/image?url=https%3A%2F%2Fcdn.productimages.coles.com.au%2Fproductimages%2F2%2F2383137.jpg&w=640&q=90
Smash Blue Charm Bottle 750ml | 750mL,$10.00,$10.00/ 1ea,N/A,https://www.coles.com.au/_next/image?url=https%3A%2F%2Fcdn.productimages.coles.com.au%2Fproductimages%2F9%2F9503419.jpg&w=640&q=90
Coles Caramelised Biscuit Spread Smooth | 400g,$5.00,$1.25/ 100g,N/A,https://www.coles.com.au/_next/image?url=https%3A%2F%2Fcdn.productimages.coles.com.au%2Fproductimages%2F7%2F7907246.jpg&w=640&q=90
Coles Caramelised Biscuit Spread Crunchy | 400g,$5.00,$1.25/ 100g,N/A,https://www.coles.com.au/_next/image?url=https%3A%2F%2Fcdn.productimages.coles.com.au%2Fproductimages%2F7%2F7907235.jpg&w=640&q=90
Smash Stainless Steel Colour Change Sipper | 1 Each,$8.00,$8.00/ 1ea,N/A,https://www.coles.com.au/_next/image?url=https%3A%2F%2Fcdn.productimages.coles.com.au%2Fproductimages%2F6%2F6824620.jpg&w=640&q=90
Primo Mild Pepperoni Twiggy Pizza Shapes & Tasty Cheese | 54g,$3.00,$5.56/ 100g,N/A,https://www.coles.com.au/_next/image?url=https%3A%2F%2Fcdn.productimages.coles.com.au%2Fproductimages%2F5%2F5421480.jpg&w=640&q=90
Sistema Nest It Meal Prep Containers 870ml | 5 Pack,$16.00,$3.20/ 1ea,N/A,https://www.coles.com.au/_next/image?url=https%3A%2F%2Fcdn.productimages.coles.com.au%2Fproductimages%2F8%2F8399231.jpg&w=640&q=90
Coles Pikelets 8 Pack | 200g,$2.50,$1.25/ 100g,N/A,https://www.coles.com.au/_next/image?url=https%3A%2F%2Fcdn.productimages.coles.com.au%2Fproductimages%2F4%2F4799340.jpg&w=640&q=90
Healtheries Rice Wheels Cheese Multipack Gluten Free Lunchbox Sn ... 126g,$5.00,$3.97/ 100g,"{'Quantity': '2', 'Price': '8'}",https://www.coles.com.au/_next/image?url=https%3A%2F%2Fcdn.productimages.coles.com.au%2Fproductimages%2F3%2F3861471.jpg&w=640&q=90
Mainland Cheese Slices Extra Tasty | 210g,$6.00,$28.57/ 1kg,N/A,https://www.coles.com.au/_next/image?url=https%3A%2F%2Fcdn.productimages.coles.com.au%2Fproductimages%2F6%2F6576788.jpg&w=640&q=90
Honest Sea Seaweed Sea Salt & Vinegar Multipack 6x5g | 30g,$10.00,$33.33/ 100g,N/A,https://www.coles.com.au/_next/image?url=https%3A%2F%2Fcdn.productimages.coles.com.au%2Fproductimages%2F6%2F6251772.jpg&w=640&q=90
Sistema To Go Maxi Fold Up Lunch Cooler | 1 Each,$12.75,$12.75/ 1ea,N/A,https://www.coles.com.au/_next/image?url=https%3A%2F%2Fcdn.productimages.coles.com.au%2Fproductimages%2F8%2F8546530.jpg&w=640&q=90
Ceres Organic Seaweed Original Snack 6x5g Packs | 30g,$7.00,$23.33/ 100g,N/A,https://www.coles.com.au/_next/image?url=https%3A%2F%2Fcdn.productimages.coles.com.au%2Fproductimages%2F7%2F7042869.jpg&w=640&q=90
John West Tuna Oven Dried Tomato Basil | 95g,$1.45,$15.26/ 1kg,N/A,https://www.coles.com.au/_next/image?url=https%3A%2F%2Fcdn.productimages.coles.com.au%2Fproductimages%2F6%2F6041124.jpg&w=640&q=90
Uncle Tobys Le Snak Cheese Dip And Crackers French Onion Kid ... 132g,$5.50,$4.17/ 100g,"{'Quantity': '2', 'Price': '9'}",https://www.coles.com.au/_next/image?url=https%3A%2F%2Fcdn.productimages.coles.com.au%2Fproductimages%2F3%2F3022371.jpg&w=640&q=90
Healtheries Rice Wheels Burger Multipack Gluten Free Lunchbox Sn ... 126g,$5.00,$3.97/ 100g,"{'Quantity': '2', 'Price': '8'}",https://www.coles.com.au/_next/image?url=https%3A%2F%2Fcdn.productimages.coles.com.au%2Fproductimages%2F3%2F3861482.jpg&w=640&q=90
Coles Crackers Checkers | 250g,$1.80,$0.72/ 100g,N/A,https://www.coles.com.au/_next/image?url=https%3A%2F%2Fcdn.productimages.coles.com.au%2Fproductimages%2F7%2F7468929.jpg&w=640&q=90
Decor Microsafe Containers | 5 Pack,$21.00,$4.20/ 1ea,N/A,https://www.coles.com.au/_next/image?url=https%3A%2F%2Fcdn.productimages.coles.com.au%2Fproductimages%2F3%2F3996415.jpg&w=640&q=90
Coles Tri Colour Capsicum Prepack | 500g,$10.90,$21.80/ 1kg,N/A,https://www.coles.com.au/_next/image?url=https%3A%2F%2Fcdn.productimages.coles.com.au%2Fproductimages%2F4%2F4841072.jpg&w=640&q=90
Arnott's Cruskits Crispbread Original | 125g,$4.00,$3.20/ 100g,N/A,https://www.coles.com.au/_next/image?url=https%3A%2F%2Fcdn.productimages.coles.com.au%2Fproductimages%2F3%2F358682.jpg&w=640&q=90
Coles Fruit Salad In Syrup 4 Pack | 480g,$2.20,$4.58/ 1kg,N/A,https://www.coles.com.au/_next/image?url=https%3A%2F%2Fcdn.productimages.coles.com.au%2Fproductimages%2F9%2F9837742.jpg&w=640&q=90
Sunbeam Sultana And Cranberry | 6 Pack,$3.30,$14.10/ 1kg,N/A,https://www.coles.com.au/_next/image?url=https%3A%2F%2Fcdn.productimages.coles.com.au%2Fproductimages%2F1%2F1877299.jpg&w=640&q=90
NRG Kids Volume Limiting Wireless Headphones | 1 Each,$12.50,N/A,N/A,https://www.coles.com.au/_next/image?url=https%3A%2F%2Fcdn.productimages.coles.com.au%2Fproductimages%2F5%2F5884354.jpg&w=640&q=90
B.box Tritan Drink Bottle 600ml | 1 Each,$26.00,$26.00/ 1ea,N/A,https://www.coles.com.au/_next/image?url=https%3A%2F%2Fcdn.productimages.coles.com.au%2Fproductimages%2F5%2F5118030.jpg&w=640&q=90
Staedtler Traditional Hb Graphite Pencils | 5 Pack,$5.50,N/A,N/A,https://www.coles.com.au/_next/image?url=https%3A%2F%2Fcdn.productimages.coles.com.au%2Fproductimages%2F6%2F6821939.jpg&w=640&q=90
Smith's Snack Variety Mega Mix 60 Pack | 1140g,$22.00,$1.93/ 100g,N/A,https://www.coles.com.au/_next/image?url=https%3A%2F%2Fcdn.productimages.coles.com.au%2Fproductimages%2F4%2F4843690.jpg&w=640&q=90
Libra Period Proof Girl-teen Brief Black Size 10-12 | 1 Pack,$13.65,$13.65/ 1ea,N/A,https://www.coles.com.au/_next/image?url=https%3A%2F%2Fcdn.productimages.coles.com.au%2Fproductimages%2F6%2F6121584.jpg&w=640&q=90
Pop Tops Apple Drink | 6 Pack,$5.90,$3.93/ 1L,N/A,https://www.coles.com.au/_next/image?url=https%3A%2F%2Fcdn.productimages.coles.com.au%2Fproductimages%2F6%2F6914188.jpg&w=640&q=90
Bega Peanut Butter Smooth | 470g,$6.90,$1.47/ 100g,"{'Quantity': '5', 'Price': '25'}",https://www.coles.com.au/_next/image?url=https%3A%2F%2Fcdn.productimages.coles.com.au%2Fproductimages%2F5%2F5398753.jpg&w=640&q=90
Bob Snail Fruit Roll Snack Apple Raspberry | 60g,$4.50,$7.50/ 100g,N/A,https://www.coles.com.au/_next/image?url=https%3A%2F%2Fcdn.productimages.coles.com.au%2Fproductimages%2F6%2F6372096.jpg&w=640&q=90
Primo Trios Cabanossi Cheese & Sour Cream Rice Crackers | 50g,$3.00,$6.00/ 100g,N/A,https://www.coles.com.au/_next/image?url=https%3A%2F%2Fcdn.productimages.coles.com.au%2Fproductimages%2F7%2F7696581.jpg&w=640&q=90
Faber-Castell Pvc Free Eraser | 2 Pack,$4.50,N/A,N/A,https://www.coles.com.au/_next/image?url=https%3A%2F%2Fcdn.productimages.coles.com.au%2Fproductimages%2F1%2F1839802.jpg&w=640&q=90
Uncle Tobys Sachets Oats Quick 10 Pack | 340g,$7.00,$2.06/ 100g,"{'Quantity': '5', 'Price': '25'}",https://www.coles.com.au/_next/image?url=https%3A%2F%2Fcdn.productimages.coles.com.au%2Fproductimages%2F9%2F9720268.jpg&w=640&q=90
Coles Choc Chip Banana Bread Slices 5 Pack | 500g,$5.75,$1.15/ 100g,N/A,https://www.coles.com.au/_next/image?url=https%3A%2F%2Fcdn.productimages.coles.com.au%2Fproductimages%2F3%2F3633681.jpg&w=640&q=90
Just Juice 100% Juice Orange 200ml | 6 Pack,$5.40,$4.50/ 1L,N/A,https://www.coles.com.au/_next/image?url=https%3A%2F%2Fcdn.productimages.coles.com.au%2Fproductimages%2F5%2F5001281.jpg&w=640&q=90
Mars Chocolate Party Share Bag 20 Piece | 320g,$8.00,$2.50/ 100g,N/A,https://www.coles.com.au/_next/image?url=https%3A%2F%2Fcdn.productimages.coles.com.au%2Fproductimages%2F4%2F4382532.jpg&w=640&q=90
Sistema To Go Ribbon Lunch Box | 1 Each,$11.50,$11.50/ 1ea,N/A,https://www.coles.com.au/_next/image?url=https%3A%2F%2Fcdn.productimages.coles.com.au%2Fproductimages%2F5%2F5286192.jpg&w=640&q=90
ZAK Australia Pty Ltd Stitch Nested Containers 3 Piece | 1 Each,$3.00,$3.00/ 1ea,N/A,https://www.coles.com.au/_next/image?url=https%3A%2F%2Fcdn.productimages.coles.com.au%2Fproductimages%2F1%2F1504892.jpg&w=640&q=90
Chobani Fit Flip Yogurt Vanilla Choc Almond | 140g,$3.00,$2.14/ 100g,N/A,https://www.coles.com.au/_next/image?url=https%3A%2F%2Fcdn.productimages.coles.com.au%2Fproductimages%2F1%2F1154622.jpg&w=640&q=90
Sanitarium Weet-bix Cereal | 1.2kg,$7.00,$0.58/ 100g,N/A,https://www.coles.com.au/_next/image?url=https%3A%2F%2Fcdn.productimages.coles.com.au%2Fproductimages%2F9%2F9393015.jpg&w=640&q=90
Sirena Tuna & Pasta Sicilian Style | 170g,$3.30,$1.94/ 100g,N/A,https://www.coles.com.au/_next/image?url=https%3A%2F%2Fcdn.productimages.coles.com.au%2Fproductimages%2F3%2F3189413.jpg&w=640&q=90
Uncle Tobys Roll-ups Rainbow Berry Lunchbox Snacks Made With ... 94g,$5.50,$5.85/ 100g,"{'Quantity': '2', 'Price': '9'}",https://www.coles.com.au/_next/image?url=https%3A%2F%2Fcdn.productimages.coles.com.au%2Fproductimages%2F6%2F6899164.jpg&w=640&q=90
Coles Hazelnut Smooth Spread | 400g,$4.50,$1.13/ 100g,N/A,https://www.coles.com.au/_next/image?url=https%3A%2F%2Fcdn.productimages.coles.com.au%2Fproductimages%2F4%2F4390993.jpg&w=640&q=90
Coles Apple & Raspberry Fruit Drink Multipack 250ml | 6 Pack,$3.15,$2.10/ 1L,N/A,https://www.coles.com.au/_next/image?url=https%3A%2F%2Fcdn.productimages.coles.com.au%2Fproductimages%2F2%2F2535596.jpg&w=640&q=90
Hercules Clickzip Resealable Sandwich Bags | 100 Pack,$4.70,$0.05/ 1ea,N/A,https://www.coles.com.au/_next/image?url=https%3A%2F%2Fcdn.productimages.coles.com.au%2Fproductimages%2F2%2F2858766.jpg&w=640&q=90
Sunrice Mini Bites Rollin Salt & Vinegar 6 Pack | 120g,$5.00,$4.17/ 100g,N/A,https://www.coles.com.au/_next/image?url=https%3A%2F%2Fcdn.productimages.coles.com.au%2Fproductimages%2F6%2F6523250.jpg&w=640&q=90
Coles Sweet & Salty Popcorn | 120g,$2.10,$1.75/ 100g,N/A,https://www.coles.com.au/_next/image?url=https%3A%2F%2Fcdn.productimages.coles.com.au%2Fproductimages%2F3%2F3150780.jpg&w=640&q=90
Chobani Fit Flip Yogurt Banana Choc Peanut | 140g,$3.00,$2.14/ 100g,N/A,https://www.coles.com.au/_next/image?url=https%3A%2F%2Fcdn.productimages.coles.com.au%2Fproductimages%2F1%2F1154666.jpg&w=640&q=90
Banana Boat Spf 50+ Kids Sunscreen Pump | 400g,$30.00,$7.50/ 100g,N/A,https://www.coles.com.au/_next/image?url=https%3A%2F%2Fcdn.productimages.coles.com.au%2Fproductimages%2F7%2F7211503.jpg&w=640&q=90
Pauls Kids Yoghurt Limited Edition | 70g,$1.30,$1.86/ 100g,N/A,https://www.coles.com.au/_next/image?url=https%3A%2F%2Fcdn.productimages.coles.com.au%2Fproductimages%2F4%2F4348374.jpg&w=640&q=90
Primo Cabanossi Jatz & Tasty Cheese | 50g,$3.00,$6.00/ 100g,N/A,https://www.coles.com.au/_next/image?url=https%3A%2F%2Fcdn.productimages.coles.com.au%2Fproductimages%2F5%2F5420692.jpg&w=640&q=90
Ziploc Resealable Sandwich Bags | 175 Pack,$9.20,$0.05/ 1ea,N/A,https://www.coles.com.au/_next/image?url=https%3A%2F%2Fcdn.productimages.coles.com.au%2Fproductimages%2F7%2F7744389.jpg&w=640&q=90
Primo Stacker Danish Salami Cheese & Crackers | 45g,$4.50,$10.00/ 100g,N/A,https://www.coles.com.au/_next/image?url=https%3A%2F%2Fcdn.productimages.coles.com.au%2Fproductimages%2F3%2F3757006.jpg&w=640&q=90
Healtheries Rice Wheels Chicken Multipack Gluten Free Lunchbox Sn ... 126g,$5.00,$3.97/ 100g,"{'Quantity': '2', 'Price': '8'}",https://www.coles.com.au/_next/image?url=https%3A%2F%2Fcdn.productimages.coles.com.au%2Fproductimages%2F3%2F3863127.jpg&w=640&q=90
Bega Cheese Stringers Original 8 Pack | 160g,$5.60,$35.00/ 1kg,N/A,https://www.coles.com.au/_next/image?url=https%3A%2F%2Fcdn.productimages.coles.com.au%2Fproductimages%2F7%2F7325863.jpg&w=640&q=90
Abe's Bagels Natural 4 Pack | 360g,$3.90,$1.08/ 100g,N/A,https://www.coles.com.au/_next/image?url=https%3A%2F%2Fcdn.productimages.coles.com.au%2Fproductimages%2F2%2F2901978.jpg&w=640&q=90
Mainland On The Go Tasty Cheese & Cranberry Sunflower Crackers | 38g,$3.00,$7.89/ 100g,"{'Quantity': '2', 'Price': '5.40'}",https://www.coles.com.au/_next/image?url=https%3A%2F%2Fcdn.productimages.coles.com.au%2Fproductimages%2F3%2F3576103.jpg&w=640&q=90
Sistema To Go Mini Bites | 3 Pack,$7.75,$2.58/ 1ea,"{'Quantity': '5', 'Price': '25'}",https://www.coles.com.au/_next/image?url=https%3A%2F%2Fcdn.productimages.coles.com.au%2Fproductimages%2F2%2F2372640.jpg&w=640&q=90
Nutella Spread Choc Hazelnut | 750g,$12.50,$1.67/ 100g,N/A,https://www.coles.com.au/_next/image?url=https%3A%2F%2Fcdn.productimages.coles.com.au%2Fproductimages%2F6%2F6690772.jpg&w=640&q=90
Coles Mini Cream Wafers Multipack | 175g,$3.00,$1.71/ 100g,N/A,https://www.coles.com.au/_next/image?url=https%3A%2F%2Fcdn.productimages.coles.com.au%2Fproductimages%2F1%2F1389728.jpg&w=640&q=90
Uncle Tobys Roll-ups Rainbow Fruit Salad Snacks Made With ... 94g,$5.50,$5.85/ 100g,"{'Quantity': '2', 'Price': '9'}",https://www.coles.com.au/_next/image?url=https%3A%2F%2Fcdn.productimages.coles.com.au%2Fproductimages%2F6%2F6899175.jpg&w=640&q=90
Bic Velocity Mechanical Pencils | 2 Pack,$6.00,N/A,N/A,https://www.coles.com.au/_next/image?url=https%3A%2F%2Fcdn.productimages.coles.com.au%2Fproductimages%2F3%2F3663591.jpg&w=640&q=90
Tamar Valley Kids Greek Yoghurt Pouch Strawberry | 110g,$2.50,$2.27/ 100g,"{'Quantity': '5', 'Price': '10'}",https://www.coles.com.au/_next/image?url=https%3A%2F%2Fcdn.productimages.coles.com.au%2Fproductimages%2F2%2F2744359.jpg&w=640&q=90
NRG 1.2m Usb-c To Lightning Cable White | 1 Each,$22.00,N/A,N/A,https://www.coles.com.au/_next/image?url=https%3A%2F%2Fcdn.productimages.coles.com.au%2Fproductimages%2F5%2F5880579.jpg&w=640&q=90
Arnott's Shapes Variety Multipack 15 Pack | 375g,$6.00,$1.60/ 100g,N/A,https://www.coles.com.au/_next/image?url=https%3A%2F%2Fcdn.productimages.coles.com.au%2Fproductimages%2F2%2F2992180.jpg&w=640&q=90
Sunny Queen Peeled Hard Boiled Eggs 2 Pack | 85g,$4.50,$5.29/ 100g,N/A,https://www.coles.com.au/_next/image?url=https%3A%2F%2Fcdn.productimages.coles.com.au%2Fproductimages%2F1%2F1059279.jpg&w=640&q=90
Pilot Frixion Clicker Erasable Pens | 2 Pack,$9.00,N/A,N/A,https://www.coles.com.au/_next/image?url=https%3A%2F%2Fcdn.productimages.coles.com.au%2Fproductimages%2F6%2F6821757.jpg&w=640&q=90
Capilano Pure Honey Upside Down Squeeze | 500g,$9.00,$1.80/ 100g,N/A,https://www.coles.com.au/_next/image?url=https%3A%2F%2Fcdn.productimages.coles.com.au%2Fproductimages%2F9%2F9247578.jpg&w=640&q=90
Coles A4 Display Folder | 1 Each,$5.00,N/A,N/A,https://www.coles.com.au/_next/image?url=https%3A%2F%2Fcdn.productimages.coles.com.au%2Fproductimages%2F3%2F3932194.jpg&w=640&q=90
Coles A4 Sheet Protector | 100 Pack,$7.00,N/A,N/A,https://www.coles.com.au/_next/image?url=https%3A%2F%2Fcdn.productimages.coles.com.au%2Fproductimages%2F3%2F3932219.jpg&w=640&q=90
Nice & Natural Nut Butter Bars Peanut Butter | 175g,$6.50,$3.71/ 100g,"{'Quantity': '2', 'Price': '9'}",https://www.coles.com.au/_next/image?url=https%3A%2F%2Fcdn.productimages.coles.com.au%2Fproductimages%2F3%2F3618280.jpg&w=640&q=90
Artline 90 Permanent Black Marker | 1 Each,$5.50,N/A,N/A,https://www.coles.com.au/_next/image?url=https%3A%2F%2Fcdn.productimages.coles.com.au%2Fproductimages%2F3%2F3188206.jpg&w=640&q=90
Coles Tropical Juice 250ml | 6 Pack,$3.30,$2.20/ 1L,N/A,https://www.coles.com.au/_next/image?url=https%3A%2F%2Fcdn.productimages.coles.com.au%2Fproductimages%2F2%2F2535643.jpg&w=640&q=90
Hercules Resealable Sandwich Bags | 200 Pack,$8.80,$0.04/ 1ea,N/A,https://www.coles.com.au/_next/image?url=https%3A%2F%2Fcdn.productimages.coles.com.au%2Fproductimages%2F3%2F3364808.jpg&w=640&q=90
Honest Sea Seaweed Teriyaki Multipack 6x5g | 30g,$10.00,$33.33/ 100g,N/A,https://www.coles.com.au/_next/image?url=https%3A%2F%2Fcdn.productimages.coles.com.au%2Fproductimages%2F3%2F3891348.jpg&w=640&q=90
Coles 4 Leaf Salad Mix | 200g,$3.00,$15.00/ 1kg,"{'Quantity': '2', 'Price': '5'}",https://www.coles.com.au/_next/image?url=https%3A%2F%2Fcdn.productimages.coles.com.au%2Fproductimages%2F8%2F8209722.jpg&w=640&q=90
Sirena Napoli Style Pasta With Tuna | 170g,$3.30,$1.94/ 100g,N/A,https://www.coles.com.au/_next/image?url=https%3A%2F%2Fcdn.productimages.coles.com.au%2Fproductimages%2F3%2F3853575.jpg&w=640&q=90
Primo Stacker Leg Ham Cheese & Crackers | 50g,$4.50,$9.00/ 100g,N/A,https://www.coles.com.au/_next/image?url=https%3A%2F%2Fcdn.productimages.coles.com.au%2Fproductimages%2F3%2F3752705.jpg&w=640&q=90
Carman's Dark Choc Macadamia & Coconut Nut Bar | 160g,$7.50,$4.69/ 100g,"{'Quantity': '5', 'Price': '25'}",https://www.coles.com.au/_next/image?url=https%3A%2F%2Fcdn.productimages.coles.com.au%2Fproductimages%2F3%2F3022892.jpg&w=640&q=90
Smash Fashion Tritan Drink Bottle | 1 Each,$4.50,$4.50/ 1ea,N/A,https://www.coles.com.au/_next/image?url=https%3A%2F%2Fcdn.productimages.coles.com.au%2Fproductimages%2F2%2F2818025.jpg&w=640&q=90
Sistema To Go Stax Container | 1L,$3.82,$3.82/ 1ea,N/A,https://www.coles.com.au/_next/image?url=https%3A%2F%2Fcdn.productimages.coles.com.au%2Fproductimages%2F8%2F8397940.jpg&w=640&q=90
Great Temptations Mufnutz 5 Pack | 120g,$4.50,$3.75/ 100g,N/A,https://www.coles.com.au/_next/image?url=https%3A%2F%2Fcdn.productimages.coles.com.au%2Fproductimages%2F1%2F1048148.jpg&w=640&q=90
Mr Kipling Angel Slice 6 Pack | 165g,$3.60,$2.18/ 100g,N/A,https://www.coles.com.au/_next/image?url=https%3A%2F%2Fcdn.productimages.coles.com.au%2Fproductimages%2F2%2F2762237.jpg&w=640&q=90
Smith's Fun Mix Chips Lunchbox Snacks Multipack 20 Pack | 375g,$8.90,$2.37/ 100g,"{'Quantity': '2', 'Price': '15'}",https://www.coles.com.au/_next/image?url=https%3A%2F%2Fcdn.productimages.coles.com.au%2Fproductimages%2F3%2F3706049.jpg&w=640&q=90
Libra Girl-teen Goodnight Pads With Wings | 10 Pack,$4.20,$0.42/ 1ea,N/A,https://www.coles.com.au/_next/image?url=https%3A%2F%2Fcdn.productimages.coles.com.au%2Fproductimages%2F3%2F3301546.jpg&w=640&q=90
Kellogg's Lcms Split Stix Variety 18 Pack | 396g,$9.00,$2.27/ 100g,N/A,https://www.coles.com.au/_next/image?url=https%3A%2F%2Fcdn.productimages.coles.com.au%2Fproductimages%2F6%2F6612430.jpg&w=640&q=90
Uncle Tobys Muesli Bars Chewy Choc Chip Kids School Lunchbox ... 185g,$5.50,$2.97/ 100g,"{'Quantity': '2', 'Price': '9'}",https://www.coles.com.au/_next/image?url=https%3A%2F%2Fcdn.productimages.coles.com.au%2Fproductimages%2F4%2F4975192.jpg&w=640&q=90
Spirax A4 Notebook 240pg | 1 Each,$6.00,N/A,N/A,https://www.coles.com.au/_next/image?url=https%3A%2F%2Fcdn.productimages.coles.com.au%2Fproductimages%2F8%2F8962159.jpg&w=640&q=90
NRG 1.2m Usb-c To Usb-c Cable Black | 1 Pack,$16.00,N/A,N/A,https://www.coles.com.au/_next/image?url=https%3A%2F%2Fcdn.productimages.coles.com.au%2Fproductimages%2F5%2F5882359.jpg&w=640&q=90
Sistema Klip It Plus Containers 520ml | 3 Pack,$14.20,$4.73/ 1ea,N/A,https://www.coles.com.au/_next/image?url=https%3A%2F%2Fcdn.productimages.coles.com.au%2Fproductimages%2F3%2F3794272.jpg&w=640&q=90
Coles Tuna Snacks With Crackers Sweet Chilli | 112g,$2.10,$1.88/ 100g,N/A,https://www.coles.com.au/_next/image?url=https%3A%2F%2Fcdn.productimages.coles.com.au%2Fproductimages%2F4%2F4412575.jpg&w=640&q=90
NRG 2m Usb-c To C - Black Braided | 1 Each,$18.00,N/A,N/A,https://www.coles.com.au/_next/image?url=https%3A%2F%2Fcdn.productimages.coles.com.au%2Fproductimages%2F5%2F5883180.jpg&w=640&q=90
Siggi's Yoghurt Pouch Raspberry | 150g,$2.70,$1.80/ 100g,N/A,https://www.coles.com.au/_next/image?url=https%3A%2F%2Fcdn.productimages.coles.com.au%2Fproductimages%2F7%2F7671707.jpg&w=640&q=90
Smash Blue Stainless Steel Bento Box | 1 Each,$13.75,$13.75/ 1ea,N/A,https://www.coles.com.au/_next/image?url=https%3A%2F%2Fcdn.productimages.coles.com.au%2Fproductimages%2F3%2F3783185.jpg&w=640&q=90
Coles Kids Barrel Pencil Case | 1 Each,$6.50,N/A,N/A,https://www.coles.com.au/_next/image?url=https%3A%2F%2Fcdn.productimages.coles.com.au%2Fproductimages%2F6%2F6578706.jpg&w=640&q=90
Jalna Dairy Yoghurt Greek Style | 2kg,$15.00,$0.75/ 100g,N/A,https://www.coles.com.au/_next/image?url=https%3A%2F%2Fcdn.productimages.coles.com.au%2Fproductimages%2F5%2F5763167.jpg&w=640&q=90
John West Tempters Tuna Multipack Olive Oil Blend 4x95g | 380g,$7.00,$18.42/ 1kg,N/A,https://www.coles.com.au/_next/image?url=https%3A%2F%2Fcdn.productimages.coles.com.au%2Fproductimages%2F8%2F8085288.jpg&w=640&q=90
Golden Circle Tetra Drink Summer Berries 250ml | 6 Pack,$4.40,$2.93/ 1L,N/A,https://www.coles.com.au/_next/image?url=https%3A%2F%2Fcdn.productimages.coles.com.au%2Fproductimages%2F2%2F2044561.jpg&w=640&q=90
Bic Intensity Colouring Felt Pens | 12 Pack,$16.00,N/A,N/A,https://www.coles.com.au/_next/image?url=https%3A%2F%2Fcdn.productimages.coles.com.au%2Fproductimages%2F3%2F3936923.jpg&w=640&q=90
Coles Squeezie Banana Yoghurt Pouch | 70g,$0.80,$1.14/ 100g,N/A,https://www.coles.com.au/_next/image?url=https%3A%2F%2Fcdn.productimages.coles.com.au%2Fproductimages%2F1%2F1013493.jpg&w=640&q=90
Helga's Sourdough Wraps 7 Pack | 445g,$5.50,$1.24/ 100g,N/A,https://www.coles.com.au/_next/image?url=https%3A%2F%2Fcdn.productimages.coles.com.au%2Fproductimages%2F9%2F9851947.jpg&w=640&q=90
Tommee Tippee Grown Up 1st Cutlery Set | 1 Pack,$6.10,$6.10/ 1ea,N/A,https://www.coles.com.au/_next/image?url=https%3A%2F%2Fcdn.productimages.coles.com.au%2Fproductimages%2F4%2F4279963.jpg&w=640&q=90
ZAK Australia Pty Ltd Hello Kitty Lunch Case | 1 Each,$4.00,$4.00/ 1ea,N/A,https://www.coles.com.au/_next/image?url=https%3A%2F%2Fcdn.productimages.coles.com.au%2Fproductimages%2F1%2F1504790.jpg&w=640&q=90
Libra Girl-teen Regular Pads | 12 Pack,$4.20,$0.35/ 1ea,N/A,https://www.coles.com.au/_next/image?url=https%3A%2F%2Fcdn.productimages.coles.com.au%2Fproductimages%2F8%2F8146305.jpg&w=640&q=90
Post-it Super Sticky Notes Miami | 3 Pack,$6.00,N/A,N/A,https://www.coles.com.au/_next/image?url=https%3A%2F%2Fcdn.productimages.coles.com.au%2Fproductimages%2F3%2F3938770.jpg&w=640&q=90
Bic Gelocity Original Pens Blue | 2 Pack,$5.50,N/A,N/A,https://www.coles.com.au/_next/image?url=https%3A%2F%2Fcdn.productimages.coles.com.au%2Fproductimages%2F3%2F3663004.jpg&w=640&q=90
Golden Crumpet Rounds Original | 300g,$4.80,$1.60/ 100g,"{'Quantity': '2', 'Price': '5.20'}",https://www.coles.com.au/_next/image?url=https%3A%2F%2Fcdn.productimages.coles.com.au%2Fproductimages%2F3%2F332383.jpg&w=640&q=90
Chobani Greek Yogurt Pouch Blueberry | 140g,$2.70,$1.93/ 100g,"{'Quantity': '4', 'Price': '7'}",https://www.coles.com.au/_next/image?url=https%3A%2F%2Fcdn.productimages.coles.com.au%2Fproductimages%2F1%2F1434720.jpg&w=640&q=90
Bostik Blu Tack Colour | 1 Each,$4.00,N/A,N/A,https://www.coles.com.au/_next/image?url=https%3A%2F%2Fcdn.productimages.coles.com.au%2Fproductimages%2F3%2F3782863.jpg&w=640&q=90
Maggi Instant Noodles Cup Beef Flavour | 58g,$2.50,$4.31/ 100g,N/A,https://www.coles.com.au/_next/image?url=https%3A%2F%2Fcdn.productimages.coles.com.au%2Fproductimages%2F8%2F8109273.jpg&w=640&q=90
Don Leg Ham Shaved | 200g,$3.90,$19.50/ 1kg,N/A,https://www.coles.com.au/_next/image?url=https%3A%2F%2Fcdn.productimages.coles.com.au%2Fproductimages%2F6%2F6284567.jpg&w=640&q=90
Coles Multipack Mini Monkey Butter Biscuits | 200g,$2.50,$1.25/ 100g,N/A,https://www.coles.com.au/_next/image?url=https%3A%2F%2Fcdn.productimages.coles.com.au%2Fproductimages%2F3%2F3182797.jpg&w=640&q=90
Happy Snack Company Roasted Chickpeas Dark Choc 5x20g | 100g,$6.00,$6.00/ 100g,N/A,https://www.coles.com.au/_next/image?url=https%3A%2F%2Fcdn.productimages.coles.com.au%2Fproductimages%2F3%2F3865290.jpg&w=640&q=90
Coles Squeezie Vanilla Yoghurt Pouch | 70g,$0.80,$1.14/ 100g,N/A,https://www.coles.com.au/_next/image?url=https%3A%2F%2Fcdn.productimages.coles.com.au%2Fproductimages%2F1%2F1013675.jpg&w=640&q=90
Sunbites Grain Waves Chips Sour Cream & Chives | 170g,$5.00,$2.94/ 100g,"{'Quantity': '2', 'Price': '7'}",https://www.coles.com.au/_next/image?url=https%3A%2F%2Fcdn.productimages.coles.com.au%2Fproductimages%2F3%2F3706741.jpg&w=640&q=90
Decor Go Dressing Tubs 35ml | 6 Pack,$5.50,$0.92/ 1ea,N/A,https://www.coles.com.au/_next/image?url=https%3A%2F%2Fcdn.productimages.coles.com.au%2Fproductimages%2F5%2F5407821.jpg&w=640&q=90
Oreo Milk Chocolate Wafer Sticks Biscuits 10 Pack | 128g,$3.50,$2.73/ 100g,N/A,https://www.coles.com.au/_next/image?url=https%3A%2F%2Fcdn.productimages.coles.com.au%2Fproductimages%2F1%2F1020900.jpg&w=640&q=90
Farmers Union No Added Sugar Kids Yogurt Pouch Blueberry | 130g,$2.50,$1.92/ 100g,"{'Quantity': '5', 'Price': '8.50'}",https://www.coles.com.au/_next/image?url=https%3A%2F%2Fcdn.productimages.coles.com.au%2Fproductimages%2F6%2F6600805.jpg&w=640&q=90
Uhu Magic Blue Glue Stick 2x40g | 2 Pack,$5.40,Was $6.75 on Dec 2025,N/A,https://www.coles.com.au/_next/image?url=https%3A%2F%2Fcdn.productimages.coles.com.au%2Fproductimages%2F6%2F6820674.jpg&w=640&q=90
Sunrice Mini Bites Rockin Chicken 6 Pack | 120g,$5.00,$4.17/ 100g,N/A,https://www.coles.com.au/_next/image?url=https%3A%2F%2Fcdn.productimages.coles.com.au%2Fproductimages%2F6%2F6523249.jpg&w=640&q=90
Banana Boat Spf 50+ Kids Roll On Sunscreen | 75mL,$14.00,$18.67/ 100mL,N/A,https://www.coles.com.au/_next/image?url=https%3A%2F%2Fcdn.productimages.coles.com.au%2Fproductimages%2F7%2F7211445.jpg&w=640&q=90
Nuffin Hommus Snack Pack 2x50g | 100g,$3.00,$3.00/ 100g,"{'Quantity': '2', 'Price': '5'}",https://www.coles.com.au/_next/image?url=https%3A%2F%2Fcdn.productimages.coles.com.au%2Fproductimages%2F1%2F1051696.jpg&w=640&q=90
Cancer Council Ultra Sensitive Kids Sunscreen Spf 50+ | 150mL,$24.00,$16.00/ 100mL,N/A,https://www.coles.com.au/_next/image?url=https%3A%2F%2Fcdn.productimages.coles.com.au%2Fproductimages%2F8%2F8098202.jpg&w=640&q=90
Staedtler Traditional 2b Graphite Pencils | 5 Pack,$5.50,N/A,N/A,https://www.coles.com.au/_next/image?url=https%3A%2F%2Fcdn.productimages.coles.com.au%2Fproductimages%2F6%2F6821940.jpg&w=640&q=90
Great Temptations Chocolate Chips Muffins 5 Pack | 110g,$4.00,$3.64/ 100g,N/A,https://www.coles.com.au/_next/image?url=https%3A%2F%2Fcdn.productimages.coles.com.au%2Fproductimages%2F1%2F1048137.jpg&w=640&q=90
UP&GO Liquid Breakfast Choc Ice 12x250ml | 3L,$18.00,$6.00/ 1L,N/A,https://www.coles.com.au/_next/image?url=https%3A%2F%2Fcdn.productimages.coles.com.au%2Fproductimages%2F8%2F8951356.jpg&w=640&q=90
Golden Circle Tetra Drink Apple Raspberry | 6 Pack,$4.40,$2.93/ 1L,N/A,https://www.coles.com.au/_next/image?url=https%3A%2F%2Fcdn.productimages.coles.com.au%2Fproductimages%2F4%2F4352112.jpg&w=640&q=90
Libra Period Proof Girl-teen Brief Black Size 12-14 | 1 Pack,$13.65,$13.65/ 1ea,N/A,https://www.coles.com.au/_next/image?url=https%3A%2F%2Fcdn.productimages.coles.com.au%2Fproductimages%2F6%2F6121609.jpg&w=640&q=90
Sunbeam Sultanas Snack | 6 Pack,$2.90,$12.08/ 1kg,N/A,https://www.coles.com.au/_next/image?url=https%3A%2F%2Fcdn.productimages.coles.com.au%2Fproductimages%2F1%2F145604.jpg&w=640&q=90
Sirena Italian Style Sald With Tuna | 170g,$3.30,$1.94/ 100g,N/A,https://www.coles.com.au/_next/image?url=https%3A%2F%2Fcdn.productimages.coles.com.au%2Fproductimages%2F3%2F3320176.jpg&w=640&q=90
Nestle Milo Original Snack Bars 10 Pack | 210g,$6.50,$3.10/ 100g,N/A,https://www.coles.com.au/_next/image?url=https%3A%2F%2Fcdn.productimages.coles.com.au%2Fproductimages%2F2%2F2795815.jpg&w=640&q=90
Farmers Union No Added Sugar Kids Yogurt Pouch Strawberry | 130g,$2.50,$1.92/ 100g,"{'Quantity': '5', 'Price': '8.50'}",https://www.coles.com.au/_next/image?url=https%3A%2F%2Fcdn.productimages.coles.com.au%2Fproductimages%2F6%2F6600689.jpg&w=640&q=90
Cadbury Mini Rolls Chocolate 5 Pack | 115g,$6.50,$5.65/ 100g,N/A,https://www.coles.com.au/_next/image?url=https%3A%2F%2Fcdn.productimages.coles.com.au%2Fproductimages%2F1%2F1967369.jpg&w=640&q=90
Table Of Plenty Snack Pack Topped Sweet Mini Rice Cakes Yoghurt ... 84g,$7.00,$8.33/ 100g,"{'Quantity': '2', 'Price': '10'}",https://www.coles.com.au/_next/image?url=https%3A%2F%2Fcdn.productimages.coles.com.au%2Fproductimages%2F8%2F8712526.jpg&w=640&q=90
Healtheries Potato Stix Fun Mix Variety Multipack Kids Lunchbox Sn ... 240g,$8.50,$3.54/ 100g,N/A,https://www.coles.com.au/_next/image?url=https%3A%2F%2Fcdn.productimages.coles.com.au%2Fproductimages%2F3%2F3861460.jpg&w=640&q=90
Coles A4 Writing Pad | 3 Pack,$7.00,N/A,N/A,https://www.coles.com.au/_next/image?url=https%3A%2F%2Fcdn.productimages.coles.com.au%2Fproductimages%2F3%2F3935013.jpg&w=640&q=90
Healtheries Potato Stix Roast Multipack Kids Lunchbox Snacks ... 120g,$5.00,$4.17/ 100g,"{'Quantity': '2', 'Price': '8'}",https://www.coles.com.au/_next/image?url=https%3A%2F%2Fcdn.productimages.coles.com.au%2Fproductimages%2F3%2F3861450.jpg&w=640&q=90
Golden Circle Fruit Drink Pineapple Burst 250ml | 6 Pack,$4.40,$2.93/ 1L,N/A,https://www.coles.com.au/_next/image?url=https%3A%2F%2Fcdn.productimages.coles.com.au%2Fproductimages%2F6%2F6823898.jpg&w=640&q=90
Coles Happy Gut Wholemeal | 700g,$3.60,$0.51/ 100g,N/A,https://www.coles.com.au/_next/image?url=https%3A%2F%2Fcdn.productimages.coles.com.au%2Fproductimages%2F4%2F4727962.jpg&w=640&q=90
Spirax 570 Notebook A5 200 Page | 1 Each,$6.00,N/A,N/A,https://www.coles.com.au/_next/image?url=https%3A%2F%2Fcdn.productimages.coles.com.au%2Fproductimages%2F6%2F6820583.jpg&w=640&q=90
Coles Apple & Blackcurrant Fruit Drink 250ml | 6 Pack,$3.15,$2.10/ 1L,N/A,https://www.coles.com.au/_next/image?url=https%3A%2F%2Fcdn.productimages.coles.com.au%2Fproductimages%2F2%2F2535563.jpg&w=640&q=90
Uncle Tobys Porridge Oats Original | 1kg,$6.50,$0.65/ 100g,"{'Quantity': '5', 'Price': '25'}",https://www.coles.com.au/_next/image?url=https%3A%2F%2Fcdn.productimages.coles.com.au%2Fproductimages%2F2%2F254971.jpg&w=640&q=90
Libra Teen Period Underwear Black Full Size 10-12 | 1 Each,$16.10,$16.10/ 1ea,N/A,https://www.coles.com.au/_next/image?url=https%3A%2F%2Fcdn.productimages.coles.com.au%2Fproductimages%2F9%2F9192997.jpg&w=640&q=90
Arnott's Favourites Multipack Variety 15 Pack | 375g,$6.00,$1.60/ 100g,N/A,https://www.coles.com.au/_next/image?url=https%3A%2F%2Fcdn.productimages.coles.com.au%2Fproductimages%2F3%2F3182695.jpg&w=640&q=90
Don Italian Style Shaved Salami | 160g,$3.90,$24.38/ 1kg,N/A,https://www.coles.com.au/_next/image?url=https%3A%2F%2Fcdn.productimages.coles.com.au%2Fproductimages%2F6%2F6284680.jpg&w=640&q=90
Coles Hb Pencils | 12 Pack,$4.00,N/A,N/A,https://www.coles.com.au/_next/image?url=https%3A%2F%2Fcdn.productimages.coles.com.au%2Fproductimages%2F3%2F3932172.jpg&w=640&q=90
Bostik Blu Tack | 1 Pack,$3.10,N/A,N/A,https://www.coles.com.au/_next/image?url=https%3A%2F%2Fcdn.productimages.coles.com.au%2Fproductimages%2F5%2F5412934.jpg&w=640&q=90
Sharpie Clear View Highlighter | 3 Pack,$6.00,N/A,N/A,https://www.coles.com.au/_next/image?url=https%3A%2F%2Fcdn.productimages.coles.com.au%2Fproductimages%2F8%2F8860217.jpg&w=640&q=90
Arnott's Shapes Original Pizza Multipack 8 Pack | 200g,$5.00,$2.50/ 100g,"{'Quantity': '2', 'Price': '8'}",https://www.coles.com.au/_next/image?url=https%3A%2F%2Fcdn.productimages.coles.com.au%2Fproductimages%2F2%2F2992226.jpg&w=640&q=90
John West Tuna Lemon Cracked Pepper | 95g,$1.45,$15.26/ 1kg,N/A,https://www.coles.com.au/_next/image?url=https%3A%2F%2Fcdn.productimages.coles.com.au%2Fproductimages%2F6%2F6041113.jpg&w=640&q=90
Yumi's Dip & Crackers Beetroot Hommus | 65g,$2.80,$4.31/ 100g,N/A,https://www.coles.com.au/_next/image?url=https%3A%2F%2Fcdn.productimages.coles.com.au%2Fproductimages%2F1%2F1055675.jpg&w=640&q=90
Sistema Klip It Plus Containers 1l | 3 Pack,$15.75,$5.25/ 1ea,N/A,https://www.coles.com.au/_next/image?url=https%3A%2F%2Fcdn.productimages.coles.com.au%2Fproductimages%2F3%2F3794181.jpg&w=640&q=90
Coles Kitchen Butter Chicken With Rice | 350g,$8.00,$2.29/ 100g,"{'Quantity': '2', 'Price': '15'}",https://www.coles.com.au/_next/image?url=https%3A%2F%2Fcdn.productimages.coles.com.au%2Fproductimages%2F7%2F7325091.jpg&w=640&q=90
Bic 4 Colour Pens | 3 Pack,$10.00,N/A,"{'Quantity': '5', 'Price': '25'}",https://www.coles.com.au/_next/image?url=https%3A%2F%2Fcdn.productimages.coles.com.au%2Fproductimages%2F1%2F1840095.jpg&w=640&q=90
Sistema Hydrate Active Bottle 800ml | 1 Pack,$14.00,$14.00/ 1ea,N/A,https://www.coles.com.au/_next/image?url=https%3A%2F%2Fcdn.productimages.coles.com.au%2Fproductimages%2F2%2F2817146.jpg&w=640&q=90
Coles Bakery Jam Lamingtons 6 Pack | 350g,$4.00,$1.14/ 100g,N/A,https://www.coles.com.au/_next/image?url=https%3A%2F%2Fcdn.productimages.coles.com.au%2Fproductimages%2F1%2F1898903.jpg&w=640&q=90
Kellogg's Froot Loops Breakfast Cereal | 460g,$7.00,$1.52/ 100g,N/A,https://www.coles.com.au/_next/image?url=https%3A%2F%2Fcdn.productimages.coles.com.au%2Fproductimages%2F5%2F5103248.jpg&w=640&q=90
Crayola Ultra Clean Fineline Markers | 10 Pack,$4.00,N/A,N/A,https://www.coles.com.au/_next/image?url=https%3A%2F%2Fcdn.productimages.coles.com.au%2Fproductimages%2F3%2F3947384.jpg&w=640&q=90
Coles Cheese Shredded Tasty | 700g,$9.50,$13.57/ 1kg,N/A,https://www.coles.com.au/_next/image?url=https%3A%2F%2Fcdn.productimages.coles.com.au%2Fproductimages%2F8%2F8145335.jpg&w=640&q=90
Pauls Kids Bluey Mango Yoghurt Pouch | 70g,$1.30,$1.86/ 100g,N/A,https://www.coles.com.au/_next/image?url=https%3A%2F%2Fcdn.productimages.coles.com.au%2Fproductimages%2F7%2F7657648.jpg&w=640&q=90
Coles Bom Liquid Breakfast Vanilla 6x250ml | 1.5L,$8.50,$5.67/ 1L,N/A,https://www.coles.com.au/_next/image?url=https%3A%2F%2Fcdn.productimages.coles.com.au%2Fproductimages%2F9%2F9192614.jpg&w=640&q=90
Ritz Original Crackers | 227g,$1.75,$0.77/ 100g,N/A,https://www.coles.com.au/_next/image?url=https%3A%2F%2Fcdn.productimages.coles.com.au%2Fproductimages%2F6%2F6164463.jpg&w=640&q=90
Coles Wholemeal & Grain Soft Wraps 8 Pack | 360g,$2.20,$0.61/ 100g,N/A,https://www.coles.com.au/_next/image?url=https%3A%2F%2Fcdn.productimages.coles.com.au%2Fproductimages%2F3%2F3731716.jpg&w=640&q=90
Chobani No Sugar Added Yogurt Pouch Vanilla | 100g,$2.00,$2.00/ 100g,"{'Quantity': '4', 'Price': '6'}",https://www.coles.com.au/_next/image?url=https%3A%2F%2Fcdn.productimages.coles.com.au%2Fproductimages%2F7%2F7650208.jpg&w=640&q=90
Pauls Kids Yoghurt Pouch Strawberry | 70g,$1.30,$1.86/ 100g,N/A,https://www.coles.com.au/_next/image?url=https%3A%2F%2Fcdn.productimages.coles.com.au%2Fproductimages%2F7%2F7657885.jpg&w=640&q=90
Faber-Castell Connector Pens | 20 Pack,$8.80,N/A,N/A,https://www.coles.com.au/_next/image?url=https%3A%2F%2Fcdn.productimages.coles.com.au%2Fproductimages%2F1%2F1839744.jpg&w=640&q=90
Faber-Castell Connector Pens | 10 Pack,$5.90,N/A,N/A,https://www.coles.com.au/_next/image?url=https%3A%2F%2Fcdn.productimages.coles.com.au%2Fproductimages%2F1%2F1839766.jpg&w=640&q=90
Marmite Spread Yeast Extract | 250g,$5.20,$2.08/ 100g,N/A,https://www.coles.com.au/_next/image?url=https%3A%2F%2Fcdn.productimages.coles.com.au%2Fproductimages%2F5%2F5090521.jpg&w=640&q=90
Vegemite Spread | 560g,$9.90,$1.77/ 100g,N/A,https://www.coles.com.au/_next/image?url=https%3A%2F%2Fcdn.productimages.coles.com.au%2Fproductimages%2F6%2F6027622.jpg&w=640&q=90
Sunrice Mini Bites Mixin Cheese 6 Pack | 120g,$5.00,$4.17/ 100g,N/A,https://www.coles.com.au/_next/image?url=https%3A%2F%2Fcdn.productimages.coles.com.au%2Fproductimages%2F6%2F6523238.jpg&w=640&q=90
Kellogg's Lcms Split Stix Yoghurty 5 Pack | 110g,$2.25,$2.05/ 100g,N/A,https://www.coles.com.au/_next/image?url=https%3A%2F%2Fcdn.productimages.coles.com.au%2Fproductimages%2F6%2F6696382.jpg&w=640&q=90
Kinder Choc Little Ones Share Pack 16 Pack | 200g,$7.50,$3.75/ 100g,N/A,https://www.coles.com.au/_next/image?url=https%3A%2F%2Fcdn.productimages.coles.com.au%2Fproductimages%2F2%2F2528761.jpg&w=640&q=90
Coles Bom Liquid Breakfast Chocolate 6x250ml | 1.5L,$8.50,$5.67/ 1L,N/A,https://www.coles.com.au/_next/image?url=https%3A%2F%2Fcdn.productimages.coles.com.au%2Fproductimages%2F9%2F9192319.jpg&w=640&q=90
Farmers Union No Added Sugar Protein Yoghurt Pouch Mango | 150g,$2.90,$1.93/ 100g,N/A,https://www.coles.com.au/_next/image?url=https%3A%2F%2Fcdn.productimages.coles.com.au%2Fproductimages%2F1%2F1155534.jpg&w=640&q=90
Bostik Blu Glu Stik 21g | 2 Pack,$6.10,N/A,N/A,https://www.coles.com.au/_next/image?url=https%3A%2F%2Fcdn.productimages.coles.com.au%2Fproductimages%2F2%2F2795270.jpg&w=640&q=90
Cancer Council Everyday Sunscreen Spf 50 | 1L,$35.00,$3.50/ 100mL,N/A,https://www.coles.com.au/_next/image?url=https%3A%2F%2Fcdn.productimages.coles.com.au%2Fproductimages%2F5%2F5258970.jpg&w=640&q=90
Bega Cheese Country Light Tasty 25% Less Fat 25% More Protein ... 500g,$9.50,$19.00/ 1kg,N/A,https://www.coles.com.au/_next/image?url=https%3A%2F%2Fcdn.productimages.coles.com.au%2Fproductimages%2F9%2F9184139.jpg&w=640&q=90
Arnott's Multipack Bluey Pizza Cracker | 168g,$5.00,$2.98/ 100g,"{'Quantity': '2', 'Price': '8'}",https://www.coles.com.au/_next/image?url=https%3A%2F%2Fcdn.productimages.coles.com.au%2Fproductimages%2F5%2F5288518.jpg&w=640&q=90
Carman's Porridge Sachets Super Berry & Coconut 8 Pack | 320g,$7.50,$2.34/ 100g,N/A,https://www.coles.com.au/_next/image?url=https%3A%2F%2Fcdn.productimages.coles.com.au%2Fproductimages%2F2%2F2390700.jpg&w=640&q=90
Oreo Original Grab & Go Cookies 9 Pack | 248g,$3.50,$1.41/ 100g,N/A,https://www.coles.com.au/_next/image?url=https%3A%2F%2Fcdn.productimages.coles.com.au%2Fproductimages%2F1%2F1843832.jpg&w=640&q=90
Obela Singles Tzatziki Classic 3x60g | 180g,$4.50,$2.50/ 100g,N/A,https://www.coles.com.au/_next/image?url=https%3A%2F%2Fcdn.productimages.coles.com.au%2Fproductimages%2F4%2F4938425.jpg&w=640&q=90
Just Juice 100% Juice Apple Blackcurrant 200ml | 6 Pack,$5.40,$4.50/ 1L,N/A,https://www.coles.com.au/_next/image?url=https%3A%2F%2Fcdn.productimages.coles.com.au%2Fproductimages%2F5%2F5001248.jpg&w=640&q=90
Kellogg's Lcms Rice Bubbles Kaleidos 5 Pack | 100g,$2.25,$2.25/ 100g,N/A,https://www.coles.com.au/_next/image?url=https%3A%2F%2Fcdn.productimages.coles.com.au%2Fproductimages%2F6%2F6615369.jpg&w=640&q=90
Yoplait Vanilla Yoghurt 6x160g | 960g,$7.00,$0.73/ 100g,N/A,https://www.coles.com.au/_next/image?url=https%3A%2F%2Fcdn.productimages.coles.com.au%2Fproductimages%2F3%2F3619534.jpg&w=640&q=90
ZAK Australia Pty Ltd Bluey Lunch Tote | 1 Each,$4.50,$4.50/ 1ea,N/A,https://www.coles.com.au/_next/image?url=https%3A%2F%2Fcdn.productimages.coles.com.au%2Fproductimages%2F1%2F1505024.jpg&w=640&q=90
Sanitarium Weet-bix Breakfast Cereal | 575g,$5.00,$0.87/ 100g,N/A,https://www.coles.com.au/_next/image?url=https%3A%2F%2Fcdn.productimages.coles.com.au%2Fproductimages%2F2%2F2001784.jpg&w=640&q=90
Farmers Union Greek Style Yoghurt Pouch Natural | 130g,$2.50,$1.92/ 100g,"{'Quantity': '5', 'Price': '8.50'}",https://www.coles.com.au/_next/image?url=https%3A%2F%2Fcdn.productimages.coles.com.au%2Fproductimages%2F3%2F3087071.jpg&w=640&q=90
Coles Kids Cheese Triangles | 140g,$2.80,$20.00/ 1kg,N/A,https://www.coles.com.au/_next/image?url=https%3A%2F%2Fcdn.productimages.coles.com.au%2Fproductimages%2F3%2F3418361.jpg&w=640&q=90
Bonds Womens Socks Quarter Logo Size 8+ | 3 Pack,$16.00,N/A,N/A,https://www.coles.com.au/_next/image?url=https%3A%2F%2Fcdn.productimages.coles.com.au%2Fproductimages%2F6%2F6847080.jpg&w=640&q=90
Don Double Smoked Leg Ham | 200g,$3.90,$19.50/ 1kg,N/A,https://www.coles.com.au/_next/image?url=https%3A%2F%2Fcdn.productimages.coles.com.au%2Fproductimages%2F6%2F6284545.jpg&w=640&q=90
Helga's White Wraps 8 Pack | 508g,$5.50,$1.08/ 100g,N/A,https://www.coles.com.au/_next/image?url=https%3A%2F%2Fcdn.productimages.coles.com.au%2Fproductimages%2F4%2F4461810.jpg&w=640&q=90
Kellogg's Nutri Grain Protein Breakfast Cereal Large Pack | 765g,$5.40,$0.71/ 100g,N/A,https://www.coles.com.au/_next/image?url=https%3A%2F%2Fcdn.productimages.coles.com.au%2Fproductimages%2F5%2F5103929.jpg&w=640&q=90
Uncle Tobys Muesli Bars Yoghurt Strawberry Lunchbox Snacks | 185g,$5.50,$2.97/ 100g,"{'Quantity': '2', 'Price': '9'}",https://www.coles.com.au/_next/image?url=https%3A%2F%2Fcdn.productimages.coles.com.au%2Fproductimages%2F4%2F4974983.jpg&w=640&q=90
Table Of Plenty Snack Pack Topped Sweet Mini Rice Cakes Dark Ch ... 84g,$7.00,$8.33/ 100g,"{'Quantity': '2', 'Price': '10'}",https://www.coles.com.au/_next/image?url=https%3A%2F%2Fcdn.productimages.coles.com.au%2Fproductimages%2F8%2F8712515.jpg&w=640&q=90
Coles Australian Salad Family Baby Leaf Blend | 300g,$5.00,$16.67/ 1kg,N/A,https://www.coles.com.au/_next/image?url=https%3A%2F%2Fcdn.productimages.coles.com.au%2Fproductimages%2F8%2F8647548.jpg&w=640&q=90
Stabilo Boss Highlighter Assorted Fluoro | 4 Pack,$9.40,N/A,N/A,https://www.coles.com.au/_next/image?url=https%3A%2F%2Fcdn.productimages.coles.com.au%2Fproductimages%2F6%2F6820517.jpg&w=640&q=90
Bega Peanut Butter Smooth | 755g,$7.40,$0.98/ 100g,N/A,https://www.coles.com.au/_next/image?url=https%3A%2F%2Fcdn.productimages.coles.com.au%2Fproductimages%2F7%2F7034011.jpg&w=640&q=90
Coles Bom Liquid Breakfast Banana 6x250ml | 1.5L,$8.50,$5.67/ 1L,N/A,https://www.coles.com.au/_next/image?url=https%3A%2F%2Fcdn.productimages.coles.com.au%2Fproductimages%2F9%2F9192669.jpg&w=640&q=90
Coles I'm Free From Branflakes With Raisins | 250g,$3.50,$1.40/ 100g,N/A,https://www.coles.com.au/_next/image?url=https%3A%2F%2Fcdn.productimages.coles.com.au%2Fproductimages%2F3%2F3573987.jpg&w=640&q=90
Primo Shortcut Rindless Bacon | 1kg,$14.50,$14.50/ 1kg,N/A,https://www.coles.com.au/_next/image?url=https%3A%2F%2Fcdn.productimages.coles.com.au%2Fproductimages%2F3%2F3055519.jpg&w=640&q=90
Kellogg's Corn Flakes Breakfast Cereal | 725g,$6.00,$0.83/ 100g,N/A,https://www.coles.com.au/_next/image?url=https%3A%2F%2Fcdn.productimages.coles.com.au%2Fproductimages%2F8%2F8496249.jpg&w=640&q=90
Cadbury Dairy Milk Chocolate Freddo Sharepack 12 Pack | 144g,$5.00,$3.47/ 100g,N/A,https://www.coles.com.au/_next/image?url=https%3A%2F%2Fcdn.productimages.coles.com.au%2Fproductimages%2F3%2F3768851.jpg&w=640&q=90
Arnott's Snackright Multipack Crispy Crackers Soy Chicken | 150g,$6.00,$4.00/ 100g,"{'Quantity': '2', 'Price': '8.60'}",https://www.coles.com.au/_next/image?url=https%3A%2F%2Fcdn.productimages.coles.com.au%2Fproductimages%2F7%2F7033460.jpg&w=640&q=90
Cancer Council Daily Moisturiser Sunscreen Spf 50+ | 150mL,$21.00,$14.00/ 100mL,N/A,https://www.coles.com.au/_next/image?url=https%3A%2F%2Fcdn.productimages.coles.com.au%2Fproductimages%2F3%2F3816310.jpg&w=640&q=90
Coles Kitchen Chipotle Cheese Guacamole & Corn Chips | 55g,$3.50,$6.36/ 100g,N/A,https://www.coles.com.au/_next/image?url=https%3A%2F%2Fcdn.productimages.coles.com.au%2Fproductimages%2F1%2F1040689.jpg&w=640&q=90
Arnott's Shapes Original Bbq Multipack 8 Pack | 200g,$5.00,$2.50/ 100g,"{'Quantity': '2', 'Price': '8'}",https://www.coles.com.au/_next/image?url=https%3A%2F%2Fcdn.productimages.coles.com.au%2Fproductimages%2F2%2F2992215.jpg&w=640&q=90
Kellogg's Just Right Breakfast Cereal With Whole Grains Apri ... 740g,$7.00,$0.95/ 100g,N/A,https://www.coles.com.au/_next/image?url=https%3A%2F%2Fcdn.productimages.coles.com.au%2Fproductimages%2F5%2F5103634.jpg&w=640&q=90
Cadbury Milk Chocolate Cake Bars | 105g,$6.50,$6.19/ 100g,N/A,https://www.coles.com.au/_next/image?url=https%3A%2F%2Fcdn.productimages.coles.com.au%2Fproductimages%2F2%2F2995982.jpg&w=640&q=90
The Breakout Hack Patch It Up Microdart Pimple Patches | 9 Pack,$18.00,$2.00/ 1ea,N/A,https://www.coles.com.au/_next/image?url=https%3A%2F%2Fcdn.productimages.coles.com.au%2Fproductimages%2F9%2F9024303.jpg&w=640&q=90
Uncle Tobys Le Snak Cheese Dip And Crackers Cheddar Kids Lun ... 132g,$5.50,$4.17/ 100g,"{'Quantity': '2', 'Price': '9'}",https://www.coles.com.au/_next/image?url=https%3A%2F%2Fcdn.productimages.coles.com.au%2Fproductimages%2F4%2F4952890.jpg&w=640&q=90
Smash Leakproof Fruity Mover 400ml | 1 Each,$4.20,$4.20/ 1ea,N/A,https://www.coles.com.au/_next/image?url=https%3A%2F%2Fcdn.productimages.coles.com.au%2Fproductimages%2F1%2F1074750.jpg&w=640&q=90
M&M'S Milk Chocolate Party Share Bag 11 Piece | 148g,$7.50,$5.07/ 100g,N/A,https://www.coles.com.au/_next/image?url=https%3A%2F%2Fcdn.productimages.coles.com.au%2Fproductimages%2F1%2F1261010.jpg&w=640&q=90
Cocobella Coconut Yoghurt Pouch Strawberry | 110g,$2.20,$2.00/ 100g,N/A,https://www.coles.com.au/_next/image?url=https%3A%2F%2Fcdn.productimages.coles.com.au%2Fproductimages%2F1%2F1157948.jpg&w=640&q=90
Arnott's Clix Crackers | 250g,$3.00,$1.20/ 100g,N/A,https://www.coles.com.au/_next/image?url=https%3A%2F%2Fcdn.productimages.coles.com.au%2Fproductimages%2F3%2F329833.jpg&w=640&q=90
Uncle Tobys Muesli Bars Chewy White Choc Chip Kids Lunchbox Sn ... 185g,$5.50,$2.97/ 100g,"{'Quantity': '2', 'Price': '9'}",https://www.coles.com.au/_next/image?url=https%3A%2F%2Fcdn.productimages.coles.com.au%2Fproductimages%2F4%2F4975217.jpg&w=640&q=90
Coles Correction Tape | 2 Pack,$4.50,N/A,N/A,https://www.coles.com.au/_next/image?url=https%3A%2F%2Fcdn.productimages.coles.com.au%2Fproductimages%2F3%2F3933062.jpg&w=640&q=90
Tamar Valley Kids Greek Yoghurt Pouch Raspberry | 110g,$2.50,$2.27/ 100g,"{'Quantity': '5', 'Price': '10'}",https://www.coles.com.au/_next/image?url=https%3A%2F%2Fcdn.productimages.coles.com.au%2Fproductimages%2F3%2F3245570.jpg&w=640&q=90
Chobani Fit High Protein Greek Yogurt Pouch Strawberry | 150g,$3.00,$2.00/ 100g,N/A,https://www.coles.com.au/_next/image?url=https%3A%2F%2Fcdn.productimages.coles.com.au%2Fproductimages%2F1%2F1154065.jpg&w=640&q=90
KitKat Milk Chocolate Value Share Pack 18 Pieces | 252g,$8.00,$3.17/ 100g,N/A,https://www.coles.com.au/_next/image?url=https%3A%2F%2Fcdn.productimages.coles.com.au%2Fproductimages%2F7%2F7018864.jpg&w=640&q=90
Farmers Union No Added Sugar Kids Yogurt Pouch Vanilla | 130g,$2.50,$1.92/ 100g,"{'Quantity': '5', 'Price': '8.50'}",https://www.coles.com.au/_next/image?url=https%3A%2F%2Fcdn.productimages.coles.com.au%2Fproductimages%2F6%2F6600678.jpg&w=640&q=90
Primo Cabanossi Barbeque Shapes & Tasty Cheese | 50g,$3.00,$6.00/ 100g,N/A,https://www.coles.com.au/_next/image?url=https%3A%2F%2Fcdn.productimages.coles.com.au%2Fproductimages%2F5%2F5420943.jpg&w=640&q=90
Coles Reduced Sugar Banana Bread Slices | 500g,$5.75,$1.15/ 100g,N/A,https://www.coles.com.au/_next/image?url=https%3A%2F%2Fcdn.productimages.coles.com.au%2Fproductimages%2F3%2F3910442.jpg&w=640&q=90
Obela Dip Hommus To Go Singles 3x60g | 180g,$3.80,$2.11/ 100g,N/A,https://www.coles.com.au/_next/image?url=https%3A%2F%2Fcdn.productimages.coles.com.au%2Fproductimages%2F3%2F3049039.jpg&w=640&q=90
Coles Soft Round Rolls | 6 pack,$3.00,$0.50/ 1ea,N/A,https://www.coles.com.au/_next/image?url=https%3A%2F%2Fcdn.productimages.coles.com.au%2Fproductimages%2F7%2F7210680.jpg&w=640&q=90
Scunci Snap Clips 10 Pack | 1 Pack,$4.50,$0.45/ 1ea,N/A,https://www.coles.com.au/_next/image?url=https%3A%2F%2Fcdn.productimages.coles.com.au%2Fproductimages%2F3%2F3588940.jpg&w=640&q=90
Carman's Porridge Sachets Honey Vanilla & Cinnamon 8 Pack | 320g,$7.50,$2.34/ 100g,N/A,https://www.coles.com.au/_next/image?url=https%3A%2F%2Fcdn.productimages.coles.com.au%2Fproductimages%2F2%2F2877090.jpg&w=640&q=90
Marbig Clear Platic Ruler 30cm | 1 Each,$2.15,N/A,N/A,https://www.coles.com.au/_next/image?url=https%3A%2F%2Fcdn.productimages.coles.com.au%2Fproductimages%2F8%2F8799579.jpg&w=640&q=90
Sirena Tuna in Oil Italian Style | 185g,$4.70,$25.41/ 1kg,N/A,https://www.coles.com.au/_next/image?url=https%3A%2F%2Fcdn.productimages.coles.com.au%2Fproductimages%2F2%2F244264.jpg&w=640&q=90
Scunci Ponytailers Comfy Natural 12 Pack | 1 Pack,$9.00,$0.75/ 1ea,N/A,https://www.coles.com.au/_next/image?url=https%3A%2F%2Fcdn.productimages.coles.com.au%2Fproductimages%2F3%2F3589309.jpg&w=640&q=90
Ziploc Resealable Sandwich Bags | 40 Pack,$4.40,$0.11/ 1ea,N/A,https://www.coles.com.au/_next/image?url=https%3A%2F%2Fcdn.productimages.coles.com.au%2Fproductimages%2F6%2F6062270.jpg&w=640&q=90
Farmers Union No Added Sugar Kids Yogurt Pouch Tropical | 130g,$2.50,$1.92/ 100g,"{'Quantity': '5', 'Price': '8.50'}",https://www.coles.com.au/_next/image?url=https%3A%2F%2Fcdn.productimages.coles.com.au%2Fproductimages%2F6%2F6601309.jpg&w=640&q=90
Farmers Union Greek Style No Added Sugar Protein Yoghurt V ... 150g,$2.10,$1.40/ 100g,N/A,https://www.coles.com.au/_next/image?url=https%3A%2F%2Fcdn.productimages.coles.com.au%2Fproductimages%2F1%2F1301910.jpg&w=640&q=90
John West Tuna Multipack Lemon Cracked Pepper 4x95g | 380g,$7.00,$18.42/ 1kg,N/A,https://www.coles.com.au/_next/image?url=https%3A%2F%2Fcdn.productimages.coles.com.au%2Fproductimages%2F8%2F8085255.jpg&w=640&q=90
French Fries Potato Chips Multipack Lunch Box School Snacks Gl ... 111g,$4.50,$4.05/ 100g,"{'Quantity': '2', 'Price': '7'}",https://www.coles.com.au/_next/image?url=https%3A%2F%2Fcdn.productimages.coles.com.au%2Fproductimages%2F6%2F6290570.jpg&w=640&q=90
Libra Period Proof Girl-teen Brief Black Size 14-16 | 1 Pack,$15.60,$15.60/ 1ea,N/A,https://www.coles.com.au/_next/image?url=https%3A%2F%2Fcdn.productimages.coles.com.au%2Fproductimages%2F6%2F6121642.jpg&w=640&q=90
Sunbeam Mixed Dried Fruit | 1kg,$12.50,$12.50/ 1kg,N/A,https://www.coles.com.au/_next/image?url=https%3A%2F%2Fcdn.productimages.coles.com.au%2Fproductimages%2F1%2F171477.jpg&w=640&q=90
Primo Danish Salami | 80g,$3.95,$49.38/ 1kg,"{'Quantity': '2', 'Price': '6.70'}",https://www.coles.com.au/_next/image?url=https%3A%2F%2Fcdn.productimages.coles.com.au%2Fproductimages%2F2%2F2807856.jpg&w=640&q=90
Spliits Crispbread Pumpkin | 130g,$2.00,$1.54/ 100g,N/A,https://www.coles.com.au/_next/image?url=https%3A%2F%2Fcdn.productimages.coles.com.au%2Fproductimages%2F5%2F5484480.jpg&w=640&q=90
Golden Crumpet Rounds Wholemeal | 300g,$4.80,$1.60/ 100g,"{'Quantity': '2', 'Price': '5.20'}",https://www.coles.com.au/_next/image?url=https%3A%2F%2Fcdn.productimages.coles.com.au%2Fproductimages%2F2%2F292223.jpg&w=640&q=90
Chickadees 6 Pack | 114g,$4.50,$3.95/ 100g,"{'Quantity': '2', 'Price': '7'}",https://www.coles.com.au/_next/image?url=https%3A%2F%2Fcdn.productimages.coles.com.au%2Fproductimages%2F4%2F4467238.jpg&w=640&q=90
Bonds Tween Period Brief Size 12-14 | 1 Pack,$14.25,$14.25/ 1ea,N/A,https://www.coles.com.au/_next/image?url=https%3A%2F%2Fcdn.productimages.coles.com.au%2Fproductimages%2F7%2F7711594.jpg&w=640&q=90
Sirena Tuna In Springwater | 95g,$2.95,$31.05/ 1kg,N/A,https://www.coles.com.au/_next/image?url=https%3A%2F%2Fcdn.productimages.coles.com.au%2Fproductimages%2F8%2F8890138.jpg&w=640&q=90
Coles Tuna Snacks With Crackers Sweetcorn And Mayo | 112g,$2.10,$1.88/ 100g,N/A,https://www.coles.com.au/_next/image?url=https%3A%2F%2Fcdn.productimages.coles.com.au%2Fproductimages%2F6%2F6609468.jpg&w=640&q=90
Coles Orange & Mango Fruit Drink 250ml | 6 Pack,$3.70,$2.47/ 1L,N/A,https://www.coles.com.au/_next/image?url=https%3A%2F%2Fcdn.productimages.coles.com.au%2Fproductimages%2F2%2F2535610.jpg&w=640&q=90
Latina Fresh Kids Dairy Mini Ravioli Pasta Cheese & Vegetable | 200g,$6.00,$3.00/ 100g,N/A,https://www.coles.com.au/_next/image?url=https%3A%2F%2Fcdn.productimages.coles.com.au%2Fproductimages%2F6%2F6393926.jpg&w=640&q=90
Coles High Fibre Wholemeal Bread | 700g,$3.50,$0.50/ 100g,N/A,https://www.coles.com.au/_next/image?url=https%3A%2F%2Fcdn.productimages.coles.com.au%2Fproductimages%2F4%2F4938276.jpg&w=640&q=90
Sirena Tuna Chilli Oil | 95g,$2.95,$31.05/ 1kg,N/A,https://www.coles.com.au/_next/image?url=https%3A%2F%2Fcdn.productimages.coles.com.au%2Fproductimages%2F7%2F7408359.jpg&w=640&q=90
JC's Quality Foods Delicious Energy Mix | 100g,$3.70,$37.00/ 1kg,N/A,https://www.coles.com.au/_next/image?url=https%3A%2F%2Fcdn.productimages.coles.com.au%2Fproductimages%2F7%2F7829051.jpg&w=640&q=90
Bega Cheese Stringers Lactose Free 8 Pack | 160g,$5.60,$35.00/ 1kg,N/A,https://www.coles.com.au/_next/image?url=https%3A%2F%2Fcdn.productimages.coles.com.au%2Fproductimages%2F5%2F5419300.jpg&w=640&q=90
Coles Vintage Cheese Block | 250g,$6.00,$24.00/ 1kg,N/A,https://www.coles.com.au/_next/image?url=https%3A%2F%2Fcdn.productimages.coles.com.au%2Fproductimages%2F6%2F6995102.jpg&w=640&q=90
Campbell's V8 Breakfast Juice Box 250ml | 3 Pack,$4.00,$5.33/ 1L,N/A,https://www.coles.com.au/_next/image?url=https%3A%2F%2Fcdn.productimages.coles.com.au%2Fproductimages%2F1%2F1165301.jpg&w=640&q=90
Bic 4 Colour 3+1 Mechanical Pencil | 1 Each,$7.50,N/A,"{'Quantity': '5', 'Price': '25'}",https://www.coles.com.au/_next/image?url=https%3A%2F%2Fcdn.productimages.coles.com.au%2Fproductimages%2F3%2F3936581.jpg&w=640&q=90
Coles Tasty Light Cheese Slices 24 Pack | 500g,$7.90,$15.80/ 1kg,N/A,https://www.coles.com.au/_next/image?url=https%3A%2F%2Fcdn.productimages.coles.com.au%2Fproductimages%2F5%2F5433027.jpg&w=640&q=90
Nivea Sun Spf 50+ Sunscreen Spray Ultra Sport | 300mL,$14.00,$4.67/ 100mL,N/A,https://www.coles.com.au/_next/image?url=https%3A%2F%2Fcdn.productimages.coles.com.au%2Fproductimages%2F3%2F3283568.jpg&w=640&q=90
Sara Lee Bluey Muffin Apple Cinnamon | 4 Pack,$3.80,$0.95/ 1ea,N/A,https://www.coles.com.au/_next/image?url=https%3A%2F%2Fcdn.productimages.coles.com.au%2Fproductimages%2F9%2F9073171.jpg&w=640&q=90
Coles Kitchen Asian Style Salad Bowl | 230g,$6.00,$26.09/ 1kg,N/A,https://www.coles.com.au/_next/image?url=https%3A%2F%2Fcdn.productimages.coles.com.au%2Fproductimages%2F2%2F2786585.jpg&w=640&q=90
Smash Gel Ice | 3 Pack,$3.75,$1.25/ 1ea,N/A,https://www.coles.com.au/_next/image?url=https%3A%2F%2Fcdn.productimages.coles.com.au%2Fproductimages%2F3%2F3797918.jpg&w=640&q=90
Nice & Natural Roasted Chocolate Apricot 6 Pack | 180g,$5.50,$3.06/ 100g,"{'Quantity': '2', 'Price': '7'}",https://www.coles.com.au/_next/image?url=https%3A%2F%2Fcdn.productimages.coles.com.au%2Fproductimages%2F2%2F2605931.jpg&w=640&q=90
Carman's Classic Muesli Bars 12 Pack | 540g,$11.50,$2.13/ 100g,N/A,https://www.coles.com.au/_next/image?url=https%3A%2F%2Fcdn.productimages.coles.com.au%2Fproductimages%2F8%2F8221524.jpg&w=640&q=90
Bega Spread Peanut Butter Crunchy | 470g,$6.90,$1.47/ 100g,"{'Quantity': '5', 'Price': '25'}",https://www.coles.com.au/_next/image?url=https%3A%2F%2Fcdn.productimages.coles.com.au%2Fproductimages%2F5%2F5390911.jpg&w=640&q=90
Coles High Fibre White Sandwich Bread | 700g,$3.50,$0.50/ 100g,N/A,https://www.coles.com.au/_next/image?url=https%3A%2F%2Fcdn.productimages.coles.com.au%2Fproductimages%2F4%2F4938243.jpg&w=640&q=90
Five Am Strawberry Yoghurt Pouch | 130g,$1.50,$1.15/ 100g,N/A,https://www.coles.com.au/_next/image?url=https%3A%2F%2Fcdn.productimages.coles.com.au%2Fproductimages%2F1%2F1468540.jpg&w=640&q=90
Bega Cheddar Cheese Block | 500g,$7.90,$15.80/ 1kg,N/A,https://www.coles.com.au/_next/image?url=https%3A%2F%2Fcdn.productimages.coles.com.au%2Fproductimages%2F1%2F130775.jpg&w=640&q=90
Coles Choc Chip Muffin Bars 10 Pack | 420g,$6.60,$1.57/ 100g,"{'Quantity': '2', 'Price': '12'}",https://www.coles.com.au/_next/image?url=https%3A%2F%2Fcdn.productimages.coles.com.au%2Fproductimages%2F3%2F3883758.jpg&w=640&q=90
Obela Dip Hommus To Go | 125g,$4.00,$3.20/ 100g,"{'Quantity': '2', 'Price': '6.50'}",https://www.coles.com.au/_next/image?url=https%3A%2F%2Fcdn.productimages.coles.com.au%2Fproductimages%2F2%2F2882895.jpg&w=640&q=90
Coles Apple Juice 250ml | 6 Pack,$3.30,$2.20/ 1L,N/A,https://www.coles.com.au/_next/image?url=https%3A%2F%2Fcdn.productimages.coles.com.au%2Fproductimages%2F2%2F2535654.jpg&w=640&q=90
Cadbury Dairy Milk Chocolate Freddo Strawberry Share ... 180g,$5.00,$2.78/ 100g,N/A,https://www.coles.com.au/_next/image?url=https%3A%2F%2Fcdn.productimages.coles.com.au%2Fproductimages%2F3%2F3615034.jpg&w=640&q=90
Bonne Maman Strawberry Jam | 370g,$6.90,$1.86/ 100g,"{'Quantity': '5', 'Price': '25'}",https://www.coles.com.au/_next/image?url=https%3A%2F%2Fcdn.productimages.coles.com.au%2Fproductimages%2F5%2F5935149.jpg&w=640&q=90
Coles Baby Cucumbers | 250g,$3.90,$15.60/ 1kg,"{'Quantity': '2', 'Price': '6'}",https://www.coles.com.au/_next/image?url=https%3A%2F%2Fcdn.productimages.coles.com.au%2Fproductimages%2F4%2F4578148.jpg&w=640&q=90
Elmers Clear School Glue | 147mL,$7.80,N/A,N/A,https://www.coles.com.au/_next/image?url=https%3A%2F%2Fcdn.productimages.coles.com.au%2Fproductimages%2F3%2F3087275.jpg&w=640&q=90
Marbig Colourhide Notebook 5 Subject A4 | 1 Each,$10.50,N/A,N/A,https://www.coles.com.au/_next/image?url=https%3A%2F%2Fcdn.productimages.coles.com.au%2Fproductimages%2F1%2F1838570.jpg&w=640&q=90
Nudus Air Dried Apple Chips | 20g,$3.50,$17.50/ 100g,N/A,https://www.coles.com.au/_next/image?url=https%3A%2F%2Fcdn.productimages.coles.com.au%2Fproductimages%2F8%2F8072435.jpg&w=640&q=90
Five Am Mango Yoghurt Pouch | 130g,$1.50,$1.15/ 100g,N/A,https://www.coles.com.au/_next/image?url=https%3A%2F%2Fcdn.productimages.coles.com.au%2Fproductimages%2F1%2F1468518.jpg&w=640&q=90
Don Deli Cuts Deli Leg Ham | 100g,$4.30,$43.00/ 1kg,N/A,https://www.coles.com.au/_next/image?url=https%3A%2F%2Fcdn.productimages.coles.com.au%2Fproductimages%2F8%2F8087352.jpg&w=640&q=90
SPC Aussie Made Diced Fruit Salad In Juice 120g | 4 Pack,$4.70,$9.79/ 1kg,N/A,https://www.coles.com.au/_next/image?url=https%3A%2F%2Fcdn.productimages.coles.com.au%2Fproductimages%2F2%2F2833798.jpg&w=640&q=90
Bega Tasty Cheese & Water Crackers | 38g,$3.00,$7.89/ 100g,"{'Quantity': '2', 'Price': '5'}",https://www.coles.com.au/_next/image?url=https%3A%2F%2Fcdn.productimages.coles.com.au%2Fproductimages%2F8%2F8969533.jpg&w=640&q=90
Five Am Vanilla Bean Yoghurt Pouch | 130g,$1.50,$1.15/ 100g,N/A,https://www.coles.com.au/_next/image?url=https%3A%2F%2Fcdn.productimages.coles.com.au%2Fproductimages%2F1%2F1468507.jpg&w=640&q=90
In A Biskit Chicken Drumstix Crackers Multipack 8 Pack | 168g,$3.50,$2.08/ 100g,N/A,https://www.coles.com.au/_next/image?url=https%3A%2F%2Fcdn.productimages.coles.com.au%2Fproductimages%2F5%2F5990125.jpg&w=640&q=90
Sistema To Go Snack 400ml | 1 Each,$6.60,$6.60/ 1ea,"{'Quantity': '5', 'Price': '25'}",https://www.coles.com.au/_next/image?url=https%3A%2F%2Fcdn.productimages.coles.com.au%2Fproductimages%2F2%2F2380944.jpg&w=640&q=90
Coles Soft Wholemeal Sandwich Loaf | 650g,$2.80,$0.43/ 100g,N/A,https://www.coles.com.au/_next/image?url=https%3A%2F%2Fcdn.productimages.coles.com.au%2Fproductimages%2F3%2F3378290.jpg&w=640&q=90
Artline 200 Fineline Black Pen | 1 Each,$3.80,N/A,N/A,https://www.coles.com.au/_next/image?url=https%3A%2F%2Fcdn.productimages.coles.com.au%2Fproductimages%2F3%2F3188090.jpg&w=640&q=90
Coles Bakery Lamington Fingers 18 Pack | 350g,$3.80,$1.09/ 100g,N/A,https://www.coles.com.au/_next/image?url=https%3A%2F%2Fcdn.productimages.coles.com.au%2Fproductimages%2F7%2F7545928.jpg&w=640&q=90
Uncle Tobys Roll-ups Apple Funprint | 94g,$5.50,$5.85/ 100g,"{'Quantity': '2', 'Price': '9'}",https://www.coles.com.au/_next/image?url=https%3A%2F%2Fcdn.productimages.coles.com.au%2Fproductimages%2F9%2F9073193.jpg&w=640&q=90
Coles Pistachio Spread | 330g,$12.00,$3.64/ 100g,N/A,https://www.coles.com.au/_next/image?url=https%3A%2F%2Fcdn.productimages.coles.com.au%2Fproductimages%2F1%2F1079298.jpg&w=640&q=90
Tip Top The One Bread White Sliced | 700g,$4.60,$0.66/ 100g,N/A,https://www.coles.com.au/_next/image?url=https%3A%2F%2Fcdn.productimages.coles.com.au%2Fproductimages%2F8%2F8956156.jpg&w=640&q=90
Kellogg's K-time Baked Apple Blueberry Twist 9 Pack | 315g,$7.20,$2.29/ 100g,N/A,https://www.coles.com.au/_next/image?url=https%3A%2F%2Fcdn.productimages.coles.com.au%2Fproductimages%2F4%2F4461774.jpg&w=640&q=90
Coles Bananas Mini Pack | 750g,$4.90,$6.53/ 1kg,N/A,https://www.coles.com.au/_next/image?url=https%3A%2F%2Fcdn.productimages.coles.com.au%2Fproductimages%2F2%2F2511791.jpg&w=640&q=90
Smash Hydro Chugger | 1 Each,$7.00,$7.00/ 1ea,N/A,https://www.coles.com.au/_next/image?url=https%3A%2F%2Fcdn.productimages.coles.com.au%2Fproductimages%2F3%2F3380531.jpg&w=640&q=90
Cobs Popcorn Sweet & Salty Gluten Free 5 Pack | 65g,$4.00,$6.15/ 100g,"{'Quantity': '2', 'Price': '7'}",https://www.coles.com.au/_next/image?url=https%3A%2F%2Fcdn.productimages.coles.com.au%2Fproductimages%2F3%2F3478400.jpg&w=640&q=90
Golden Circle Tetra Drink Tropical Punch 250ml | 6 Pack,$4.40,$2.93/ 1L,N/A,https://www.coles.com.au/_next/image?url=https%3A%2F%2Fcdn.productimages.coles.com.au%2Fproductimages%2F3%2F384354.jpg&w=640&q=90
The Laughing Cow Cheese 8 Portions Regular | 128g,$5.00,$39.06/ 1kg,N/A,https://www.coles.com.au/_next/image?url=https%3A%2F%2Fcdn.productimages.coles.com.au%2Fproductimages%2F7%2F7646109.jpg&w=640&q=90
Table Of Plenty Snack Pack Topped Sweet Mini Rice Cakes Caramel | 84g,$7.00,$8.33/ 100g,"{'Quantity': '2', 'Price': '10'}",https://www.coles.com.au/_next/image?url=https%3A%2F%2Fcdn.productimages.coles.com.au%2Fproductimages%2F8%2F8712537.jpg&w=640&q=90
Skittles Fruits Chewy Lollies Party Share Bag 12 Pieces | 180g,$7.50,$4.17/ 100g,N/A,https://www.coles.com.au/_next/image?url=https%3A%2F%2Fcdn.productimages.coles.com.au%2Fproductimages%2F2%2F2914018.jpg&w=640&q=90
USB 2.0 16gb Flash Drive | 3 Pack,$32.00,N/A,N/A,https://www.coles.com.au/_next/image?url=https%3A%2F%2Fcdn.productimages.coles.com.au%2Fproductimages%2F3%2F3085167.jpg&w=640&q=90
Pringles Minis Multi Pack Original 5 Pack | 95g,$4.00,$4.21/ 100g,"{'Quantity': '2', 'Price': '7'}",https://www.coles.com.au/_next/image?url=https%3A%2F%2Fcdn.productimages.coles.com.au%2Fproductimages%2F3%2F3433999.jpg&w=640&q=90
Tamar Valley Kids Greek Pouch Yoghurt Banana | 110g,$2.50,$2.27/ 100g,"{'Quantity': '5', 'Price': '10'}",https://www.coles.com.au/_next/image?url=https%3A%2F%2Fcdn.productimages.coles.com.au%2Fproductimages%2F3%2F3539526.jpg&w=640&q=90
U by Kotex Sport Tampons Regular | 16 Pack,$5.90,$0.37/ 1ea,"{'Quantity': '2', 'Price': '9.40'}",https://www.coles.com.au/_next/image?url=https%3A%2F%2Fcdn.productimages.coles.com.au%2Fproductimages%2F2%2F2916002.jpg&w=640&q=90
Spirax A4 Notebook 120 Page | 1 Each,$4.00,N/A,N/A,https://www.coles.com.au/_next/image?url=https%3A%2F%2Fcdn.productimages.coles.com.au%2Fproductimages%2F6%2F6820550.jpg&w=640&q=90
Golden Circle Tropical Fruit Drink 250ml | 24 Pack,$16.50,$2.75/ 1L,N/A,https://www.coles.com.au/_next/image?url=https%3A%2F%2Fcdn.productimages.coles.com.au%2Fproductimages%2F3%2F3961250.jpg&w=640&q=90
Bega Cheese Natural Slices Tasty | 500g,$9.50,$19.00/ 1kg,N/A,https://www.coles.com.au/_next/image?url=https%3A%2F%2Fcdn.productimages.coles.com.au%2Fproductimages%2F6%2F6704811.jpg&w=640&q=90
Mr Kipling Chocolate Slices 6 Pack | 155g,$3.60,$2.32/ 100g,N/A,https://www.coles.com.au/_next/image?url=https%3A%2F%2Fcdn.productimages.coles.com.au%2Fproductimages%2F4%2F4150672.jpg&w=640&q=90
Vege Chips Multi 12 Pack | 250g,$9.50,$3.80/ 100g,N/A,https://www.coles.com.au/_next/image?url=https%3A%2F%2Fcdn.productimages.coles.com.au%2Fproductimages%2F8%2F8313724.jpg&w=640&q=90
Honest Sea Seaweed Sea Salt Multipack 6x5g | 30g,$10.00,$33.33/ 100g,N/A,https://www.coles.com.au/_next/image?url=https%3A%2F%2Fcdn.productimages.coles.com.au%2Fproductimages%2F3%2F3890968.jpg&w=640&q=90
Latina Fresh Kids Dairy Mini Ravioli Pasta Beef & Vegetable | 200g,$6.00,$3.00/ 100g,N/A,https://www.coles.com.au/_next/image?url=https%3A%2F%2Fcdn.productimages.coles.com.au%2Fproductimages%2F6%2F6393915.jpg&w=640&q=90
Ceres Organics Seaweed Multipack Nori 8x2g | 16g,$6.00,$37.50/ 100g,N/A,https://www.coles.com.au/_next/image?url=https%3A%2F%2Fcdn.productimages.coles.com.au%2Fproductimages%2F4%2F4476975.jpg&w=640&q=90
Chobani Fit Flip Yogurt Caramel Choc Peanut | 142g,$3.00,$2.11/ 100g,N/A,https://www.coles.com.au/_next/image?url=https%3A%2F%2Fcdn.productimages.coles.com.au%2Fproductimages%2F1%2F1154611.jpg&w=640&q=90
Don Honey Leg Ham | 200g,$3.90,$19.50/ 1kg,N/A,https://www.coles.com.au/_next/image?url=https%3A%2F%2Fcdn.productimages.coles.com.au%2Fproductimages%2F6%2F6284603.jpg&w=640&q=90
Sistema Hydrate Tritan Quick Flip Bottle | 1 Pack,$13.25,$13.25/ 1ea,N/A,https://www.coles.com.au/_next/image?url=https%3A%2F%2Fcdn.productimages.coles.com.au%2Fproductimages%2F3%2F3223034.jpg&w=640&q=90
Smith's Crinkle Cut Chips Lunchbox Multipack 20 Pack | 380g,$8.90,$2.34/ 100g,"{'Quantity': '2', 'Price': '15'}",https://www.coles.com.au/_next/image?url=https%3A%2F%2Fcdn.productimages.coles.com.au%2Fproductimages%2F4%2F4826829.jpg&w=640&q=90
Coles Tasty Cheese & Crackers 4 Pack | 120g,$4.50,$3.75/ 100g,N/A,https://www.coles.com.au/_next/image?url=https%3A%2F%2Fcdn.productimages.coles.com.au%2Fproductimages%2F2%2F2989028.jpg&w=640&q=90
Bic 4 Colours Pen Shine | 3 Pack,$11.50,N/A,"{'Quantity': '5', 'Price': '25'}",https://www.coles.com.au/_next/image?url=https%3A%2F%2Fcdn.productimages.coles.com.au%2Fproductimages%2F2%2F2748509.jpg&w=640&q=90
Sistema To Go Bento | 1 Each,$16.30,$16.30/ 1ea,N/A,https://www.coles.com.au/_next/image?url=https%3A%2F%2Fcdn.productimages.coles.com.au%2Fproductimages%2F6%2F6841470.jpg&w=640&q=90
Cancer Council Spf 50+ Ultra Rollon Sunscreen | 75mL,$11.00,$14.67/ 100mL,N/A,https://www.coles.com.au/_next/image?url=https%3A%2F%2Fcdn.productimages.coles.com.au%2Fproductimages%2F5%2F5996290.jpg&w=640&q=90
Kellogg's Lcms Rice Bubbles Choc Chip 5 Pack | 100g,$2.25,$2.25/ 100g,N/A,https://www.coles.com.au/_next/image?url=https%3A%2F%2Fcdn.productimages.coles.com.au%2Fproductimages%2F6%2F6612021.jpg&w=640&q=90
Scunci No Slip Grip Jaw Clip Extra Large | 1 Pack,$6.00,$6.00/ 1ea,N/A,https://www.coles.com.au/_next/image?url=https%3A%2F%2Fcdn.productimages.coles.com.au%2Fproductimages%2F3%2F3589105.jpg&w=640&q=90
Golden Circle Tetra Drink Apple 250ml | 6 Pack,$4.40,$2.93/ 1L,N/A,https://www.coles.com.au/_next/image?url=https%3A%2F%2Fcdn.productimages.coles.com.au%2Fproductimages%2F2%2F212111.jpg&w=640&q=90
Coles Banana Muffins 9 Pack | 315g,$4.50,$1.43/ 100g,N/A,https://www.coles.com.au/_next/image?url=https%3A%2F%2Fcdn.productimages.coles.com.au%2Fproductimages%2F2%2F2728964.jpg&w=640&q=90
Coles Banana Muffin Bars 10 Pack | 420g,$6.60,$1.57/ 100g,"{'Quantity': '2', 'Price': '12'}",https://www.coles.com.au/_next/image?url=https%3A%2F%2Fcdn.productimages.coles.com.au%2Fproductimages%2F3%2F3883747.jpg&w=640&q=90
Chobani Fit High Protein Greek Yogurt Pouch Banana | 150g,$3.00,$2.00/ 100g,N/A,https://www.coles.com.au/_next/image?url=https%3A%2F%2Fcdn.productimages.coles.com.au%2Fproductimages%2F1%2F1158317.jpg&w=640&q=90
Coles Soft White Wraps 8 Pack | 360g,$2.20,$0.61/ 100g,N/A,https://www.coles.com.au/_next/image?url=https%3A%2F%2Fcdn.productimages.coles.com.au%2Fproductimages%2F3%2F3731705.jpg&w=640&q=90
Carman's Original Muesli Bars 12 Pack | 540g,$11.50,$2.13/ 100g,N/A,https://www.coles.com.au/_next/image?url=https%3A%2F%2Fcdn.productimages.coles.com.au%2Fproductimages%2F7%2F7623974.jpg&w=640&q=90
Coles Cheese Slices Tasty 24 Pack | 500g,$7.90,$15.80/ 1kg,N/A,https://www.coles.com.au/_next/image?url=https%3A%2F%2Fcdn.productimages.coles.com.au%2Fproductimages%2F5%2F5433050.jpg&w=640&q=90
Coles A5 Spiral Notebook 200 Pages | 1 Pack,$5.00,N/A,N/A,https://www.coles.com.au/_next/image?url=https%3A%2F%2Fcdn.productimages.coles.com.au%2Fproductimages%2F3%2F3934940.jpg&w=640&q=90
Coles I'm Free From Blueberry Muffins 2 Pack | 130g,$4.00,$3.08/ 100g,N/A,https://www.coles.com.au/_next/image?url=https%3A%2F%2Fcdn.productimages.coles.com.au%2Fproductimages%2F3%2F3245037.jpg&w=640&q=90
Coles Resealable Slider Bags | 25 Pack,$3.80,$0.15/ 1ea,N/A,https://www.coles.com.au/_next/image?url=https%3A%2F%2Fcdn.productimages.coles.com.au%2Fproductimages%2F3%2F3591956.jpg&w=640&q=90
Coles Assorted Paper Clips 28mm | 200 Pack,$4.80,N/A,N/A,https://www.coles.com.au/_next/image?url=https%3A%2F%2Fcdn.productimages.coles.com.au%2Fproductimages%2F3%2F3932944.jpg&w=640&q=90
Ritz Snackz Crackers Tasty Cheese | 100g,$2.00,$2.00/ 100g,N/A,https://www.coles.com.au/_next/image?url=https%3A%2F%2Fcdn.productimages.coles.com.au%2Fproductimages%2F1%2F1743215.jpg&w=640&q=90
Pilot Frixion Ball Black | 2 Pack,$7.40,N/A,N/A,https://www.coles.com.au/_next/image?url=https%3A%2F%2Fcdn.productimages.coles.com.au%2Fproductimages%2F4%2F4481465.jpg&w=640&q=90
Ben's Original Mexican Style Brown Rice Pouch | 250g,$4.00,$1.60/ 100g,"{'Quantity': '2', 'Price': '6'}",https://www.coles.com.au/_next/image?url=https%3A%2F%2Fcdn.productimages.coles.com.au%2Fproductimages%2F9%2F9946293.jpg&w=640&q=90
Uncle Tobys Muesli Bars Yoghurt Honeycomb Kids School Lunchbox ... 185g,$5.50,$2.97/ 100g,"{'Quantity': '2', 'Price': '9'}",https://www.coles.com.au/_next/image?url=https%3A%2F%2Fcdn.productimages.coles.com.au%2Fproductimages%2F4%2F4974950.jpg&w=640&q=90
Keep Keto Sweet Chilli Crackers | 75g,$10.00,$13.33/ 100g,"{'Quantity': '2', 'Price': '18'}",https://www.coles.com.au/_next/image?url=https%3A%2F%2Fcdn.productimages.coles.com.au%2Fproductimages%2F8%2F8074226.jpg&w=640&q=90
Coles Two Fruits In Strawberry Jelly 4 Pack | 500g,$2.20,$4.40/ 1kg,N/A,https://www.coles.com.au/_next/image?url=https%3A%2F%2Fcdn.productimages.coles.com.au%2Fproductimages%2F5%2F5457615.jpg&w=640&q=90
Golden Circle Tetra Drink Orange 250ml | 6 Pack,$4.40,$2.93/ 1L,N/A,https://www.coles.com.au/_next/image?url=https%3A%2F%2Fcdn.productimages.coles.com.au%2Fproductimages%2F3%2F384365.jpg&w=640&q=90
Bulla Goodness Greek Style Yoghurt 'n' Muesli Strawberry | 170g,$2.10,$1.24/ 100g,N/A,https://www.coles.com.au/_next/image?url=https%3A%2F%2Fcdn.productimages.coles.com.au%2Fproductimages%2F1%2F1309332.jpg&w=640&q=90
