Product Name,Price,Unit Price,Image
Queensland Yoghurt Passionfruit Yoghurt 300g,$4.00,$1.33/100g,"https://cdn.metcash.media/image/upload/f_auto,c_limit,w_300,q_auto/igashop/images/20000005481"
Scotch-Brite Heavy Duty Scourer 3x Longer 4 Pack,$5.20,$1.30 each,"https://cdn.metcash.media/image/upload/f_auto,c_limit,w_300,q_auto/igashop/images/74083"
Chupa Chups Mixed Minis Ice Cream Sticks 10 Pack,$10.20,$1.02 each,"https://cdn.metcash.media/image/upload/f_auto,c_limit,w_300,q_auto/igashop/images/919788"
Diet Coca-Cola Soft Drink Bottle 2L,$3.50,$1.75/1L,"https://cdn.metcash.media/image/upload/f_auto,c_limit,w_300,q_auto/igashop/images/9300675011006_1"
Half Rockmelon,$1.95,N/A,"https://cdn.metcash.media/image/upload/f_auto,c_limit,w_300,q_auto/igashop/images/80050098"
Thomas Cappo Seafoods Prawn Ring 200g,$12.95,$6.48/100g,https://www.igashop.com.au/static/default-product-image.png
Fanta Grape Zero Sugar Soft Drink Bottle 1.25L,$2.50,$2.00/1L,"https://cdn.metcash.media/image/upload/f_auto,c_limit,w_300,q_auto/igashop/images/180000003572"
Carman's Protein Bake Health Snacks Salted Caramel 175g,$7.90,$4.51/100g,"https://cdn.metcash.media/image/upload/f_auto,c_limit,w_300,q_auto/igashop/images/284293"
DON Honey Shaved Ham 400g,$9.50,$2.38/100g,"https://cdn.metcash.media/image/upload/f_auto,c_limit,w_300,q_auto/igashop/images/101576"
Gillette Labs Rapid Shave Gel 198mL,$14.00,$7.07/100mL,"https://cdn.metcash.media/image/upload/f_auto,c_limit,w_300,q_auto/igashop/images/254028"
Cadbury Caramilk Slices Caramel 167g,$8.00,$4.79/100g,"https://cdn.metcash.media/image/upload/f_auto,c_limit,w_300,q_auto/igashop/images/190000011727"
Schwarzkopf Extra Care Blonde Anti-Yellow Toning Purple Conditioner 250mL,$16.00,$6.40/100mL,"https://cdn.metcash.media/image/upload/f_auto,c_limit,w_300,q_auto/igashop/images/160000010172"
Bondi Dairy Super Berry Muesli 400g,$14.30,$3.58/100g,https://www.igashop.com.au/static/default-product-image.png
Ashgrove Rubicon Red Cheese 140g,$7.95,$5.68/100g,"https://cdn.metcash.media/image/upload/f_auto,c_limit,w_300,q_auto/igashop/images/1074"
Coca-Cola Classic Soft Drink Glass Bottle 330mL,$3.85,$1.17/100mL,"https://cdn.metcash.media/image/upload/f_auto,c_limit,w_300,q_auto/igashop/images/43139"
Kettle Honey Soy Chicken 175g,$3.30,$1.89/100g,"https://cdn.metcash.media/image/upload/f_auto,c_limit,w_300,q_auto/igashop/images/762623"
Bakers Collection Donut Cookies Chocolate 300g,$9.50,$3.17/100g,"https://cdn.metcash.media/image/upload/f_auto,c_limit,w_300,q_auto/igashop/images/20000003005"
Nestlé KitKat Chocolate Milk Chocolate Funpack Bag 154g,$3.75,$2.44/100g,https://www.igashop.com.au/static/default-product-image.png
Difflam Plus Sore Throat Lozenges + Anaesthetic Blackcurrant 16 Pack,$11.00,$0.69 each,"https://cdn.metcash.media/image/upload/f_auto,c_limit,w_300,q_auto/igashop/images/670915"
Go Natural Nut Delight 40g,$2.70,$6.75/100g,"https://cdn.metcash.media/image/upload/f_auto,c_limit,w_300,q_auto/igashop/images/860280"
Sunsilk Shampoo Coconut Hydration 350mL,$7.50,$2.14/100mL,https://www.igashop.com.au/static/default-product-image.png
Guerrero Homestyle Burritos 567g,$8.00,$1.41/100g,https://www.igashop.com.au/static/default-product-image.png
Goulburn Valley Two Fruits in Juice 700g,$5.00,$0.71/100g,"https://cdn.metcash.media/image/upload/f_auto,c_limit,w_300,q_auto/igashop/images/393424"
ZoOSh Creamy Prawn & Crab Dip 185g,$3.55,$1.92/100g,"https://cdn.metcash.media/image/upload/f_auto,c_limit,w_300,q_auto/igashop/images/190000001948"
Centrum Multivitamin And Minerals For Men 50+ 60 Pack,$22.50,$0.38 each,"https://cdn.metcash.media/image/upload/f_auto,c_limit,w_300,q_auto/igashop/images/50076"
Edgell Peas Corn & Carrots Corn & Carrots 420g,$2.50,$0.60/100g,"https://cdn.metcash.media/image/upload/f_auto,c_limit,w_300,q_auto/igashop/images/45398"
Bakers Collection Neenish Tarts 4 Pack,$7.65,$1.91 each,"https://cdn.metcash.media/image/upload/f_auto,c_limit,w_300,q_auto/igashop/images/20000000904"
Paws Fresh Mince Diced 600g,$6.00,$1.00/100g,"https://cdn.metcash.media/image/upload/f_auto,c_limit,w_300,q_auto/igashop/images/190000003964"
Masterfoods Herbs And Spices Oregano Leaves 10g,$3.50,$35.00/100g,"https://cdn.metcash.media/image/upload/f_auto,c_limit,w_300,q_auto/igashop/images/180000005701"
Oxfam Fair East Timor Organic Ground Coffee 250g,$17.85,$7.14/100g,"https://cdn.metcash.media/image/upload/f_auto,c_limit,w_300,q_auto/igashop/images/408172"
Darrell Lea Nougat Egg 150g,$11.20,$7.47/100g,"https://cdn.metcash.media/image/upload/f_auto,c_limit,w_300,q_auto/igashop/images/397591"
Half Red Cabbage,$4.50,N/A,"https://cdn.metcash.media/image/upload/f_auto,c_limit,w_300,q_auto/igashop/images/80050009"
J&Co Almonds Natural 400g,$12.50,$3.13/100g,"https://cdn.metcash.media/image/upload/f_auto,c_limit,w_300,q_auto/igashop/images/190000004933"
Oral-B Junior Paste Star Wars 92g,$3.50,$3.80/100g,"https://cdn.metcash.media/image/upload/f_auto,c_limit,w_300,q_auto/igashop/images/611982"
Cadbury Vanilla Marshmallow Bunny 35g,$1.00,$2.86/100g,"https://cdn.metcash.media/image/upload/f_auto,c_limit,w_300,q_auto/igashop/images/20000003495"
Swisspers 3 In 1 Cleanser Infused Pad Argan Oil 60 Pack,$6.75,$0.11 each,"https://cdn.metcash.media/image/upload/f_auto,c_limit,w_300,q_auto/igashop/images/366537"
My Life BioCreamy Original 150g,$5.20,$3.47/100g,"https://cdn.metcash.media/image/upload/f_auto,c_limit,w_300,q_auto/igashop/images/160000002347"
MasterFoods Hot & Spicy Cajun Seasoning 35g,$3.50,$10.00/100g,"https://cdn.metcash.media/image/upload/f_auto,c_limit,w_300,q_auto/igashop/images/170000002760"
Mars Chocolate Bar Fun Size 18g,$0.68,$3.78/100g,"https://cdn.metcash.media/image/upload/f_auto,c_limit,w_300,q_auto/igashop/images/638081"
Baker's Oven Garlic Bread Loaf 335g,$3.50,$1.04/100g,https://www.igashop.com.au/static/default-product-image.png
Arnott's Favourite Multipack 15 Pack,$6.00,$0.40 each,"https://cdn.metcash.media/image/upload/f_auto,c_limit,w_300,q_auto/igashop/images/368209"
Jila Sugar Free Spearmint Mints 34g,$2.30,$6.76/100g,"https://cdn.metcash.media/image/upload/f_auto,c_limit,w_300,q_auto/igashop/images/160000012536"
Maggi Cheese & Cauliflower Potato Bake 30g,$1.85,$6.17/100g,"https://cdn.metcash.media/image/upload/f_auto,c_limit,w_300,q_auto/igashop/images/834658"
Nestlé Bakers' Choice Dark Chocolate Melts 290g,$6.00,$2.07/100g,"https://cdn.metcash.media/image/upload/f_auto,c_limit,w_300,q_auto/igashop/images/629215"
Tommee Tippee 18-36M Cherry Latex Soother 2 Pack,$9.00,$4.50 each,"https://cdn.metcash.media/image/upload/f_auto,c_limit,w_300,q_auto/igashop/images/322038"
Schwarzkopf Extra Care Strong Styling Hairspray 250g,$11.00,$4.40/100g,"https://cdn.metcash.media/image/upload/f_auto,c_limit,w_300,q_auto/igashop/images/69101"
Maggi Fusian 2 Minute Instant Noodles Hot & Spicy 12 Pack,$9.00,$0.75 each,"https://cdn.metcash.media/image/upload/f_auto,c_limit,w_300,q_auto/igashop/images/160000012229"
Nutrient Water Endurance Dragon Fruit 575mL,$3.40,$0.59/100mL,"https://cdn.metcash.media/image/upload/f_auto,c_limit,w_300,q_auto/igashop/images/802185"
Golden Circle Refreshers Berry Burst 6 Pack,$5.80,$0.97 each,"https://cdn.metcash.media/image/upload/f_auto,c_limit,w_300,q_auto/igashop/images/190000010290"
Pine O Cleen Tropical Blossom Surface Wipes 120 Pack,$3.50,$0.03 each,"https://cdn.metcash.media/image/upload/f_auto,c_limit,w_300,q_auto/igashop/images/729146"
Bellamy's Organic Step 1 Infant Formula 0-6 Months 800g,$33.00,$4.13/100g,https://www.igashop.com.au/static/default-product-image.png
Safcol Responsibly Fished Tuna In Brine 185g,$2.40,$1.30/100g,"https://cdn.metcash.media/image/upload/f_auto,c_limit,w_300,q_auto/igashop/images/835484"
Wescott Recycled Scissors 7 inch,$4.30,N/A,"https://cdn.metcash.media/image/upload/f_auto,c_limit,w_300,q_auto/igashop/images/203603"
Pine O-Cleen Wipes Tropical Blossom Antibacterial 110 Pack,$12.00,$0.11 each,"https://cdn.metcash.media/image/upload/f_auto,c_limit,w_300,q_auto/igashop/images/246253"
Lindt Koala Milk 100g,$8.00,$8.00/100g,"https://cdn.metcash.media/image/upload/f_auto,c_limit,w_300,q_auto/igashop/images/190000009661"
Gillette Mach 3+ Razor,$13.00,N/A,"https://cdn.metcash.media/image/upload/f_auto,c_limit,w_300,q_auto/igashop/images/779028"
Ocean Blue Smoked Salmon 50g,$5.00,$10.00/100g,"https://cdn.metcash.media/image/upload/f_auto,c_limit,w_300,q_auto/igashop/images/160000002417"
Energizer Max Plus Advanced AAA 2 Pack,$9.80,$4.90 each,"https://cdn.metcash.media/image/upload/f_auto,c_limit,w_300,q_auto/igashop/images/717801"
Local Kitchen Mac & Cheese 250g,$6.10,$2.44/100g,https://www.igashop.com.au/static/default-product-image.png
Fantastic Beef Noodle Bowl 85g,$2.50,$2.94/100g,"https://cdn.metcash.media/image/upload/f_auto,c_limit,w_300,q_auto/igashop/images/92730"
My Muscle Chef Protein Ball White Chocolate & Strawberry 40g,$4.30,$10.75/100g,"https://cdn.metcash.media/image/upload/f_auto,c_limit,w_300,q_auto/igashop/images/574449"
Chupa Chup Incredible Chew Cola 45g,$1.50,$3.33/100g,"https://cdn.metcash.media/image/upload/f_auto,c_limit,w_300,q_auto/igashop/images/1600000011256"
Grannys Muffin Blueberry 6 Pack,$7.10,$1.18 each,https://www.igashop.com.au/static/default-product-image.png
Kan Tong Stir Fry Sauce Sweet Soy & Garlic 515g,$2.00,$0.39/100g,"https://cdn.metcash.media/image/upload/f_auto,c_limit,w_300,q_auto/igashop/images/390442"
Libra Body Fit Regular Tampons 32 Pack,$7.50,$0.23 each,"https://cdn.metcash.media/image/upload/f_auto,c_limit,w_300,q_auto/igashop/images/56205"
Banana Boat Daily Protect Sensitive Lotion SPF 50 200g,$11.00,$5.50/100g,"https://cdn.metcash.media/image/upload/f_auto,c_limit,w_300,q_auto/igashop/images/377567"
Praise Dressing Mini Thai 140mL,$2.25,$1.61/100mL,"https://cdn.metcash.media/image/upload/f_auto,c_limit,w_300,q_auto/igashop/images/682488"
Swisse Ultivite Men's Multivitamin 60 Pack,$3.00,$0.05 each,"https://cdn.metcash.media/image/upload/f_auto,c_limit,w_300,q_auto/igashop/images/880235"
Exelpet Cat/kitten Treatment Spot On Flea Control,$18.00,N/A,"https://cdn.metcash.media/image/upload/f_auto,c_limit,w_300,q_auto/igashop/images/65775"
L'OR Artiste Delicato Instant Coffee 95g,$12.50,$13.16/100g,"https://cdn.metcash.media/image/upload/f_auto,c_limit,w_300,q_auto/igashop/images/180000003096"
Balducci Maccheroni No. 32 500g,$1.75,$0.35/100g,"https://cdn.metcash.media/image/upload/f_auto,c_limit,w_300,q_auto/igashop/images/95136"
Sukin Botanical Body Wash Peach Perfect 1L,$17.95,$17.95/1L,"https://cdn.metcash.media/image/upload/f_auto,c_limit,w_300,q_auto/igashop/images/692470"
Bulla Frozen Strawberry Yoghurt 1L,$7.15,$7.15/1L,"https://cdn.metcash.media/image/upload/f_auto,c_limit,w_300,q_auto/igashop/images/637108"
Gatorade Orange Ice Sports Drink 1L,$5.30,$5.30/1L,"https://cdn.metcash.media/image/upload/f_auto,c_limit,w_300,q_auto/igashop/images/383102"
Pana Organic Vanilla Bean Tub 475mL,$11.99,$2.52/100mL,"https://cdn.metcash.media/image/upload/f_auto,c_limit,w_300,q_auto/igashop/images/190000001266"
Mae Ploy Yellow Curry Paste 400g,$4.49,$1.12/100g,"https://cdn.metcash.media/image/upload/f_auto,c_limit,w_300,q_auto/igashop/images/904319"
Pandaroo Salad Dressing Vietnamese 270mL,$3.70,$1.37/100mL,"https://cdn.metcash.media/image/upload/f_auto,c_limit,w_300,q_auto/igashop/images/132116"
Heinz Novelty Pasta Minions 300g,$2.00,$0.67/100g,https://www.igashop.com.au/static/default-product-image.png
Gippsland Dairy Yoghurt Mango Blood Orange 700g,$7.90,$1.13/100g,"https://cdn.metcash.media/image/upload/f_auto,c_limit,w_300,q_auto/igashop/images/160000018241"
Norco Fresh Full Cream Milk 1L,$2.75,$2.75/1L,"https://cdn.metcash.media/image/upload/f_auto,c_limit,w_300,q_auto/igashop/images/936803"
Darlac Tool Telescopic Ratchet Lopper,$68.94,N/A,"https://cdn.metcash.media/image/upload/f_auto,c_limit,w_300,q_auto/igashop/images/874629"
Primo Cocktail Franks 1kg,$8.00,$8.00/kg,"https://cdn.metcash.media/image/upload/f_auto,c_limit,w_300,q_auto/igashop/images/143549"
Astra Cloths Microfibre 3 Pack,$4.60,$1.53 each,"https://cdn.metcash.media/image/upload/f_auto,c_limit,w_300,q_auto/igashop/images/369894"
Cadbury Dream White Chocolate Bar 50g,$1.50,$3.00/100g,"https://cdn.metcash.media/image/upload/f_auto,c_limit,w_300,q_auto/igashop/images/71904"
Marion's Kitchen Vietnamese Tangy Dressing 240mL,$5.00,$2.08/100mL,"https://cdn.metcash.media/image/upload/f_auto,c_limit,w_300,q_auto/igashop/images/896029"
Pump Berry Storm Water Bottle 750mL,$2.75,$0.37/100mL,"https://cdn.metcash.media/image/upload/f_auto,c_limit,w_300,q_auto/igashop/images/20000005787_1"
Huggies Ultra Dry Nappy Pants Boy Size 6 (15kg+) 48 Pack,$33.50,$0.70 each,"https://cdn.metcash.media/image/upload/f_auto,c_limit,w_300,q_auto/igashop/images/170000002396"
Oral-B Floss Action Refill 5 Pack,$24.50,$4.90 each,https://www.igashop.com.au/static/default-product-image.png
Sara Lee Baked Cheesecake Strawberry 760g,$17.50,$2.30/100g,"https://cdn.metcash.media/image/upload/f_auto,c_limit,w_300,q_auto/igashop/images/1800000068370"
OMO Touch of Comfort 3in1 Laundry Capsules 28 Pack,$14.00,$0.50 each,"https://cdn.metcash.media/image/upload/f_auto,c_limit,w_300,q_auto/igashop/images/190892"
Armor All Essential Blends Citrus Pomegranate,$8.70,N/A,"https://cdn.metcash.media/image/upload/f_auto,c_limit,w_300,q_auto/igashop/images/490226"
"Golden Circle Berry Buzz Apple, Blackcurrant, Blueberry & Raspberry Pouch 120g",$1.50,$1.25/100g,"https://cdn.metcash.media/image/upload/f_auto,c_limit,w_300,q_auto/igashop/images/785333"
MasterFoods Oregano Leaves 5g,$3.50,$70.00/100g,"https://cdn.metcash.media/image/upload/f_auto,c_limit,w_300,q_auto/igashop/images/9070"
Simple Facial Wash Gel Refreshing 50mL,$4.00,$8.00/100mL,"https://cdn.metcash.media/image/upload/f_auto,c_limit,w_300,q_auto/igashop/images/15717"
So Soft Marshmallow Co Jumbos 300g,$5.00,$1.67/100g,"https://cdn.metcash.media/image/upload/f_auto,c_limit,w_300,q_auto/igashop/images/6914"
Tony's Chocolonely Milk Caramel Sea Salt 180g,$10.75,$5.97/100g,"https://cdn.metcash.media/image/upload/f_auto,c_limit,w_300,q_auto/igashop/images/180000001597"
Dine Classic Collection Chunks In Jelly Fish 24 Pack,$26.00,$1.08 each,"https://cdn.metcash.media/image/upload/f_auto,c_limit,w_300,q_auto/igashop/images/409982"
V Energy Drink Sugar Free Can 500mL,$4.25,$0.85/100mL,"https://cdn.metcash.media/image/upload/f_auto,c_limit,w_300,q_auto/igashop/images/180000000247"
antipodes Sparkling Water 500mL,$5.00,$1.00/100mL,"https://cdn.metcash.media/image/upload/f_auto,c_limit,w_300,q_auto/igashop/images/160000012026"
Tabasco Green Pepper Sauce 60mL,$5.50,$9.17/100mL,"https://cdn.metcash.media/image/upload/f_auto,c_limit,w_300,q_auto/igashop/images/160000003409"
Odyssey Hand Towel Coal,$5.50,N/A,"https://cdn.metcash.media/image/upload/f_auto,c_limit,w_300,q_auto/igashop/images/358940"
Simple Kind To Skin Rich Moisturiser Replenishing 125mL,$5.75,$4.60/100mL,"https://cdn.metcash.media/image/upload/f_auto,c_limit,w_300,q_auto/igashop/images/65974"
"Carman's Roasted Nut, Date & Cinnamon Crispy Deluxe Muesli 1.2kg",$22.35,$18.63/kg,"https://cdn.metcash.media/image/upload/f_auto,c_limit,w_300,q_auto/igashop/images/304726"
Purina Felix Sensations Pet Food Jelly Meaty Combipack 24 Pack,$21.00,$0.88 each,"https://cdn.metcash.media/image/upload/f_auto,c_limit,w_300,q_auto/igashop/images/189215"
Community Co Organic Rump Steak 300g,$13.00,$4.33/100g,https://www.igashop.com.au/static/default-product-image.png
Fibre One Chocolate Fudge Brownies 5 Pack,$5.50,$1.10 each,"https://cdn.metcash.media/image/upload/f_auto,c_limit,w_300,q_auto/igashop/images/160000014009"
Obento Japanese Panko Breadcrumbs 200g,$2.30,$1.15/100g,"https://cdn.metcash.media/image/upload/f_auto,c_limit,w_300,q_auto/igashop/images/305439"
Jack Hammer Poly Rope Diy,$4.90,N/A,"https://cdn.metcash.media/image/upload/f_auto,c_limit,w_300,q_auto/igashop/images/730485"
SPC Baked Beans Rich Tomato & VEGEMITE 425g,$2.50,$0.59/100g,"https://cdn.metcash.media/image/upload/f_auto,c_limit,w_300,q_auto/igashop/images/190000011697"
Munchme Cashew Sesame 120g,$5.50,$4.58/100g,"https://cdn.metcash.media/image/upload/f_auto,c_limit,w_300,q_auto/igashop/images/160000012479"
Decor Pumped Tritan Bottle Assorted,$11.50,N/A,"https://cdn.metcash.media/image/upload/f_auto,c_limit,w_300,q_auto/igashop/images/880604"
Nestlé Smarties Chocolate Icon Bunny 85g,$2.60,$3.06/100g,"https://cdn.metcash.media/image/upload/f_auto,c_limit,w_300,q_auto/igashop/images/777526"
Jack Hammer Tap Repair Kit 36 Pack,$8.85,$0.25 each,https://www.igashop.com.au/static/default-product-image.png
U By Kotex Feminine Pad Maxi Overnight Long 16 Pack,$7.00,$0.44 each,"https://cdn.metcash.media/image/upload/f_auto,c_limit,w_300,q_auto/igashop/images/1800000068939"
Lago Savoiardi Lady Fingers 400g,$6.95,$1.74/100g,"https://cdn.metcash.media/image/upload/f_auto,c_limit,w_300,q_auto/igashop/images/20000001681"
Black & Gold Juice Lime 250mL,$1.00,$0.40/100mL,"https://cdn.metcash.media/image/upload/f_auto,c_limit,w_300,q_auto/igashop/images/675779"
Mainland Light Tasty Cheddar Cheese with Water Crackers 50g,$2.80,$5.60/100g,"https://cdn.metcash.media/image/upload/f_auto,c_limit,w_300,q_auto/igashop/images/137069"
BabyLove Swim Pants Medium 10 Pack,$9.50,$0.95 each,"https://cdn.metcash.media/image/upload/f_auto,c_limit,w_300,q_auto/igashop/images/966222"
On The Menu Big Feast BBQ Meatballs With Spicy Rice Frozen Meal 500g,$5.55,$1.11/100g,"https://cdn.metcash.media/image/upload/f_auto,c_limit,w_300,q_auto/igashop/images/361317"
Just For Men Shampoo In Hair Colour Dark Brown 66mL,$14.00,$21.21/100mL,"https://cdn.metcash.media/image/upload/f_auto,c_limit,w_300,q_auto/igashop/images/338495"
Trident Sweet Chilli Sauce 285mL,$3.40,$1.19/100mL,"https://cdn.metcash.media/image/upload/f_auto,c_limit,w_300,q_auto/igashop/images/180000003846"
BabyLove Everyday Baby Wipes 80 Pack,$3.50,$0.04 each,"https://cdn.metcash.media/image/upload/f_auto,c_limit,w_300,q_auto/igashop/images/160000012794"
Pandaroo Baby Corn Spears 425g,$3.40,$0.80/100g,"https://cdn.metcash.media/image/upload/f_auto,c_limit,w_300,q_auto/igashop/images/20000005351"
L'Oréal Wrinkle Expert Retino-Peptides 45 Anti-Wrinkle Day Cream 50mL,$18.00,$36.00/100mL,"https://cdn.metcash.media/image/upload/f_auto,c_limit,w_300,q_auto/igashop/images/919495"
Ribena Syrup Blackcurrant 1L,$7.40,$7.40/1L,"https://cdn.metcash.media/image/upload/f_auto,c_limit,w_300,q_auto/igashop/images/20000003383"
Maybelline Fit Me Matte & Poreless Foundation - Natural Beige 30mL,$26.00,$86.67/100mL,"https://cdn.metcash.media/image/upload/f_auto,c_limit,w_300,q_auto/igashop/images/908046"
Cadbury Raspberry Slice Block 178g,$8.00,$4.49/100g,"https://cdn.metcash.media/image/upload/f_auto,c_limit,w_300,q_auto/igashop/images/631089"
Pine O Cleen Disinfectant Lavender 1.25L,$9.00,$7.20/1L,"https://cdn.metcash.media/image/upload/f_auto,c_limit,w_300,q_auto/igashop/images/464343"
Benefiber Natural Dietary Fibre 155g,$12.75,$8.23/100g,"https://cdn.metcash.media/image/upload/f_auto,c_limit,w_300,q_auto/igashop/images/971557"
Hans American Hot Dogs 2.5kg,$18.85,$7.54/kg,"https://cdn.metcash.media/image/upload/f_auto,c_limit,w_300,q_auto/igashop/images/156770"
Epsom Salts 1kg,$9.00,$9.00/kg,"https://cdn.metcash.media/image/upload/f_auto,c_limit,w_300,q_auto/igashop/images/361189"
Cadbury Hazelnut Balls 130g,$3.50,$2.69/100g,"https://cdn.metcash.media/image/upload/f_auto,c_limit,w_300,q_auto/igashop/images/369386"
Queen Icing Rainbow 625g,$8.75,$1.40/100g,"https://cdn.metcash.media/image/upload/f_auto,c_limit,w_300,q_auto/igashop/images/232513"
Sandhurst Polish Sauerkraut 500g,$4.30,$0.86/100g,"https://cdn.metcash.media/image/upload/f_auto,c_limit,w_300,q_auto/igashop/images/983981"
Dettol Citrus Fresh Bar Soap 3 Pack,$5.50,$1.83 each,"https://cdn.metcash.media/image/upload/f_auto,c_limit,w_300,q_auto/igashop/images/987354"
Your Bakery Cake Chocolate Bar 370g,$5.95,$1.61/100g,"https://cdn.metcash.media/image/upload/f_auto,c_limit,w_300,q_auto/igashop/images/614260"
"Golden Circle Strawberry Squeeze Apple, Strawberry & Pear Pouch 120g",$1.50,$1.25/100g,"https://cdn.metcash.media/image/upload/f_auto,c_limit,w_300,q_auto/igashop/images/785370"
Goodies & Grains Epsom Salts 1kg,$7.50,$7.50/kg,"https://cdn.metcash.media/image/upload/f_auto,c_limit,w_300,q_auto/igashop/images/190000004300"
Harpic Active Fresh Toilet Block Lavender 38g,$2.40,$6.32/100g,"https://cdn.metcash.media/image/upload/f_auto,c_limit,w_300,q_auto/igashop/images/481997"
Tony's Chocolonely Milk Hazelnut 180g,$10.75,$5.97/100g,"https://cdn.metcash.media/image/upload/f_auto,c_limit,w_300,q_auto/igashop/images/180000001598"
Imodium Advanced Anti Diarrhoea 6 Pack,$14.00,$2.33 each,"https://cdn.metcash.media/image/upload/f_auto,c_limit,w_300,q_auto/igashop/images/463088"
OGX Extra Strength Coconut Miracle Oil Conditioner 385mL,$25.00,$6.49/100mL,"https://cdn.metcash.media/image/upload/f_auto,c_limit,w_300,q_auto/igashop/images/16000001615"
Dim Sum & Co Siu Mei Chicken & Water Chestnut 270g,$9.99,$3.70/100g,"https://cdn.metcash.media/image/upload/f_auto,c_limit,w_300,q_auto/igashop/images/343047"
Perfect Italiano Mozzarella Grated Cheese 150g,$4.00,$2.67/100g,"https://cdn.metcash.media/image/upload/f_auto,c_limit,w_300,q_auto/igashop/images/938046"
Johnson's Baby Wipes Fragrance Free Refill 3 Pack,$18.35,$6.12 each,"https://cdn.metcash.media/image/upload/f_auto,c_limit,w_300,q_auto/igashop/images/413504"
Mainland Tasty Cheddar Cheese Slices 210g,$7.00,$3.33/100g,"https://cdn.metcash.media/image/upload/f_auto,c_limit,w_300,q_auto/igashop/images/166505"
OMO Touch of Comfort 3in1 Laundry Capsules 50 Pack,$27.00,$0.54 each,"https://cdn.metcash.media/image/upload/f_auto,c_limit,w_300,q_auto/igashop/images/169875"
Bega Peanut Butter Crunch No Added Sugar Or Salt 325g,$4.70,$1.45/100g,"https://cdn.metcash.media/image/upload/f_auto,c_limit,w_300,q_auto/igashop/images/380497"
Kiwi Quick Dry Cleaner 172g,$15.48,$9.00/100g,"https://cdn.metcash.media/image/upload/f_auto,c_limit,w_300,q_auto/igashop/images/794492"
Chux Dishwand Non Scratch Refill 6 Pack,$8.00,$1.33 each,"https://cdn.metcash.media/image/upload/f_auto,c_limit,w_300,q_auto/igashop/images/904843"
Signature Collection Ash Chevre Dairy Cheese 100g,$6.99,$6.99/100g,"https://cdn.metcash.media/image/upload/f_auto,c_limit,w_300,q_auto/igashop/images/190000004985"
Sirena Ready To Eat Meal Mexican Rice With Chicken 190g,$4.30,$2.26/100g,"https://cdn.metcash.media/image/upload/f_auto,c_limit,w_300,q_auto/igashop/images/471358"
Wicked Sister Vanilla Bean Creme Caramel 2 Pack,$4.40,$2.20 each,"https://cdn.metcash.media/image/upload/f_auto,c_limit,w_300,q_auto/igashop/images/213742"
Framar Green Peppercorns 100g,$1.85,$1.85/100g,https://www.igashop.com.au/static/default-product-image.png
Pandaroo Rice Stick Kongmoon 454g,$3.10,$0.68/100g,"https://cdn.metcash.media/image/upload/f_auto,c_limit,w_300,q_auto/igashop/images/376273"
Obela Grab & Go Roast Capsicum Hommus 125g,$4.00,$3.20/100g,"https://cdn.metcash.media/image/upload/f_auto,c_limit,w_300,q_auto/igashop/images/307114"
My Muscle Chef Protein Shake Strawberry 375mL,$5.95,$1.59/100mL,"https://cdn.metcash.media/image/upload/f_auto,c_limit,w_300,q_auto/igashop/images/691181"
Dine Fresh And Fine Gravy Chicken Turkey And Duck 300g,$6.30,$2.10/100g,"https://cdn.metcash.media/image/upload/f_auto,c_limit,w_300,q_auto/igashop/images/1800000068685"
L'Oréal Paris Excellence Crème 1 Black Hair Colour,$20.00,N/A,"https://cdn.metcash.media/image/upload/f_auto,c_limit,w_300,q_auto/igashop/images/190000000530"
Kinnerton Advent Calendar Elf On The Shelf 40g,$4.50,$11.25/100g,"https://cdn.metcash.media/image/upload/f_auto,c_limit,w_300,q_auto/igashop/images/584774"
Connoisseur Murray River Salted Caramel Macadamia 114mL,$6.00,$5.26/100mL,"https://cdn.metcash.media/image/upload/f_auto,c_limit,w_300,q_auto/igashop/images/20000004793"
Zoomies Dog Treat Sunday Roast 200g,$7.15,$3.58/100g,"https://cdn.metcash.media/image/upload/f_auto,c_limit,w_300,q_auto/igashop/images/180000005626"
Poppin Microwave Popcorn Butter Flavour 100g,$2.00,$2.00/100g,"https://cdn.metcash.media/image/upload/f_auto,c_limit,w_300,q_auto/igashop/images/435255"
Sorbent Clean & Fresh 80 Wipes 80 Pack,$6.95,$0.09 each,"https://cdn.metcash.media/image/upload/f_auto,c_limit,w_300,q_auto/igashop/images/306090"
Selleys RP7 Lubricant 300g,$8.00,$2.67/100g,"https://cdn.metcash.media/image/upload/f_auto,c_limit,w_300,q_auto/igashop/images/160000012668"
Cadbury Dairy Milk 100 Years Of Shared Moments Gift Box 580g,$25.50,$4.40/100g,"https://cdn.metcash.media/image/upload/f_auto,c_limit,w_300,q_auto/igashop/images/611518"
Beerenberg Dressings Parmesan Caesar 300mL,$6.85,$2.28/100mL,"https://cdn.metcash.media/image/upload/f_auto,c_limit,w_300,q_auto/igashop/images/956387"
Handy Andy 2 in 1 Cleaner & Disinfectant 750mL,$3.80,$0.51/100mL,"https://cdn.metcash.media/image/upload/f_auto,c_limit,w_300,q_auto/igashop/images/300450"
Schweppes Dry Ginger Ale Zero Sugar 4 Pack,$3.50,$0.88 each,"https://cdn.metcash.media/image/upload/f_auto,c_limit,w_300,q_auto/igashop/images/302509"
Extra Spearmint Chewing Gum Sugar Free 14g,$1.10,$7.86/100g,"https://cdn.metcash.media/image/upload/f_auto,c_limit,w_300,q_auto/igashop/images/131649"
ZoOSh Creamy Garlic Creamy Dreamy Dip 185g,$3.00,$1.62/100g,"https://cdn.metcash.media/image/upload/f_auto,c_limit,w_300,q_auto/igashop/images/178646"
Food Guru Measuring Spoon 5 Pack,$2.15,$0.43 each,"https://cdn.metcash.media/image/upload/f_auto,c_limit,w_300,q_auto/igashop/images/832172"
SKYN Elite Condoms 10 Pack,$16.00,$1.60 each,"https://cdn.metcash.media/image/upload/f_auto,c_limit,w_300,q_auto/igashop/images/160000003245"
Pandaroo Rice Paper Dipping Sauce 270mL,$3.30,$1.22/100mL,"https://cdn.metcash.media/image/upload/f_auto,c_limit,w_300,q_auto/igashop/images/190000003145"
Fresh Pet Food Co Pets Mince 2kg,$13.50,$6.75/kg,"https://cdn.metcash.media/image/upload/f_auto,c_limit,w_300,q_auto/igashop/images/180000003486"
Cadbury Eggs Humpty Dumpty Beanies Pre Pack Tower 150g,$6.00,$4.00/100g,"https://cdn.metcash.media/image/upload/f_auto,c_limit,w_300,q_auto/igashop/images/217885"
Black & Gold Fruit Cup Cordial With 20% Juice 1L,$2.40,$2.40/1L,"https://cdn.metcash.media/image/upload/f_auto,c_limit,w_300,q_auto/igashop/images/180000006379"
Eco Farm Organic Carrots 1kg,$8.95,$8.95/kg,https://www.igashop.com.au/static/default-product-image.png
Calbee Harvest Snaps Chilli 93g,$3.50,$3.76/100g,"https://cdn.metcash.media/image/upload/f_auto,c_limit,w_300,q_auto/igashop/images/891655"
Air Wick Odour Neutralising Air Spray Lavender & Lily Of The Valley 236mL,$4.80,$2.03/100mL,"https://cdn.metcash.media/image/upload/f_auto,c_limit,w_300,q_auto/igashop/images/170287"
Uncle Tobys Oats Quick Sachets Breakfast Cereal Protein Cinnamon Scroll 280g,$7.00,$2.50/100g,"https://cdn.metcash.media/image/upload/f_auto,c_limit,w_300,q_auto/igashop/images/1800000071466"
Gillette Venus Smooth Sensitive Women's Razor Blade Refills 4 Pack,$20.40,$5.10 each,"https://cdn.metcash.media/image/upload/f_auto,c_limit,w_300,q_auto/igashop/images/160000006053"
Durex Regular Condoms Original 10 Pack,$6.38,$0.64 each,"https://cdn.metcash.media/image/upload/f_auto,c_limit,w_300,q_auto/igashop/images/823432"
Lynx For Men Shower Gel Anarchy 400mL,$6.50,$1.63/100mL,"https://cdn.metcash.media/image/upload/f_auto,c_limit,w_300,q_auto/igashop/images/336304"
Bulla Murray Street Berry Rebelion Tart 4 Pack,$11.00,$2.75 each,"https://cdn.metcash.media/image/upload/f_auto,c_limit,w_300,q_auto/igashop/images/437053"
L'Or Espresso Onyx Capsules 30 Pack,$16.00,$0.53 each,"https://cdn.metcash.media/image/upload/f_auto,c_limit,w_300,q_auto/igashop/images/1800000067677"
"Fancy Feast Adult Tuna, Prawn, Mackerel & Crab Flavour Dry Cat Food 1.4kg",$14.00,$10.00/kg,"https://cdn.metcash.media/image/upload/f_auto,c_limit,w_300,q_auto/igashop/images/647807"
Truss Tomatoes 110g,Final cost based on weight,$0.72/$6.50,"https://cdn.metcash.media/image/upload/f_auto,c_limit,w_300,q_auto/igashop/images/80060070"
SPC Baked Beans In Rich Tomato 220g,$1.85,$0.84/100g,"https://cdn.metcash.media/image/upload/f_auto,c_limit,w_300,q_auto/igashop/images/93079"
4 Star Beef Mince 500g,$11.00,$2.20/100g,"https://cdn.metcash.media/image/upload/f_auto,c_limit,w_300,q_auto/igashop/images/920381"
Panadol Rapid Caplet 8 Pack,$3.25,$0.41 each,"https://cdn.metcash.media/image/upload/f_auto,c_limit,w_300,q_auto/igashop/images/700430"
Kirks Lemon Squash Bottle 1.25L,$1.95,$1.56/1L,"https://cdn.metcash.media/image/upload/f_auto,c_limit,w_300,q_auto/igashop/images/621602"
Bakers Collection Vol Au Vent Medium 4 Pack,$6.50,$1.63 each,"https://cdn.metcash.media/image/upload/f_auto,c_limit,w_300,q_auto/igashop/images/20000000913"
Baked Provisions Chicken & Vegetable Pie 420g,$8.50,$2.02/100g,"https://cdn.metcash.media/image/upload/f_auto,c_limit,w_300,q_auto/igashop/images/305078"
Safcol Responsibly Fished Tuna in Sweet Chilli Sauce 95g,$2.24,$2.36/100g,"https://cdn.metcash.media/image/upload/f_auto,c_limit,w_300,q_auto/igashop/images/190000003271"
Darrell Lea Milk Choclate 100 & 1000 Mint Egg 135g,$10.70,$7.93/100g,"https://cdn.metcash.media/image/upload/f_auto,c_limit,w_300,q_auto/igashop/images/368322"
Banana Boat Sunscreen Faces SPF 50 100mL,$15.30,$15.30/100mL,"https://cdn.metcash.media/image/upload/f_auto,c_limit,w_300,q_auto/igashop/images/407184"
Palmolive Naturals Hydrating Soap Free Body Wash Sea Minerals 500mL,$3.75,$0.75/100mL,"https://cdn.metcash.media/image/upload/f_auto,c_limit,w_300,q_auto/igashop/images/44062"
Maybelline Fit Me Natural Coverage Concealer - Sand 20,$14.00,N/A,"https://cdn.metcash.media/image/upload/f_auto,c_limit,w_300,q_auto/igashop/images/331773"
Kinder Figure Santa 45g,$4.60,$10.22/100g,"https://cdn.metcash.media/image/upload/f_auto,c_limit,w_300,q_auto/igashop/images/105245"
Dairy Farmers Classic Strawberry Flavoured Milk 500mL,$3.20,$0.64/100mL,"https://cdn.metcash.media/image/upload/f_auto,c_limit,w_300,q_auto/igashop/images/796224"
Peters Twin Pole Pineapple & Raspberry 8 Pack,$4.00,$0.50 each,"https://cdn.metcash.media/image/upload/f_auto,c_limit,w_300,q_auto/igashop/images/20000004131"
Pedigree Puppy With Chicken & Rice Dry Dog Food 2.5kg,$12.00,$4.80/kg,"https://cdn.metcash.media/image/upload/f_auto,c_limit,w_300,q_auto/igashop/images/443321"
Weet-Bix Blends Multi-Grain+ 575g,$5.00,$0.87/100g,"https://cdn.metcash.media/image/upload/f_auto,c_limit,w_300,q_auto/igashop/images/13728"
Black & Gold Sunflower Bird Seed 1.25kg,$6.00,$4.80/kg,"https://cdn.metcash.media/image/upload/f_auto,c_limit,w_300,q_auto/igashop/images/20000003213"
Clairol Nice'N Easy Permanent Hair Colour 9B Natural Light Beige Blonde,$11.00,N/A,"https://cdn.metcash.media/image/upload/f_auto,c_limit,w_300,q_auto/igashop/images/581412"
Guylian Chocolate Seashells 250g,$14.50,$5.80/100g,"https://cdn.metcash.media/image/upload/f_auto,c_limit,w_300,q_auto/igashop/images/695596"
Windex Shower Cleaner Refill 750mL,$5.05,$0.67/100mL,"https://cdn.metcash.media/image/upload/f_auto,c_limit,w_300,q_auto/igashop/images/416023"
Black & Gold Clothes Pegs Premuim 48 Pack,$6.50,$0.14 each,"https://cdn.metcash.media/image/upload/f_auto,c_limit,w_300,q_auto/igashop/images/491837"
Ayam Vietnamese Dipping Sauce 200mL,$3.60,$1.80/100mL,"https://cdn.metcash.media/image/upload/f_auto,c_limit,w_300,q_auto/igashop/images/160000012194"
Jarrah Coffee Salted Caramel 250g,$4.25,$1.70/100g,"https://cdn.metcash.media/image/upload/f_auto,c_limit,w_300,q_auto/igashop/images/356414"
Hellmann's Real Mayonnaise 800g,$11.00,$1.38/100g,"https://cdn.metcash.media/image/upload/f_auto,c_limit,w_300,q_auto/igashop/images/20000005245"
IXL Breakfast Marmalade 480g,$3.60,$0.75/100g,"https://cdn.metcash.media/image/upload/f_auto,c_limit,w_300,q_auto/igashop/images/705587"
Tom Piper Beef Braised Steak & Onions 400g,$4.00,$1.00/100g,"https://cdn.metcash.media/image/upload/f_auto,c_limit,w_300,q_auto/igashop/images/645648"
Old El Paso Jumbo Tortillas 6 Pack,$6.50,$1.08 each,"https://cdn.metcash.media/image/upload/f_auto,c_limit,w_300,q_auto/igashop/images/160000014004"
Cancer Council Sunscreen Sensitive SPF50+ 200mL,$18.00,$9.00/100mL,"https://cdn.metcash.media/image/upload/f_auto,c_limit,w_300,q_auto/igashop/images/924851"
Campbell's Condensed Soup Tomato 420g,$2.20,$0.52/100g,"https://cdn.metcash.media/image/upload/f_auto,c_limit,w_300,q_auto/igashop/images/15089"
MasterFoods Pizza Topper Herb Blend 18g,$3.50,$19.44/100g,"https://cdn.metcash.media/image/upload/f_auto,c_limit,w_300,q_auto/igashop/images/412346"
Maggi Lamb Ragout Recipe Base 37g,$1.70,$4.59/100g,"https://cdn.metcash.media/image/upload/f_auto,c_limit,w_300,q_auto/igashop/images/624825"
Bosisto's Tea Tree Oil 50mL,$16.30,$32.60/100mL,"https://cdn.metcash.media/image/upload/f_auto,c_limit,w_300,q_auto/igashop/images/22316"
Decor Tellfresh Storer Oblong,$2.75,N/A,"https://cdn.metcash.media/image/upload/f_auto,c_limit,w_300,q_auto/igashop/images/228488"
First Response Dip & Read Pregnancy Test,$9.45,N/A,"https://cdn.metcash.media/image/upload/f_auto,c_limit,w_300,q_auto/igashop/images/16221"
Sellotape Masking Tape 36mm X 50m,$5.80,N/A,"https://cdn.metcash.media/image/upload/f_auto,c_limit,w_300,q_auto/igashop/images/726761"
Queen Glucose Syrup 500g,$4.90,$0.98/100g,"https://cdn.metcash.media/image/upload/f_auto,c_limit,w_300,q_auto/igashop/images/48935"
Ajitas Vege Chips Sweet Potato Nibbles Honey Soy 75g,$5.90,$7.87/100g,https://www.igashop.com.au/static/default-product-image.png
Slape & Sons Traditional Country Style Thin 480g,$7.00,$1.46/100g,"https://cdn.metcash.media/image/upload/f_auto,c_limit,w_300,q_auto/igashop/images/181592"
Simply Tasty Noodles Beef & Black Bean 400g,$10.70,$2.68/100g,https://www.igashop.com.au/static/default-product-image.png
Dory Fillets Smooth 1kg,Final cost based on weight,$27.95/$27.95,"https://cdn.metcash.media/image/upload/f_auto,c_limit,w_300,q_auto/igashop/images/80072111"
Eveready Gold AAA Batteries 8 Pack,$11.30,$1.41 each,https://www.igashop.com.au/static/default-product-image.png
Flora Spread Original 250g,$2.80,$1.12/100g,"https://cdn.metcash.media/image/upload/f_auto,c_limit,w_300,q_auto/igashop/images/112501"
Garnier Fructis Hair Food Banana Shampoo 350mL,$13.00,$3.71/100mL,"https://cdn.metcash.media/image/upload/f_auto,c_limit,w_300,q_auto/igashop/images/526187"
Global Salmon Portions Twin 250g,$19.70,$7.88/100g,"https://cdn.metcash.media/image/upload/f_auto,c_limit,w_300,q_auto/igashop/images/110669"
Patties Party Quiche Spinach & Feta 550g,$9.50,$1.73/100g,https://www.igashop.com.au/static/default-product-image.png
Purina Friskies Adult Surfin' Turfin' Dry Cat Food 2.5kg,$13.90,$5.56/kg,"https://cdn.metcash.media/image/upload/f_auto,c_limit,w_300,q_auto/igashop/images/443960"
My Muscle Chef Protein Muffin Raspberry & White Chocolate 90g,$5.95,$6.61/100g,"https://cdn.metcash.media/image/upload/f_auto,c_limit,w_300,q_auto/igashop/images/400519"
Connoisseur Ice Cream Plant Based Hazelnut 1L,$9.00,$9.00/1L,"https://cdn.metcash.media/image/upload/f_auto,c_limit,w_300,q_auto/igashop/images/982841"
"Noah's Creative Juice Apple, Peach, Kiwi, Mango, Lime Juice Smoothie 260mL",$5.00,$1.92/100mL,"https://cdn.metcash.media/image/upload/f_auto,c_limit,w_300,q_auto/igashop/images/180000000758"
Jarrah Mint Hot Chocolate 10 Pack,$8.50,$0.85 each,"https://cdn.metcash.media/image/upload/f_auto,c_limit,w_300,q_auto/igashop/images/20000000321"
Primo Ham Double Smoked 100g,$3.00,$3.00/100g,"https://cdn.metcash.media/image/upload/f_auto,c_limit,w_300,q_auto/igashop/images/20000003373"
MasterFoods Smoked Paprika 35g,$3.50,$10.00/100g,"https://cdn.metcash.media/image/upload/f_auto,c_limit,w_300,q_auto/igashop/images/797513"
Nescafe Dolce Gusto Café au Lait Capsules 16 Pack,$12.00,$0.75 each,"https://cdn.metcash.media/image/upload/f_auto,c_limit,w_300,q_auto/igashop/images/366524"
Fussy Cat Grain Free Chicken Mince Casserole Wet Cat Food 400g,$2.20,$0.55/100g,"https://cdn.metcash.media/image/upload/f_auto,c_limit,w_300,q_auto/igashop/images/180000001101"
Kellogg's Crunchy Nut Cornflakes 380g,$7.00,$1.84/100g,"https://cdn.metcash.media/image/upload/f_auto,c_limit,w_300,q_auto/igashop/images/99305"
Woodside Saltbush Chevre 150g,$12.90,$8.60/100g,"https://cdn.metcash.media/image/upload/f_auto,c_limit,w_300,q_auto/igashop/images/447906"
Kiwi Express Shine Black Express Shine Sponge 7mL,$7.25,$103.57/100mL,"https://cdn.metcash.media/image/upload/f_auto,c_limit,w_300,q_auto/igashop/images/390052"
Golden Circle Raspberry Cordial 2L,$4.50,$2.25/1L,"https://cdn.metcash.media/image/upload/f_auto,c_limit,w_300,q_auto/igashop/images/7167"
Cobram Estate Olive Oil Extra Virgin 375mL,$11.00,$2.93/100mL,"https://cdn.metcash.media/image/upload/f_auto,c_limit,w_300,q_auto/igashop/images/180000000309"
Grill Society Tennessee Original Sauce 280g,$3.90,$1.39/100g,"https://cdn.metcash.media/image/upload/f_auto,c_limit,w_300,q_auto/igashop/images/282717"
Brite Dishwasher Powder 1kg,$3.90,$3.90/kg,"https://cdn.metcash.media/image/upload/f_auto,c_limit,w_300,q_auto/igashop/images/464416"
Black & Gold Clothes Pegs Wood 36 Pack,$3.10,$0.09 each,"https://cdn.metcash.media/image/upload/f_auto,c_limit,w_300,q_auto/igashop/images/242026"
Monster Energy Drink Super Dry Nitro Cans 500mL,$4.45,$8.90/1L,"https://cdn.metcash.media/image/upload/f_auto,c_limit,w_300,q_auto/igashop/images/141254"
Mentos Sugar Confectionery Feeling Berry Good Share Bag 150g,$3.50,$2.33/100g,"https://cdn.metcash.media/image/upload/f_auto,c_limit,w_300,q_auto/igashop/images/180000006234"
Sara Lee Sticky Date Pudding 475g,$6.30,$1.33/100g,"https://cdn.metcash.media/image/upload/f_auto,c_limit,w_300,q_auto/igashop/images/122640"
Temptations Cat Treat Creamy Dairy 85g,$5.50,$6.47/100g,"https://cdn.metcash.media/image/upload/f_auto,c_limit,w_300,q_auto/igashop/images/160000003439"
Sirena Tuna With Beans Edamame & Sesame Dressing 170g,$4.70,$2.76/100g,https://www.igashop.com.au/static/default-product-image.png
Nescafe Coffee Mixer Sachets Latte Hazelnut 10 Pack,$8.00,$0.80 each,"https://cdn.metcash.media/image/upload/f_auto,c_limit,w_300,q_auto/igashop/images/395976"
Mainland On The Go Special Reserve Cheese And Crackers 50g,$2.80,$5.60/100g,"https://cdn.metcash.media/image/upload/f_auto,c_limit,w_300,q_auto/igashop/images/136770"
Huggies Ultimate Nappies Size 5 (13-18kg) 52 Pack,$39.00,$0.75 each,"https://cdn.metcash.media/image/upload/f_auto,c_limit,w_300,q_auto/igashop/images/928266"
Praise Coleslaw Dressing 330mL,$3.60,$1.09/100mL,"https://cdn.metcash.media/image/upload/f_auto,c_limit,w_300,q_auto/igashop/images/365206"
Steggles Turkey Frozen Small (4-4.4 kg) 3.1kg,$33.15,$10.69/kg,"https://cdn.metcash.media/image/upload/f_auto,c_limit,w_300,q_auto/igashop/images/904571"
La Famiglia Bread Cheesy Garlic 460g,$8.00,$1.74/100g,"https://cdn.metcash.media/image/upload/f_auto,c_limit,w_300,q_auto/igashop/images/655562"
Arnott's Gaiety Wafer Biscuits 160g,$2.75,$1.72/100g,"https://cdn.metcash.media/image/upload/f_auto,c_limit,w_300,q_auto/igashop/images/60199"
Sheese Shredded Cheese Tasty Style Plant Based 200g,$7.65,$3.83/100g,"https://cdn.metcash.media/image/upload/f_auto,c_limit,w_300,q_auto/igashop/images/279756"
MasterFoods Thai Green Curry Recipe Base Stove Top Pouch 175g,$2.70,$1.54/100g,"https://cdn.metcash.media/image/upload/f_auto,c_limit,w_300,q_auto/igashop/images/343487"
Elastoplast Wound Healing Ointment 50g,$9.40,$18.80/100g,"https://cdn.metcash.media/image/upload/f_auto,c_limit,w_300,q_auto/igashop/images/626165"
Grin Bio Toothbrush Rose Pink,$5.00,N/A,"https://cdn.metcash.media/image/upload/f_auto,c_limit,w_300,q_auto/igashop/images/20000005239"
Nestlé Peters Pickle Rick Mint Maxibon 24 Pack,$4.50,$0.19 each,https://www.igashop.com.au/static/default-product-image.png
Listerine Mouthwash Green Tea 500mL,$8.00,$1.60/100mL,"https://cdn.metcash.media/image/upload/f_auto,c_limit,w_300,q_auto/igashop/images/552073"
Up & Go Liquid Breakfast Choc Ice 3 Pack,$7.00,$2.33 each,"https://cdn.metcash.media/image/upload/f_auto,c_limit,w_300,q_auto/igashop/images/83480"
Santa Vittoria Sparkling Mineral Water 6 Pack,$16.20,$2.70 each,"https://cdn.metcash.media/image/upload/f_auto,c_limit,w_300,q_auto/igashop/images/190000003030"
Community Co Stone Baked Long Turkish Bread 400g,$2.49,$0.62/100g,"https://cdn.metcash.media/image/upload/f_auto,c_limit,w_300,q_auto/igashop/images/577719"
My Dog Adult Wet Dog Food Chicken Supreme Select Toppings 6 Pack,$8.00,$1.33 each,"https://cdn.metcash.media/image/upload/f_auto,c_limit,w_300,q_auto/igashop/images/42390"
Arnott's Farmbake Cookies Chocolate Chip 310g,$5.00,$1.61/100g,"https://cdn.metcash.media/image/upload/f_auto,c_limit,w_300,q_auto/igashop/images/173133"
Golden North Giant Twins Ice Cream 5 Pack,$12.25,$2.45 each,"https://cdn.metcash.media/image/upload/f_auto,c_limit,w_300,q_auto/igashop/images/452668"
Cheesecake Shop Cheesecake Cup Passionfruit 140g,$4.50,$3.21/100g,"https://cdn.metcash.media/image/upload/f_auto,c_limit,w_300,q_auto/igashop/images/20000003234"
Organic Care Normal Balance Conditioner 400mL,$3.30,$0.83/100mL,"https://cdn.metcash.media/image/upload/f_auto,c_limit,w_300,q_auto/igashop/images/428143"
Nestlé Cini Mini Churros Cereal 360g,$6.50,$1.81/100g,"https://cdn.metcash.media/image/upload/f_auto,c_limit,w_300,q_auto/igashop/images/216622"
Annalisa 4 Beans Mix 400g,$1.90,$0.48/100g,"https://cdn.metcash.media/image/upload/f_auto,c_limit,w_300,q_auto/igashop/images/387981"
Ben's Original Brown Mexican Style Microwave Rice Pouch 250g,$4.70,$1.88/100g,"https://cdn.metcash.media/image/upload/f_auto,c_limit,w_300,q_auto/igashop/images/190000005246"
Alfa One Rice Bran Oil 3L,$21.00,$7.00/1L,"https://cdn.metcash.media/image/upload/f_auto,c_limit,w_300,q_auto/igashop/images/180000001745"
Wild One Organic Passionfruit Sparkling 345mL,$5.50,$15.94/1L,"https://cdn.metcash.media/image/upload/f_auto,c_limit,w_300,q_auto/igashop/images/95513"
Marion's Kitchen Coconut Sweet Chilli Sauce 360mL,$5.00,$1.39/100mL,"https://cdn.metcash.media/image/upload/f_auto,c_limit,w_300,q_auto/igashop/images/839734"
Kellogg's Crunchy Nut Clusters Cereal 450g,$7.00,$1.56/100g,"https://cdn.metcash.media/image/upload/f_auto,c_limit,w_300,q_auto/igashop/images/99321"
Streets Blue Ribbon Neapolitan Ice Cream 2L,$6.50,$3.25/1L,"https://cdn.metcash.media/image/upload/f_auto,c_limit,w_300,q_auto/igashop/images/790249"
SunRice Brown Rice Chips Farmhouse Cheddar 150g,$5.50,$3.67/100g,"https://cdn.metcash.media/image/upload/f_auto,c_limit,w_300,q_auto/igashop/images/160000004651"
Jarrahdale Grey Pumpkin Cut 1.2kg,Final cost based on weight,$4.74/$3.95,"https://cdn.metcash.media/image/upload/f_auto,c_limit,w_300,q_auto/igashop/images/80060063"
San Remo Spaghetti Regular Pasta No 5 750g,$3.60,$0.48/100g,"https://cdn.metcash.media/image/upload/f_auto,c_limit,w_300,q_auto/igashop/images/43927"
Steggles Chicken Breast Fingers Crumbed 400g,$6.00,$1.50/100g,"https://cdn.metcash.media/image/upload/f_auto,c_limit,w_300,q_auto/igashop/images/115177"
Musashi Pre Workout Lemon Lime 225g,$45.00,$20.00/100g,"https://cdn.metcash.media/image/upload/f_auto,c_limit,w_300,q_auto/igashop/images/160000000726"
Black & Gold Mineral Turpentine 1L,$7.20,$7.20/1L,"https://cdn.metcash.media/image/upload/f_auto,c_limit,w_300,q_auto/igashop/images/682682"
Global Seafoods Crumbed Whiting Fillets 600g,$12.25,$2.04/100g,"https://cdn.metcash.media/image/upload/f_auto,c_limit,w_300,q_auto/igashop/images/196343"
Weight Watchers Spinach Ricotta Ravioli with Napoli Sauce 320g,$6.65,$2.08/100g,"https://cdn.metcash.media/image/upload/f_auto,c_limit,w_300,q_auto/igashop/images/180000003264"
Glick's Poppy Seed & Onion Bagels 360g,$5.50,$1.53/100g,"https://cdn.metcash.media/image/upload/f_auto,c_limit,w_300,q_auto/igashop/images/20000003538"
Caffe Aurora Coffee Beans Italian Blend 1kg,$45.00,$45.00/kg,"https://cdn.metcash.media/image/upload/f_auto,c_limit,w_300,q_auto/igashop/images/21959"
YouJuice Go-Go Greens 1L,$5.80,$5.80/1L,"https://cdn.metcash.media/image/upload/f_auto,c_limit,w_300,q_auto/igashop/images/480289"
Atkins Endulge Dark Chocolate 150g,$13.95,$9.30/100g,https://www.igashop.com.au/static/default-product-image.png
Ecostore Body Wash Vanilla & Coconut 400mL,$8.50,$2.13/100mL,"https://cdn.metcash.media/image/upload/f_auto,c_limit,w_300,q_auto/igashop/images/20000005213"
Erawan Rice Stick Large 375g,$3.00,$0.80/100g,"https://cdn.metcash.media/image/upload/f_auto,c_limit,w_300,q_auto/igashop/images/372148"
McCain Quick Cook Chips Crinkle Cut 750g,$3.00,$0.40/100g,"https://cdn.metcash.media/image/upload/f_auto,c_limit,w_300,q_auto/igashop/images/311650"
Nice & Natural Roasted Nut Bar Milk Chocolate 6 Pack,$5.50,$0.92 each,"https://cdn.metcash.media/image/upload/f_auto,c_limit,w_300,q_auto/igashop/images/180000004612"
Magnum Ice Cream Double Caramel Ego 4 Pack,$6.00,$1.50 each,"https://cdn.metcash.media/image/upload/f_auto,c_limit,w_300,q_auto/igashop/images/20000000831"
Betty Crocker Cake Mix Vanilla Cake 450g,$3.00,$0.67/100g,https://www.igashop.com.au/static/default-product-image.png
Maxine's Burn Bar White Choc Raspberry 40g,$4.00,$10.00/100g,"https://cdn.metcash.media/image/upload/f_auto,c_limit,w_300,q_auto/igashop/images/160000014302"
Sirena Tuna La Vita Lite In Oil 95g,$2.95,$3.11/100g,"https://cdn.metcash.media/image/upload/f_auto,c_limit,w_300,q_auto/igashop/images/190000002953"
Sharwood's Paste Tikka Masala Medium 275g,$6.50,$2.36/100g,"https://cdn.metcash.media/image/upload/f_auto,c_limit,w_300,q_auto/igashop/images/483339"
Sunsilk Conditioner Defeat Damage 200mL,$5.50,$2.75/100mL,"https://cdn.metcash.media/image/upload/f_auto,c_limit,w_300,q_auto/igashop/images/46815"
NIVEA Visage Extra Gentle Eye Make Up Remover 125mL,$6.30,$5.04/100mL,"https://cdn.metcash.media/image/upload/f_auto,c_limit,w_300,q_auto/igashop/images/190000001735"
Yarrow Roll Plain Buffet 270g,$3.15,$1.17/100g,https://www.igashop.com.au/static/default-product-image.png
99th Monkey Pistachio & Almond Butter 200g,$9.50,$4.75/100g,"https://cdn.metcash.media/image/upload/f_auto,c_limit,w_300,q_auto/igashop/images/160000014347"
Nestlé Milo Plant Based 395g,$9.80,$2.48/100g,"https://cdn.metcash.media/image/upload/f_auto,c_limit,w_300,q_auto/igashop/images/834849"
Farmers Union Greek Style Yoghurt Pouch 130g,$2.50,$1.92/100g,"https://cdn.metcash.media/image/upload/f_auto,c_limit,w_300,q_auto/igashop/images/944186"
Calciyum Chocolate Flavoured Milk 250mL,$2.10,$0.84/100mL,"https://cdn.metcash.media/image/upload/f_auto,c_limit,w_300,q_auto/igashop/images/939681"
Pringles Minis Salted Chips Multipack 5 Pack,$3.50,$0.70 each,"https://cdn.metcash.media/image/upload/f_auto,c_limit,w_300,q_auto/igashop/images/324674"
Jalna Greek Yoghurt 1kg,$7.00,$7.00/kg,"https://cdn.metcash.media/image/upload/f_auto,c_limit,w_300,q_auto/igashop/images/107679"
Vitasoy Soy Milk Calci-plus 1L,$3.00,$3.00/1L,"https://cdn.metcash.media/image/upload/f_auto,c_limit,w_300,q_auto/igashop/images/400739"
Boston Bay Mussel Hot Pot White Wine And Garlic 600g,$12.25,$2.04/100g,https://www.igashop.com.au/static/default-product-image.png
Mainland On the Go Tasty Cheddar Cheese & Crackers 4 Pack,$6.00,$1.50 each,"https://cdn.metcash.media/image/upload/f_auto,c_limit,w_300,q_auto/igashop/images/408216"
Big Lolly Lemon Sherbets 120g,$2.50,$2.08/100g,"https://cdn.metcash.media/image/upload/f_auto,c_limit,w_300,q_auto/igashop/images/20000004761"
Kellogg's Just Right Original 460g,$3.50,$0.76/100g,"https://cdn.metcash.media/image/upload/f_auto,c_limit,w_300,q_auto/igashop/images/99363"
Black & Gold Lemonade 1.25L,$1.15,$0.92/1L,"https://cdn.metcash.media/image/upload/f_auto,c_limit,w_300,q_auto/igashop/images/26593"
Supercoat Smartblend Senior Dog Food With Fish 2.6kg,$9.00,$3.46/kg,"https://cdn.metcash.media/image/upload/f_auto,c_limit,w_300,q_auto/igashop/images/662967"
Darrell Lea Raspberry Foiled Solid Eggs 110g,$7.50,$6.82/100g,"https://cdn.metcash.media/image/upload/f_auto,c_limit,w_300,q_auto/igashop/images/363665"
John West Sardines in Springwater 110g,$3.50,$3.18/100g,"https://cdn.metcash.media/image/upload/f_auto,c_limit,w_300,q_auto/igashop/images/405616"
Just Juice Paradise Punch 6 Pack,$5.00,$0.83 each,"https://cdn.metcash.media/image/upload/f_auto,c_limit,w_300,q_auto/igashop/images/346600"
Sour Patch Kids Lollies 190g,$5.00,$2.63/100g,"https://cdn.metcash.media/image/upload/f_auto,c_limit,w_300,q_auto/igashop/images/693049"
U By Kotex Overnight Briefs Boyleg Small - Medium 4 Pack,$5.50,$1.38 each,"https://cdn.metcash.media/image/upload/f_auto,c_limit,w_300,q_auto/igashop/images/891590"
Barilla Spaghetti Pasta No 5 500g,$3.00,$0.60/100g,"https://cdn.metcash.media/image/upload/f_auto,c_limit,w_300,q_auto/igashop/images/76996"
Delsey Toilet Tissue 1000 Sheets,$1.80,N/A,"https://cdn.metcash.media/image/upload/f_auto,c_limit,w_300,q_auto/igashop/images/49826"
Passage To India Simmer Sauce Butter Chicken 375g,$6.30,$1.68/100g,"https://cdn.metcash.media/image/upload/f_auto,c_limit,w_300,q_auto/igashop/images/300167"
Schwarzkopf Got2B Matt Paste Beach Matt 100mL,$11.50,$11.50/100mL,"https://cdn.metcash.media/image/upload/f_auto,c_limit,w_300,q_auto/igashop/images/160000010267"
Meredith Natural Sheep Milk Yoghurt Blue 1kg,$13.95,$13.95/kg,"https://cdn.metcash.media/image/upload/f_auto,c_limit,w_300,q_auto/igashop/images/20000006261"
Spice & Co Ground Ginger 60g,$3.75,$6.25/100g,"https://cdn.metcash.media/image/upload/f_auto,c_limit,w_300,q_auto/igashop/images/190000002402"
Brownes Mini Yoghurt Pouch Strawberry 120g,$2.30,$1.92/100g,"https://cdn.metcash.media/image/upload/f_auto,c_limit,w_300,q_auto/igashop/images/676393"
Heinz Smooth Simply Custard With Banana 120g,$1.50,$1.25/100g,"https://cdn.metcash.media/image/upload/f_auto,c_limit,w_300,q_auto/igashop/images/92751"
Continental Pasta & Sauce Alfredo 145g,$2.75,$1.90/100g,"https://cdn.metcash.media/image/upload/f_auto,c_limit,w_300,q_auto/igashop/images/1800000067484"
Dandy Devon 250g,$3.30,$1.32/100g,"https://cdn.metcash.media/image/upload/f_auto,c_limit,w_300,q_auto/igashop/images/196089"
Jalna Biodynamic Organic Whole Milk Yoghurt 500g,$4.50,$0.90/100g,"https://cdn.metcash.media/image/upload/f_auto,c_limit,w_300,q_auto/igashop/images/171021"
Latina Fresh Egg Fettuccine 375g,$6.00,$1.60/100g,"https://cdn.metcash.media/image/upload/f_auto,c_limit,w_300,q_auto/igashop/images/142006"
Latina Fresh Gluten Free Beef Ravioli 280g,$8.75,$3.12/100g,"https://cdn.metcash.media/image/upload/f_auto,c_limit,w_300,q_auto/igashop/images/320065"
L'Or Espresso Supremo Capsules 30 Pack,$16.00,$0.53 each,"https://cdn.metcash.media/image/upload/f_auto,c_limit,w_300,q_auto/igashop/images/1800000067671"
Schwarzkopf Live Colour Permanent Silver Storm,$15.00,N/A,"https://cdn.metcash.media/image/upload/f_auto,c_limit,w_300,q_auto/igashop/images/987736"
White Wings Unbelievably Good Cake Mix Chocolate Chip Cookies 320g,$5.90,$1.84/100g,"https://cdn.metcash.media/image/upload/f_auto,c_limit,w_300,q_auto/igashop/images/180000005553"
Maryland Cookies White Chocolate Chunkies 144g,$3.10,$2.15/100g,"https://cdn.metcash.media/image/upload/f_auto,c_limit,w_300,q_auto/igashop/images/622682"
Fussy Cat Luxe Dry Cat Food Salmon Kibble With Freeze Dried Lamb 750g,$14.00,$1.87/100g,https://www.igashop.com.au/static/default-product-image.png
Finish Dishwashing Rinse Aid Liquid Regular 250mL,$4.80,$1.92/100mL,"https://cdn.metcash.media/image/upload/f_auto,c_limit,w_300,q_auto/igashop/images/66682"
Air Wick Essential Oils Freshmatic Air Freshener Vanilla And Cashmere Prime 174g,$15.00,$8.62/100g,"https://cdn.metcash.media/image/upload/f_auto,c_limit,w_300,q_auto/igashop/images/198544"
Sunbeam Natural Almonds Value Pack 450g,$15.30,$3.40/100g,"https://cdn.metcash.media/image/upload/f_auto,c_limit,w_300,q_auto/igashop/images/302041"
Doritos Hot Salsa 300g,$2.75,$0.92/100g,"https://cdn.metcash.media/image/upload/f_auto,c_limit,w_300,q_auto/igashop/images/170000003645"
Your Bakery Brownie Slice 6 Pack,$7.45,$1.24 each,"https://cdn.metcash.media/image/upload/f_auto,c_limit,w_300,q_auto/igashop/images/604786"
Sensodyne Toothpaste Cool Mint Complete Care 100g,$12.30,$12.30/100g,"https://cdn.metcash.media/image/upload/f_auto,c_limit,w_300,q_auto/igashop/images/550102"
Johnson's Baby Oil 200mL,$6.50,$3.25/100mL,"https://cdn.metcash.media/image/upload/f_auto,c_limit,w_300,q_auto/igashop/images/59669"
My Muscle Chef Protein Cookie Triple Choc 92g,$5.95,$6.47/100g,"https://cdn.metcash.media/image/upload/f_auto,c_limit,w_300,q_auto/igashop/images/190000001577"
Chris' Traditional Greek Yoghurt 1kg,$7.80,$7.80/kg,"https://cdn.metcash.media/image/upload/f_auto,c_limit,w_300,q_auto/igashop/images/888204_2"
Bulla Rainbow Ice Cream Cake 1.5L,$16.00,$10.67/1L,"https://cdn.metcash.media/image/upload/f_auto,c_limit,w_300,q_auto/igashop/images/630643"
On The Menu Chicken Kiev 320g,$6.75,$2.11/100g,"https://cdn.metcash.media/image/upload/f_auto,c_limit,w_300,q_auto/igashop/images/323288"
Wattle Valley Parmigiano Reggiano Cheese 250g,$18.50,$7.40/100g,"https://cdn.metcash.media/image/upload/f_auto,c_limit,w_300,q_auto/igashop/images/20000003705"
Laucke Wallaby Bakers Flour 5kg,$14.00,$2.80/kg,"https://cdn.metcash.media/image/upload/f_auto,c_limit,w_300,q_auto/igashop/images/329860"
Mersey Valley Sweet Chilli Cheddar Cheese 235g,$9.90,$4.21/100g,https://www.igashop.com.au/static/default-product-image.png
Slape & Sons Beef Cracked Pepper & Worcestershire Burgers 480g,$9.45,$1.97/100g,"https://cdn.metcash.media/image/upload/f_auto,c_limit,w_300,q_auto/igashop/images/20000004973"
Continental Cup A Soup Classic Chicken Noodle 4 Pack,$3.00,$0.75 each,"https://cdn.metcash.media/image/upload/f_auto,c_limit,w_300,q_auto/igashop/images/331257"
Simply Tasty Bolognese Gnocchi 1.5kg,$24.50,$16.33/kg,https://www.igashop.com.au/static/default-product-image.png
Nestlé Aero Peppermint 118g,$5.25,$4.45/100g,"https://cdn.metcash.media/image/upload/f_auto,c_limit,w_300,q_auto/igashop/images/18731"
Bellamy's Organic Step 3 Toddler Milk Drink 900g,$36.00,$4.00/100g,"https://cdn.metcash.media/image/upload/f_auto,c_limit,w_300,q_auto/igashop/images/489932"
Chris' Traditional French Onion 200g,$4.75,$2.38/100g,"https://cdn.metcash.media/image/upload/f_auto,c_limit,w_300,q_auto/igashop/images/886820"
Doritos XXL Corn Chips Ultimate Cheddar 150g,$2.50,$1.67/100g,"https://cdn.metcash.media/image/upload/f_auto,c_limit,w_300,q_auto/igashop/images/687213"
Suimin Origins Premium Noodle Bowl Beef Massaman 137g,$3.50,$2.55/100g,"https://cdn.metcash.media/image/upload/f_auto,c_limit,w_300,q_auto/igashop/images/931109"
Uncle Tobys Oats Quick Sachets Breakfast Cereal Hi Fibre 8 Pack,$5.50,$0.69 each,"https://cdn.metcash.media/image/upload/f_auto,c_limit,w_300,q_auto/igashop/images/173366"
Continental Value Pack Pasta & Sauce Sour Cream & Chives 145g,$3.80,$2.62/100g,"https://cdn.metcash.media/image/upload/f_auto,c_limit,w_300,q_auto/igashop/images/396684"
Colgate Regular Pump Toothpaste 130g,$6.00,$4.62/100g,"https://cdn.metcash.media/image/upload/f_auto,c_limit,w_300,q_auto/igashop/images/591399"
Smith's Single Pack Crinkle Original 45g,$1.50,$3.33/100g,"https://cdn.metcash.media/image/upload/f_auto,c_limit,w_300,q_auto/igashop/images/830065"
New Chinese Garden Beef in Black Bean Sauce 570g,$13.50,$2.37/100g,"https://cdn.metcash.media/image/upload/f_auto,c_limit,w_300,q_auto/igashop/images/20000006985"
Banana Boat Moisturising Face Sunscreen Lotion Spf50+ 75g,$15.30,$20.40/100g,https://www.igashop.com.au/static/default-product-image.png
Youfoodz Juice Pink Oasis 1L,$5.80,$5.80/1L,"https://cdn.metcash.media/image/upload/f_auto,c_limit,w_300,q_auto/igashop/images/180000006570"
Yarrows Fruit Scones 360g,$6.10,$1.69/100g,https://www.igashop.com.au/static/default-product-image.png
Yumi's Dip Spicy Capsicum With Cashews 200g,$4.50,$2.25/100g,"https://cdn.metcash.media/image/upload/f_auto,c_limit,w_300,q_auto/igashop/images/190000003990"
Calbee Harvest Snaps Salt & Vinegar 93g,$3.50,$3.76/100g,"https://cdn.metcash.media/image/upload/f_auto,c_limit,w_300,q_auto/igashop/images/748925"
The Happy Donut Co Chocolate 4 Pack 230g,$5.00,$2.17/100g,"https://cdn.metcash.media/image/upload/f_auto,c_limit,w_300,q_auto/igashop/images/180000001698"
Festive Christmas Tree Chocolate 200g,$6.50,$3.25/100g,"https://cdn.metcash.media/image/upload/f_auto,c_limit,w_300,q_auto/igashop/images/180000004380"
Calbee Hooleys Rings Smoky Barbecue 90g,$4.10,$4.56/100g,"https://cdn.metcash.media/image/upload/f_auto,c_limit,w_300,q_auto/igashop/images/558579"
Poppa Porky'ss Pork Crackling 25g,$2.10,$8.40/100g,"https://cdn.metcash.media/image/upload/f_auto,c_limit,w_300,q_auto/igashop/images/20000005451"
Lipton Ice Tea Peach 1.5L,$5.50,$3.67/1L,"https://cdn.metcash.media/image/upload/f_auto,c_limit,w_300,q_auto/igashop/images/360183"
Arnott's Tim Tam Chocolate Original 200g,$4.50,$2.25/100g,"https://cdn.metcash.media/image/upload/f_auto,c_limit,w_300,q_auto/igashop/images/308953"
Extra Peppermint Chewing Gum Sugar Free 3 Pack,$5.50,$1.83 each,"https://cdn.metcash.media/image/upload/f_auto,c_limit,w_300,q_auto/igashop/images/58281"
Air Wick Odour Neutralising Air Spray Fresh Dew & Jasmine 236mL,$8.00,$3.39/100mL,"https://cdn.metcash.media/image/upload/f_auto,c_limit,w_300,q_auto/igashop/images/170339"
"Fancy Feast Adult Inspirations Tuna, Courgette & Rice and Beef, Courgette & Tomato Wet Cat Food 12 Pack",$19.00,$1.58 each,"https://cdn.metcash.media/image/upload/f_auto,c_limit,w_300,q_auto/igashop/images/633730"
"S-26 Alula Gold LI, Lactose Intolerance Infant Formula 900g",$28.80,$3.20/100g,"https://cdn.metcash.media/image/upload/f_auto,c_limit,w_300,q_auto/igashop/images/933533"
So Soft Marshmallow Co Pink & Whites 300g,$5.00,$1.67/100g,"https://cdn.metcash.media/image/upload/f_auto,c_limit,w_300,q_auto/igashop/images/6915"
Jindi Chris Double Cream Brie 200g,$8.00,$4.00/100g,"https://cdn.metcash.media/image/upload/f_auto,c_limit,w_300,q_auto/igashop/images/323107"
Nice Rice Long Grain Rice 1kg,$3.15,$3.15/kg,https://www.igashop.com.au/static/default-product-image.png
Bega Cheese Sliced Colby 500g,$9.50,$1.90/100g,"https://cdn.metcash.media/image/upload/f_auto,c_limit,w_300,q_auto/igashop/images/289293"
Fluffy Crunch Bubble Gum Gourmet Fairy Floss 50g,$6.50,$13.00/100g,https://www.igashop.com.au/static/default-product-image.png
Dine Kitten Wet Cat Food Tender Chicken Loaf Tray 85g,$1.60,$1.88/100g,"https://cdn.metcash.media/image/upload/f_auto,c_limit,w_300,q_auto/igashop/images/49732"
Mirabella LED Globe A60 2700K 8W Warm White,$14.00,N/A,"https://cdn.metcash.media/image/upload/f_auto,c_limit,w_300,q_auto/igashop/images/770396"
Gourmet Garden Thai Paste 80g,$4.00,$5.00/100g,https://www.igashop.com.au/static/default-product-image.png
Majans Bhuja Ancient Grains Mix 140g,$4.50,$3.21/100g,"https://cdn.metcash.media/image/upload/f_auto,c_limit,w_300,q_auto/igashop/images/594698"
Ong's Oyster Sauce 255g,$2.34,$0.92/100g,"https://cdn.metcash.media/image/upload/f_auto,c_limit,w_300,q_auto/igashop/images/925519"
ViledaAnsell Smart Medium Gloves Pair,$2.20,N/A,"https://cdn.metcash.media/image/upload/f_auto,c_limit,w_300,q_auto/igashop/images/135091"
Nong Shim Instant Noodles Shin Ramyun 120g,$1.95,$1.63/100g,"https://cdn.metcash.media/image/upload/f_auto,c_limit,w_300,q_auto/igashop/images/20000005764"
Harpic Fresh Power Summer Breeze 39g,$7.00,$17.95/100g,"https://cdn.metcash.media/image/upload/f_auto,c_limit,w_300,q_auto/igashop/images/898592"
Robert Timms Coffee Bags Italian Espresso 8 Pack,$6.10,$0.76 each,"https://cdn.metcash.media/image/upload/f_auto,c_limit,w_300,q_auto/igashop/images/47303"
Heinz Big Red Tomato Soup for One 300g,$2.30,$0.77/100g,"https://cdn.metcash.media/image/upload/f_auto,c_limit,w_300,q_auto/igashop/images/401882"
Carmans Protein Bars Salted Caramel Nut Butter 200g,$8.50,$4.25/100g,"https://cdn.metcash.media/image/upload/f_auto,c_limit,w_300,q_auto/igashop/images/929165"
Maltesers Milk Chocolate Funsize 11 Multipack 132g,$5.25,$3.98/100g,"https://cdn.metcash.media/image/upload/f_auto,c_limit,w_300,q_auto/igashop/images/20000000179"
Dolmio Pasta Sauce Vegetables Bolognese Jar 500g,$3.80,$0.76/100g,"https://cdn.metcash.media/image/upload/f_auto,c_limit,w_300,q_auto/igashop/images/573867"
Chef’s Choice Dried Porcini Mushrooms 20g,$7.50,$37.50/100g,"https://cdn.metcash.media/image/upload/f_auto,c_limit,w_300,q_auto/igashop/images/6731"
Extra Peppermint Chewing Gum Sugar Free 14g,$0.85,$6.07/100g,"https://cdn.metcash.media/image/upload/f_auto,c_limit,w_300,q_auto/igashop/images/131681"
Cottee's Cordial Lemon Crush 1L,$5.50,$5.50/1L,"https://cdn.metcash.media/image/upload/f_auto,c_limit,w_300,q_auto/igashop/images/64067"
Sunsilk Conditioner Summer Care 700mL,$13.50,$1.93/100mL,"https://cdn.metcash.media/image/upload/f_auto,c_limit,w_300,q_auto/igashop/images/809742"
Heinz Tomato Sauce Ketchup Organic 500mL,$6.00,$1.20/100mL,"https://cdn.metcash.media/image/upload/f_auto,c_limit,w_300,q_auto/igashop/images/2667"
Mojo Activated Kombucha Summer Berry 1L,$9.25,$9.25/1L,"https://cdn.metcash.media/image/upload/f_auto,c_limit,w_300,q_auto/igashop/images/20000000502"
Heinz Seriously Good Peri Peri Spicy Mayonnaise 295mL,$5.50,$1.86/100mL,"https://cdn.metcash.media/image/upload/f_auto,c_limit,w_300,q_auto/igashop/images/149155"
Sensodyne Mouthwash Alcohol Free Cool Mint Gentle 500mL,$9.90,$1.98/100mL,"https://cdn.metcash.media/image/upload/f_auto,c_limit,w_300,q_auto/igashop/images/297144"
Green's Chocolate Mud Cake Mix 530g,$5.50,$1.04/100g,"https://cdn.metcash.media/image/upload/f_auto,c_limit,w_300,q_auto/igashop/images/1310"
Glad Wrap 80m,$6.70,N/A,"https://cdn.metcash.media/image/upload/f_auto,c_limit,w_300,q_auto/igashop/images/355264"
L'Oréal Wrinkle Expert 55 Calcium Night Cream 50mL,$17.95,$35.90/100mL,"https://cdn.metcash.media/image/upload/f_auto,c_limit,w_300,q_auto/igashop/images/967888"
Tommee Tippee Bottle & Teat Brush,$10.20,N/A,"https://cdn.metcash.media/image/upload/f_auto,c_limit,w_300,q_auto/igashop/images/454181"
Solo Zero Sugar Lemon Soft Drink 375mL,$9.50,$2.53/100mL,https://www.igashop.com.au/static/default-product-image.png
L'Oréal Paris Revitalift Rich Night Cream 50mL,$30.00,$60.00/100mL,"https://cdn.metcash.media/image/upload/f_auto,c_limit,w_300,q_auto/igashop/images/20607"
Red Rock Deli Style Gourmet Snack Crackers Cheese Roasted Cap Pecorino Basil Cashew Dip & Crackers 55g,$5.40,$9.82/100g,"https://cdn.metcash.media/image/upload/f_auto,c_limit,w_300,q_auto/igashop/images/1800000071277"
Nair Bladeless Shave Rosewater 142g,$15.30,$10.77/100g,"https://cdn.metcash.media/image/upload/f_auto,c_limit,w_300,q_auto/igashop/images/55673"
Community Co Clean Freak Multi Purpose Cleaner Spray 750mL,$1.95,$0.26/100mL,"https://cdn.metcash.media/image/upload/f_auto,c_limit,w_300,q_auto/igashop/images/936484"
Ital Gold Panettone Traditional 900g,$14.95,$1.66/100g,https://www.igashop.com.au/static/default-product-image.png
Toblerone Pralines 180g,$9.00,$5.00/100g,"https://cdn.metcash.media/image/upload/f_auto,c_limit,w_300,q_auto/igashop/images/366794"
Bref Ultimate Gel Ultra Bleach Power Citrus Toilet Cleaner 600mL,$3.50,$0.58/100mL,"https://cdn.metcash.media/image/upload/f_auto,c_limit,w_300,q_auto/igashop/images/20000006336_1"
NIVEA Black & White Invisible Silky Smooth Aerosol 250mL,$7.50,$3.00/100mL,"https://cdn.metcash.media/image/upload/f_auto,c_limit,w_300,q_auto/igashop/images/734269"
Birds Eye Golden Crunch Shoestring Chips 900g,$6.00,$0.67/100g,"https://cdn.metcash.media/image/upload/f_auto,c_limit,w_300,q_auto/igashop/images/1800000069747"
Trident Chilli Sauce Sweet Chilli 730mL,$5.50,$0.75/100mL,"https://cdn.metcash.media/image/upload/f_auto,c_limit,w_300,q_auto/igashop/images/680876"
Harvest Snaps Original Salted 120g,$5.00,$4.17/100g,"https://cdn.metcash.media/image/upload/f_auto,c_limit,w_300,q_auto/igashop/images/150000008016"
Community Co Pineapple Pieces In Juice 695g,$3.70,$0.53/100g,"https://cdn.metcash.media/image/upload/f_auto,c_limit,w_300,q_auto/igashop/images/445250"
Gatorade Fast Twitch Grape Energy 350mL,$4.20,$1.20/100mL,https://www.igashop.com.au/static/default-product-image.png
Easy-Off Bam Cleaning Products Degreaser Trigger 750mL,$8.50,$1.13/100mL,"https://cdn.metcash.media/image/upload/f_auto,c_limit,w_300,q_auto/igashop/images/580686"
Aerogard Kids Insect Repellent Spray 135mL,$8.40,$6.22/100mL,"https://cdn.metcash.media/image/upload/f_auto,c_limit,w_300,q_auto/igashop/images/910535"
Baked Provisions Pepper Steak Pie 2 Pack,$8.50,$4.25 each,"https://cdn.metcash.media/image/upload/f_auto,c_limit,w_300,q_auto/igashop/images/304446"
Country Life Gluten Free White Bread 400g,$6.90,$1.73/100g,"https://cdn.metcash.media/image/upload/f_auto,c_limit,w_300,q_auto/igashop/images/378479"
Palmolive Men 3 in 1 Wash For Body Face and Hair With Citrus & Natural Mineral Salt 450mL,$7.50,$1.67/100mL,"https://cdn.metcash.media/image/upload/f_auto,c_limit,w_300,q_auto/igashop/images/902744"
Schar Maria Biscuits 125g,$7.95,$6.36/100g,https://www.igashop.com.au/static/default-product-image.png
"Birds Eye Snap Frozen Carrot, Cauliflower & Broccoli 1kg",$6.50,$6.50/kg,"https://cdn.metcash.media/image/upload/f_auto,c_limit,w_300,q_auto/igashop/images/163557"
Yumi's Roasted Beetroot Dip 200g,$5.00,$2.50/100g,"https://cdn.metcash.media/image/upload/f_auto,c_limit,w_300,q_auto/igashop/images/963863"
Real Cheese Tasty Block 250g,$6.30,$2.52/100g,"https://cdn.metcash.media/image/upload/f_auto,c_limit,w_300,q_auto/igashop/images/696084"
Bega Farmers' Tasty Bar-B-Cubes 12 Pack,$10.80,$0.90 each,"https://cdn.metcash.media/image/upload/f_auto,c_limit,w_300,q_auto/igashop/images/106246"
Batiste Brunette Dry Shampoo 350mL,$19.00,$5.43/100mL,"https://cdn.metcash.media/image/upload/f_auto,c_limit,w_300,q_auto/igashop/images/218161"
Snickers Chocolate Bar 2 Pack,$2.00,$1.00 each,"https://cdn.metcash.media/image/upload/f_auto,c_limit,w_300,q_auto/igashop/images/621084"
Obento Noodle Udon 200g,$1.70,$0.85/100g,"https://cdn.metcash.media/image/upload/f_auto,c_limit,w_300,q_auto/igashop/images/956772"
Ajax Spray n' Wipe Bathroom Antibacterial Disinfectant Cleaner Soap Scum Remover Trigger Surface Spray 500mL,$3.50,$0.70/100mL,"https://cdn.metcash.media/image/upload/f_auto,c_limit,w_300,q_auto/igashop/images/37468"
Uncle Tobys Le Snak Tasty Cheese Dip & Crackers 12 Pack,$9.00,$0.75 each,"https://cdn.metcash.media/image/upload/f_auto,c_limit,w_300,q_auto/igashop/images/433546"
T2 Iced Tea Raspberry Cherry Blossom 4 Pack,$9.00,$2.25 each,https://www.igashop.com.au/static/default-product-image.png
Goulburn Valley Orchard Splash Peaches In Passionfruit Infused Water 160g 2 Pack,$4.70,$2.35 each,"https://cdn.metcash.media/image/upload/f_auto,c_limit,w_300,q_auto/igashop/images/170000000823"
Global Cafe Direct Decaffeinated Organic Coffee 250g,$10.25,$4.10/100g,"https://cdn.metcash.media/image/upload/f_auto,c_limit,w_300,q_auto/igashop/images/907692"
Bega Farmers' Tasty Cheese Lactose Free 300g,$6.50,$2.17/100g,"https://cdn.metcash.media/image/upload/f_auto,c_limit,w_300,q_auto/igashop/images/190000005274"
Birds Eye Corn Kernels Super Sweet 1kg,$6.00,$6.00/kg,"https://cdn.metcash.media/image/upload/f_auto,c_limit,w_300,q_auto/igashop/images/117750"
Arnott's Gluten Free Mint Slice 141g,$5.50,$3.90/100g,"https://cdn.metcash.media/image/upload/f_auto,c_limit,w_300,q_auto/igashop/images/560571"
Nescafe Blend 43 Smooth & Creamy 140g,$6.90,$4.93/100g,"https://cdn.metcash.media/image/upload/f_auto,c_limit,w_300,q_auto/igashop/images/188222"
Brut Original Ultra Dry Anti-Perspirant Deodorant 150g,$6.30,$4.20/100g,"https://cdn.metcash.media/image/upload/f_auto,c_limit,w_300,q_auto/igashop/images/59261"
Ardmona Whole Peeled Vine Ripened Tomatoes 400g,$2.10,$0.53/100g,"https://cdn.metcash.media/image/upload/f_auto,c_limit,w_300,q_auto/igashop/images/364983"
Darrell Lea Strawberry BBs 152g,$6.00,$3.95/100g,https://www.igashop.com.au/static/default-product-image.png
Kellogg's LCM's Rice Bubbles Kaleidos 100g,$4.50,$4.50/100g,"https://cdn.metcash.media/image/upload/f_auto,c_limit,w_300,q_auto/igashop/images/290561"
Tate & Lyles Golden Syrup 454g,$5.70,$1.26/100g,"https://cdn.metcash.media/image/upload/f_auto,c_limit,w_300,q_auto/igashop/images/907058"
The Laughing Cow Cheez Dippers 140g,$6.65,$4.75/100g,"https://cdn.metcash.media/image/upload/f_auto,c_limit,w_300,q_auto/igashop/images/716091"
Mirabella LED Fancy Round Globe 5W SES Warm White,$7.25,N/A,"https://cdn.metcash.media/image/upload/f_auto,c_limit,w_300,q_auto/igashop/images/223420"
Ice Break Real Coffee No Sugar Added Espresso 500mL,$3.95,$0.79/100mL,"https://cdn.metcash.media/image/upload/f_auto,c_limit,w_300,q_auto/igashop/images/160000011698"
Raw Puppy Mince Pet Meats 800g,$9.75,$1.22/100g,"https://cdn.metcash.media/image/upload/f_auto,c_limit,w_300,q_auto/igashop/images/289858"
McCormick Keens Curried Sausages 40g,$1.95,$4.88/100g,"https://cdn.metcash.media/image/upload/f_auto,c_limit,w_300,q_auto/igashop/images/190000002887"
Red Rock Deli Balsamic Beetroot Feta & Cashews 135g,$4.50,$3.33/100g,"https://cdn.metcash.media/image/upload/f_auto,c_limit,w_300,q_auto/igashop/images/420328"
V Blue Sugarfree Energy Drink 500mL,$4.25,$0.85/100mL,"https://cdn.metcash.media/image/upload/f_auto,c_limit,w_300,q_auto/igashop/images/896061"
Loose Leaf Spinach 1kg,Final cost based on weight,$22.90/$22.90,"https://cdn.metcash.media/image/upload/f_auto,c_limit,w_300,q_auto/igashop/images/80060128"
Gotzinger Berliner Fleischwurst 500g,$9.80,$1.96/100g,"https://cdn.metcash.media/image/upload/f_auto,c_limit,w_300,q_auto/igashop/images/190000004966"
Coca-Cola Vanilla Zero Sugar Soft Drink Bottle 1.25L,$2.50,$2.00/1L,"https://cdn.metcash.media/image/upload/f_auto,c_limit,w_300,q_auto/igashop/images/738328"
Beef Lasagne 250g,Final cost based on weight,$5.25/$21.00,"https://cdn.metcash.media/image/upload/f_auto,c_limit,w_300,q_auto/igashop/images/80072038"
Nong Shim Shin Ramen Big Bowl 114g,$3.50,$3.07/100g,"https://cdn.metcash.media/image/upload/f_auto,c_limit,w_300,q_auto/igashop/images/190000001322"
Cashmere Bouquet Bar Soap Lavender 4 Pack,$4.50,$1.13 each,"https://cdn.metcash.media/image/upload/f_auto,c_limit,w_300,q_auto/igashop/images/311922"
Kinder Surprise 6 Piece Easter Basket 120g,$15.30,$12.75/100g,"https://cdn.metcash.media/image/upload/f_auto,c_limit,w_300,q_auto/igashop/images/190000009808"
Brita Filter Cartridges Maxtra+ 2 Pack,$32.50,$16.25 each,"https://cdn.metcash.media/image/upload/f_auto,c_limit,w_300,q_auto/igashop/images/703705"
Doritos Dinamita Tortilla Chips Sour Lime 110g,$5.10,$4.64/100g,https://www.igashop.com.au/static/default-product-image.png
Violet Crumble 50g,$2.50,$5.00/100g,"https://cdn.metcash.media/image/upload/f_auto,c_limit,w_300,q_auto/igashop/images/418685"
Ben & Jerry's Ice Cream Phish Food 458mL,$14.50,$3.17/100mL,"https://cdn.metcash.media/image/upload/f_auto,c_limit,w_300,q_auto/igashop/images/268462"
Lindt Gold Bunny Dark Chocolate Easter 200g,$20.40,$10.20/100g,"https://cdn.metcash.media/image/upload/f_auto,c_limit,w_300,q_auto/igashop/images/90830"
Cadbury Raspberry Black Forest 330g,$8.00,$2.42/100g,"https://cdn.metcash.media/image/upload/f_auto,c_limit,w_300,q_auto/igashop/images/508197"
Pauls Vanilla Custard 6 Pack,$8.00,$1.33 each,"https://cdn.metcash.media/image/upload/f_auto,c_limit,w_300,q_auto/igashop/images/114231"
Noshu Low Carb Indulgence Bars Coconut Bliss 160g,$7.70,$4.81/100g,"https://cdn.metcash.media/image/upload/f_auto,c_limit,w_300,q_auto/igashop/images/541543"
Leggo's Passata Sauce Classic Tomato 700g,$4.30,$0.61/100g,"https://cdn.metcash.media/image/upload/f_auto,c_limit,w_300,q_auto/igashop/images/21488"
Schweppes Lemon & Lime with Natural Mineral Water 1.1L,$1.25,$1.14/1L,"https://cdn.metcash.media/image/upload/f_auto,c_limit,w_300,q_auto/igashop/images/852761"
Bref Spa Moments Calmness Rim Block Toilet Cleaner 100g,$5.50,$5.50/100g,"https://cdn.metcash.media/image/upload/f_auto,c_limit,w_300,q_auto/igashop/images/297212"
Maggi Fusian Noodles Thai Tom Yam 5 Pack,$5.00,$1.00 each,"https://cdn.metcash.media/image/upload/f_auto,c_limit,w_300,q_auto/igashop/images/914018"
Purina Firskies Adult Indoor Delights Dry Cat Food 1kg,$8.00,$8.00/kg,"https://cdn.metcash.media/image/upload/f_auto,c_limit,w_300,q_auto/igashop/images/307101"
Purina Supercoat Adult Small Dog Food Small Breed Beef 2.8kg,$15.00,$5.36/kg,"https://cdn.metcash.media/image/upload/f_auto,c_limit,w_300,q_auto/igashop/images/663167"
Piksters Baby Gorilla Dental Floss 2 Pack,$3.05,$1.53 each,"https://cdn.metcash.media/image/upload/f_auto,c_limit,w_300,q_auto/igashop/images/829865"
Air Wick Odour Neutralising Air Spray Eucalyptus & Freesia 236mL,$8.00,$3.39/100mL,"https://cdn.metcash.media/image/upload/f_auto,c_limit,w_300,q_auto/igashop/images/170282"
Cancer Council Face Day Wear Moisturiser Matte Light Tint SPF50+ 75mL,$16.00,$21.33/100mL,"https://cdn.metcash.media/image/upload/f_auto,c_limit,w_300,q_auto/igashop/images/160000014341"
La Famiglia Bread Stone Baked Garlic Sourdough 480g,$7.00,$1.46/100g,"https://cdn.metcash.media/image/upload/f_auto,c_limit,w_300,q_auto/igashop/images/155622"
Carob Kitchen Mint Bar 80g,$7.95,$9.94/100g,"https://cdn.metcash.media/image/upload/f_auto,c_limit,w_300,q_auto/igashop/images/3937"
Huggies Ultra Dry Nappies Girls Size 4 (10-15kg) 18 Pack,$13.00,$0.72 each,"https://cdn.metcash.media/image/upload/f_auto,c_limit,w_300,q_auto/igashop/images/592604"
Aussie Bodies Crunch Choc Peanut 33g,$3.00,$9.09/100g,"https://cdn.metcash.media/image/upload/f_auto,c_limit,w_300,q_auto/igashop/images/588294"
Cenovis Vitamin D3 1000IU Immunity Tab 90 Pack,$9.00,$0.10 each,"https://cdn.metcash.media/image/upload/f_auto,c_limit,w_300,q_auto/igashop/images/1800000067443"
Sunbeam Slivered Almonds 100g,$6.95,$6.95/100g,"https://cdn.metcash.media/image/upload/f_auto,c_limit,w_300,q_auto/igashop/images/458392"
Nobby's Beef Jerky Teriyaki 25g,$4.29,$17.16/100g,"https://cdn.metcash.media/image/upload/f_auto,c_limit,w_300,q_auto/igashop/images/483224"
Skara Hungarian Salami 100g,$8.95,$8.95/100g,"https://cdn.metcash.media/image/upload/f_auto,c_limit,w_300,q_auto/igashop/images/20000002049"
Pedigree Puppy Milk Dog Treat 1L,$5.70,$5.70/1L,"https://cdn.metcash.media/image/upload/f_auto,c_limit,w_300,q_auto/igashop/images/18320"
Viva Paper Towel 3 Pack,$5.00,$1.67 each,https://www.igashop.com.au/static/default-product-image.png
Pandaroo Ezy Asian Thai Stirfry Sauce 250mL,$4.25,$1.70/100mL,"https://cdn.metcash.media/image/upload/f_auto,c_limit,w_300,q_auto/igashop/images/20000005945"
Energizer 1220 3V Lithium Battery,$6.50,N/A,"https://cdn.metcash.media/image/upload/f_auto,c_limit,w_300,q_auto/igashop/images/20000007327"
Nescafe Ready to Drink Flat White 250mL,$3.50,$1.40/100mL,"https://cdn.metcash.media/image/upload/f_auto,c_limit,w_300,q_auto/igashop/images/160000013905"
Community Co Pane Di Casa Wholemeal 500g,$5.00,$1.00/100g,"https://cdn.metcash.media/image/upload/f_auto,c_limit,w_300,q_auto/igashop/images/20000001725"
Continental Recipe Base Creamy Chicken Curry 30g,$1.80,$6.00/100g,"https://cdn.metcash.media/image/upload/f_auto,c_limit,w_300,q_auto/igashop/images/421874"
Libra Ultra Thin Pads Regular with Wings 14 Pack,$5.70,$0.41 each,"https://cdn.metcash.media/image/upload/f_auto,c_limit,w_300,q_auto/igashop/images/361448"
Sirena Tuna Pink geen Black Peppercorn 95g,$2.95,$3.11/100g,https://www.igashop.com.au/static/default-product-image.png
"Golden Circle Tropical Smash Apple, Pineapple & Bananan Pouch 120g",$1.50,$1.25/100g,"https://cdn.metcash.media/image/upload/f_auto,c_limit,w_300,q_auto/igashop/images/785435"
Arnott's Cruskits Cripsbread Original 125g,$4.00,$3.20/100g,"https://cdn.metcash.media/image/upload/f_auto,c_limit,w_300,q_auto/igashop/images/308911"
Whiskas Kitten Dry Cat Food Chicken & Tuna Flavours 800g,$5.60,$0.70/100g,"https://cdn.metcash.media/image/upload/f_auto,c_limit,w_300,q_auto/igashop/images/150000006399"
Dove Body Wash Fruity Nourish 400mL,$4.70,$1.18/100mL,"https://cdn.metcash.media/image/upload/f_auto,c_limit,w_300,q_auto/igashop/images/1800000067534"
Hubba Bubba Seriously Strawberry Bubble Gum Tape 56g,$3.00,$5.36/100g,"https://cdn.metcash.media/image/upload/f_auto,c_limit,w_300,q_auto/igashop/images/624579"
Lavazza Qualita Oro Ground Coffee 1kg,$32.00,$32.00/kg,"https://cdn.metcash.media/image/upload/f_auto,c_limit,w_300,q_auto/igashop/images/477304"
Old El Paso Nacho Kit 505g,$9.50,$1.88/100g,"https://cdn.metcash.media/image/upload/f_auto,c_limit,w_300,q_auto/igashop/images/261156"
San Remo Fusillini No 55 500g,$2.95,$0.59/100g,"https://cdn.metcash.media/image/upload/f_auto,c_limit,w_300,q_auto/igashop/images/68804"
Heat Beads Original BBQ Briquettes 4kg,$13.20,$3.30/kg,"https://cdn.metcash.media/image/upload/f_auto,c_limit,w_300,q_auto/igashop/images/216245"
The Spice Tailor Bengali Coconut Daal 400g,$6.70,$1.68/100g,"https://cdn.metcash.media/image/upload/f_auto,c_limit,w_300,q_auto/igashop/images/160000013849"
Sukin Purely Ageless Rejuvenating Day Cream 120mL,$30.00,$25.00/100mL,"https://cdn.metcash.media/image/upload/f_auto,c_limit,w_300,q_auto/igashop/images/160000012513"
Betty Crocker Vanilla Cupcake Mix 370g,$3.00,$0.81/100g,"https://cdn.metcash.media/image/upload/f_auto,c_limit,w_300,q_auto/igashop/images/180000002925"
Mingle Tacos Recipe Base 30g,$2.60,$8.67/100g,https://www.igashop.com.au/static/default-product-image.png
Kirks Dry Ginger Ale Bottle Soft Drink 1.25L,$2.85,$2.28/1L,"https://cdn.metcash.media/image/upload/f_auto,c_limit,w_300,q_auto/igashop/images/637483"
SPC Peaches Reduced Sugar 4 Pack,$4.70,$1.18 each,"https://cdn.metcash.media/image/upload/f_auto,c_limit,w_300,q_auto/igashop/images/926353"
Chobani Yoghurt Pots Lemon 170g,$2.60,$1.53/100g,"https://cdn.metcash.media/image/upload/f_auto,c_limit,w_300,q_auto/igashop/images/180000000012"
Mures Soup Bisque Prawn 500g,$8.50,$1.70/100g,https://www.igashop.com.au/static/default-product-image.png
Aveeno Active Naturals Daily Moisturising Lotion 354mL,$15.50,$4.38/100mL,"https://cdn.metcash.media/image/upload/f_auto,c_limit,w_300,q_auto/igashop/images/38765"
Carman's Low Sugar Granola Raspberry & Coconut 450g,$7.00,$1.56/100g,"https://cdn.metcash.media/image/upload/f_auto,c_limit,w_300,q_auto/igashop/images/440328"
Dr Kim's Magnificent Kimchi Traditional Spicy 400g,$12.95,$3.24/100g,"https://cdn.metcash.media/image/upload/f_auto,c_limit,w_300,q_auto/igashop/images/8748"
Ayam Laksa Paste 185g,$4.00,$2.16/100g,"https://cdn.metcash.media/image/upload/f_auto,c_limit,w_300,q_auto/igashop/images/36792"
Oral-B Pro Health Toothpaste Advanced Whitening 110g,$2.75,$2.50/100g,"https://cdn.metcash.media/image/upload/f_auto,c_limit,w_300,q_auto/igashop/images/591187"
Haagen-Dazs Ice Cream Coffee 475mL,$7.95,$1.67/100mL,https://www.igashop.com.au/static/default-product-image.png
Bakers Collection Gluten Free Berry Bites 260g,$10.50,$4.04/100g,"https://cdn.metcash.media/image/upload/f_auto,c_limit,w_300,q_auto/igashop/images/180000002062"
Leggo's Stir Through Sundried Tomato & Garlic 350g,$5.30,$1.51/100g,"https://cdn.metcash.media/image/upload/f_auto,c_limit,w_300,q_auto/igashop/images/615546"
Pampas Puff Pastry 6 Sheets 1kg,$5.50,$5.50/kg,"https://cdn.metcash.media/image/upload/f_auto,c_limit,w_300,q_auto/igashop/images/108638"
Bacon Diced 1kg,Final cost based on weight,$18.50/$18.50,"https://cdn.metcash.media/image/upload/f_auto,c_limit,w_300,q_auto/igashop/images/80072021"
Eveready AAA Batteries 4 Pack,$7.35,$1.84 each,"https://cdn.metcash.media/image/upload/f_auto,c_limit,w_300,q_auto/igashop/images/704125"
Old El Paso Sweet Jalapeno & Lime Topping Sauce 255g,$5.00,$1.96/100g,https://www.igashop.com.au/static/default-product-image.png
Mr Basil Lychee 290mL,$3.40,$1.17/100mL,"https://cdn.metcash.media/image/upload/f_auto,c_limit,w_300,q_auto/igashop/images/180000000443"
Continental Recipe Base Spaghetti Bolognese 50g,$1.80,$3.60/100g,"https://cdn.metcash.media/image/upload/f_auto,c_limit,w_300,q_auto/igashop/images/432401"
"Blue Frog Granola Raspberry, Vanilla & Chia 350g",$9.50,$2.71/100g,"https://cdn.metcash.media/image/upload/f_auto,c_limit,w_300,q_auto/igashop/images/150000008057"
On The Menu Loaded Mac & Cheese 400g,$4.00,$1.00/100g,https://www.igashop.com.au/static/default-product-image.png
Cadbury Dairy Milk Christmas Friends 100g,$3.50,$3.50/100g,"https://cdn.metcash.media/image/upload/f_auto,c_limit,w_300,q_auto/igashop/images/190000009717"
Black & Gold Minced Garlic 250g,$1.25,$0.50/100g,"https://cdn.metcash.media/image/upload/f_auto,c_limit,w_300,q_auto/igashop/images/71849"
Primo Danish Salami 200g,$6.00,$3.00/100g,"https://cdn.metcash.media/image/upload/f_auto,c_limit,w_300,q_auto/igashop/images/1800000070789"
Rafferty's Garden Banana & Mango No Added Sugar Custard 6+ Months 120g,$2.15,$1.79/100g,"https://cdn.metcash.media/image/upload/f_auto,c_limit,w_300,q_auto/igashop/images/160000012439"
Rexona Deodorant Aerosol Men Ocean Fresh 230mL,$12.50,$5.43/100mL,"https://cdn.metcash.media/image/upload/f_auto,c_limit,w_300,q_auto/igashop/images/1800000067820"
Lipton Ice Tea Mango 500mL,$3.50,$0.70/100mL,"https://cdn.metcash.media/image/upload/f_auto,c_limit,w_300,q_auto/igashop/images/321074"
Bega Strong & Bitey Vintage Natural Cheese 15 Slices 250g,$6.50,$2.60/100g,"https://cdn.metcash.media/image/upload/f_auto,c_limit,w_300,q_auto/igashop/images/180651"
Fiji Still Water 1L,$3.50,$3.50/1L,"https://cdn.metcash.media/image/upload/f_auto,c_limit,w_300,q_auto/igashop/images/514546"
Black & Gold Bleach Regular 2L,$1.70,$0.85/1L,"https://cdn.metcash.media/image/upload/f_auto,c_limit,w_300,q_auto/igashop/images/322119"
Radox Body Wash Feel Extreme 1L,$7.50,$7.50/1L,"https://cdn.metcash.media/image/upload/f_auto,c_limit,w_300,q_auto/igashop/images/349077"
Nature's Goodness Puppy Food Gluten Free 680g,$4.00,$0.59/100g,"https://cdn.metcash.media/image/upload/f_auto,c_limit,w_300,q_auto/igashop/images/140261"
Lindt Excellence 95% Cocoa 80g,$8.50,$10.63/100g,"https://cdn.metcash.media/image/upload/f_auto,c_limit,w_300,q_auto/igashop/images/628280"
The Yoghurt Shop Passionately Passionfruit 190g,$4.50,$2.37/100g,"https://cdn.metcash.media/image/upload/f_auto,c_limit,w_300,q_auto/igashop/images/20000007012"
Cenovis Mega B Tablets 200 Pack,$25.90,$0.13 each,"https://cdn.metcash.media/image/upload/f_auto,c_limit,w_300,q_auto/igashop/images/489288"
Baked Provisions Steak Curry Pie 420g,$8.50,$2.02/100g,"https://cdn.metcash.media/image/upload/f_auto,c_limit,w_300,q_auto/igashop/images/304551"
Primo Reserve Australian Leg Ham Off The Bone 200g,$8.65,$4.33/100g,"https://cdn.metcash.media/image/upload/f_auto,c_limit,w_300,q_auto/igashop/images/180000005255"
Head & Shoulders Clean & Balanced Anti Dandruff Shampoo For Clean Scalp 660mL,$23.00,$3.48/100mL,"https://cdn.metcash.media/image/upload/f_auto,c_limit,w_300,q_auto/igashop/images/160000011010"
Posh Foods Duck & Cracked Pepper Pate 150g,$6.95,$4.63/100g,"https://cdn.metcash.media/image/upload/f_auto,c_limit,w_300,q_auto/igashop/images/20000000765"
La Casa Del Formaggio Double Cream 250g,$4.50,$1.80/100g,"https://cdn.metcash.media/image/upload/f_auto,c_limit,w_300,q_auto/igashop/images/180000001380"
San Remo Gluten Free Original Spaghetti 350g,$4.00,$1.14/100g,"https://cdn.metcash.media/image/upload/f_auto,c_limit,w_300,q_auto/igashop/images/902511"
Tostitos Restaurant Style Mild Mexican Salsa 165g,$3.75,$2.27/100g,"https://cdn.metcash.media/image/upload/f_auto,c_limit,w_300,q_auto/igashop/images/300565"
Kurrajong Kitchen Poppy & Sesame Crispbread 175g,$4.90,$2.80/100g,"https://cdn.metcash.media/image/upload/f_auto,c_limit,w_300,q_auto/igashop/images/8207"
Baked Provisions Bacon & Cheese Roll 300g,$6.00,$2.00/100g,"https://cdn.metcash.media/image/upload/f_auto,c_limit,w_300,q_auto/igashop/images/20000000581"
Ausfresh Pepperdew Fetta 1kg,$44.90,$44.90/kg,https://www.igashop.com.au/static/default-product-image.png
Golden Wok Diana Chan Beef Cheeseburger Dumplings 230g,$8.50,$3.70/100g,https://www.igashop.com.au/static/default-product-image.png
Gotzinger New Yorker Hot Dogs 350g,$8.25,$2.36/100g,"https://cdn.metcash.media/image/upload/f_auto,c_limit,w_300,q_auto/igashop/images/20000001940"
Streets Aussie Classics 6 Pack,$11.25,$1.88 each,"https://cdn.metcash.media/image/upload/f_auto,c_limit,w_300,q_auto/igashop/images/20000006534"
Medix Paracetamol Rapid Capsules 20 Pack,$5.45,$0.27 each,"https://cdn.metcash.media/image/upload/f_auto,c_limit,w_300,q_auto/igashop/images/18480"
Tyrrell's Chips Lightly Salted 165g,$3.80,$2.30/100g,"https://cdn.metcash.media/image/upload/f_auto,c_limit,w_300,q_auto/igashop/images/160000017709"
Community Co Basmati Rice 1kg,$4.00,$4.00/kg,"https://cdn.metcash.media/image/upload/f_auto,c_limit,w_300,q_auto/igashop/images/717827"
Arnott's Shapes Nacho Cheese 160g,$3.00,$1.88/100g,"https://cdn.metcash.media/image/upload/f_auto,c_limit,w_300,q_auto/igashop/images/901010"
Oob Frozen Organic Cut Leaf Spinach 400g,$6.95,$1.74/100g,"https://cdn.metcash.media/image/upload/f_auto,c_limit,w_300,q_auto/igashop/images/804352"
Chobani Yoghurt Pots Raspberry 170g,$2.60,$1.53/100g,"https://cdn.metcash.media/image/upload/f_auto,c_limit,w_300,q_auto/igashop/images/180000000016"
L'OR Cappuccino Instant Coffee 210g,$12.50,$5.95/100g,"https://cdn.metcash.media/image/upload/f_auto,c_limit,w_300,q_auto/igashop/images/180000002331"
Breeder's Choice Cat Litter 24L,$25.00,$1.04/1L,"https://cdn.metcash.media/image/upload/f_auto,c_limit,w_300,q_auto/igashop/images/382397"
Fanta Zero Sugar Lemon Mini Cans 6 Pack,$10.00,$1.67 each,"https://cdn.metcash.media/image/upload/f_auto,c_limit,w_300,q_auto/igashop/images/180000006331"
Bakers Collection Apple Turnovers 150g,$6.00,$4.00/100g,"https://cdn.metcash.media/image/upload/f_auto,c_limit,w_300,q_auto/igashop/images/20000000509"
The Happy Muffin Co Blueberry Muffin 4 Pack,$4.50,$1.13 each,"https://cdn.metcash.media/image/upload/f_auto,c_limit,w_300,q_auto/igashop/images/20000003680"
Gillette Skinguard Razor,$15.40,N/A,"https://cdn.metcash.media/image/upload/f_auto,c_limit,w_300,q_auto/igashop/images/902702"
Black & Gold Sour Cream 300mL,$3.30,$1.10/100mL,"https://cdn.metcash.media/image/upload/f_auto,c_limit,w_300,q_auto/igashop/images/185460"
Black & Gold Cornet Cones 30 Pack,$3.50,$0.12 each,"https://cdn.metcash.media/image/upload/f_auto,c_limit,w_300,q_auto/igashop/images/180000005064"
I CHOOSE RE-USE IGA Re-usable Bag,$0.15,N/A,"https://cdn.metcash.media/image/upload/f_auto,c_limit,w_300,q_auto/igashop/images/931963"
Dari’s Beef and Barley Soup 550g,$8.00,$1.45/100g,"https://cdn.metcash.media/image/upload/f_auto,c_limit,w_300,q_auto/igashop/images/190000001251"
Lindt Pink or Blue Chick Milk Chocolate 100g,$12.25,$12.25/100g,"https://cdn.metcash.media/image/upload/f_auto,c_limit,w_300,q_auto/igashop/images/684867"
Weight Watchers Chicken & Mushroom Fettuccine 300g,$4.50,$1.50/100g,"https://cdn.metcash.media/image/upload/f_auto,c_limit,w_300,q_auto/igashop/images/128340"
Twix Milk Chocolate Caramel Biscuit Party Share Bag 159g,$5.25,$3.30/100g,"https://cdn.metcash.media/image/upload/f_auto,c_limit,w_300,q_auto/igashop/images/20000000187"
Cholula Chipotle Hot Sauce 150mL,$5.95,$3.97/100mL,"https://cdn.metcash.media/image/upload/f_auto,c_limit,w_300,q_auto/igashop/images/16000001694"
Black & Gold Rubber Gloves Size Small 2 Pack,$11.55,$5.78 each,"https://cdn.metcash.media/image/upload/f_auto,c_limit,w_300,q_auto/igashop/images/190000004988"
V Energy Drink Sugarfree Blue 4 Pack,$16.75,$4.19 each,"https://cdn.metcash.media/image/upload/f_auto,c_limit,w_300,q_auto/igashop/images/170973"
Sakana Catch Of The Day Juicy Crab Taste 110g,$6.50,$5.91/100g,"https://cdn.metcash.media/image/upload/f_auto,c_limit,w_300,q_auto/igashop/images/7826"
Schick Hydro Silk Refills 4 Pack,$26.00,$6.50 each,"https://cdn.metcash.media/image/upload/f_auto,c_limit,w_300,q_auto/igashop/images/361786"
White Wings Vanilla Bean Custard Mix 250g,$4.00,$1.60/100g,"https://cdn.metcash.media/image/upload/f_auto,c_limit,w_300,q_auto/igashop/images/150000006480"
Carman's Dehydrated Fruit Straps Apple & Strawberry 70g,$6.00,$8.57/100g,"https://cdn.metcash.media/image/upload/f_auto,c_limit,w_300,q_auto/igashop/images/477422"
Decor Match-Ups Oblong Container 2L,$9.00,N/A,"https://cdn.metcash.media/image/upload/f_auto,c_limit,w_300,q_auto/igashop/images/855191"
San Remo La Pasta Creamy Cheese Pasta & Sauce 80g,$1.40,$1.75/100g,"https://cdn.metcash.media/image/upload/f_auto,c_limit,w_300,q_auto/igashop/images/328602"
V Energy Drink Black 250mL,$2.65,$1.06/100mL,https://www.igashop.com.au/static/default-product-image.png
Equal Sweetener Low Calorie Spoonful 113g,$6.00,$5.31/100g,https://www.igashop.com.au/static/default-product-image.png
Neutrogena Norwegian Formula Hand Cream 56g,$10.00,$17.86/100g,https://www.igashop.com.au/static/default-product-image.png
Great Temptations Mini Fairy 5 Pack,$4.50,$0.90 each,https://www.igashop.com.au/static/default-product-image.png
Nurofen Quickzorb Ibuprofen Lysine 342mg Caplets 12 Pack,$6.00,$0.50 each,"https://cdn.metcash.media/image/upload/f_auto,c_limit,w_300,q_auto/igashop/images/623256"
Kook A Krumb Breadcrumbs Panko 200g,$3.70,$1.85/100g,"https://cdn.metcash.media/image/upload/f_auto,c_limit,w_300,q_auto/igashop/images/4787"
Community Co Authentic Butter Chicken Family Size 1kg,$21.00,$21.00/kg,"https://cdn.metcash.media/image/upload/f_auto,c_limit,w_300,q_auto/igashop/images/180000000681"
The Man Protein Bar Choc Hazelnut 50g,$4.50,$9.00/100g,"https://cdn.metcash.media/image/upload/f_auto,c_limit,w_300,q_auto/igashop/images/180000000372"
Mr Chen's Malaysian Laksa Meal Kit 241g,$7.50,$3.11/100g,https://www.igashop.com.au/static/default-product-image.png
TravaCalm Natural Tablets 10 Pack,$5.60,$0.56 each,"https://cdn.metcash.media/image/upload/f_auto,c_limit,w_300,q_auto/igashop/images/343898"
Olina's Bakehouse Artisan Crackers Cranberry & Pumpkin Seed Gluten Free,$6.00,N/A,"https://cdn.metcash.media/image/upload/f_auto,c_limit,w_300,q_auto/igashop/images/180000000385"
Tasmanian Heritage Tamanian Heritage Club Smoked Cheddar 140g,$6.50,$4.64/100g,"https://cdn.metcash.media/image/upload/f_auto,c_limit,w_300,q_auto/igashop/images/292238"
Korbond Number 6 Birthday Candle,$1.60,N/A,"https://cdn.metcash.media/image/upload/f_auto,c_limit,w_300,q_auto/igashop/images/266025"
The Candy Market Strawberry Clouds 150g,$2.20,$1.47/100g,"https://cdn.metcash.media/image/upload/f_auto,c_limit,w_300,q_auto/igashop/images/190000004466"
Multix Aluminium Foil Wide 30 Metres,$7.85,N/A,"https://cdn.metcash.media/image/upload/f_auto,c_limit,w_300,q_auto/igashop/images/359946"
Mars Variety 20 Piece Fun Size Giant Value Pack 20 Pack,$5.00,$0.25 each,"https://cdn.metcash.media/image/upload/f_auto,c_limit,w_300,q_auto/igashop/images/190000004720"
Betty Crocker Gluten Free Cookie Mix Chocolate Chunk 380g,$8.00,$2.11/100g,https://www.igashop.com.au/static/default-product-image.png
Earth Choice Wool Wash 1L,$2.70,$2.70/1L,"https://cdn.metcash.media/image/upload/f_auto,c_limit,w_300,q_auto/igashop/images/498025"
Flora Margarine Spread Salt Reduced 500g,$4.50,$0.90/100g,"https://cdn.metcash.media/image/upload/f_auto,c_limit,w_300,q_auto/igashop/images/160000011647"
Nature's Gift Dog Food Chicken Loaf 100g,$1.00,$1.00/100g,"https://cdn.metcash.media/image/upload/f_auto,c_limit,w_300,q_auto/igashop/images/986049"
Hercules Resealable Bags Large 15 Pack,$3.20,$0.21 each,"https://cdn.metcash.media/image/upload/f_auto,c_limit,w_300,q_auto/igashop/images/20000003284"
On The Menu South Indian Coconut Chicken Curry Bowl 350g,$7.90,$2.26/100g,https://www.igashop.com.au/static/default-product-image.png
Primo Thinly Sliced Chicken Breast 80g,$3.00,$3.75/100g,"https://cdn.metcash.media/image/upload/f_auto,c_limit,w_300,q_auto/igashop/images/700053"
Heinz Baked Beans Ham Sauce 555g,$3.00,$0.54/100g,"https://cdn.metcash.media/image/upload/f_auto,c_limit,w_300,q_auto/igashop/images/899412"
Coca Cola No Sugar Glass Bottle 4 Pack,$8.10,$2.03 each,"https://cdn.metcash.media/image/upload/f_auto,c_limit,w_300,q_auto/igashop/images/275294"
Lindt Teddy Tin 104g,$15.00,$14.42/100g,"https://cdn.metcash.media/image/upload/f_auto,c_limit,w_300,q_auto/igashop/images/160000000386"
Peters Skinny Cow Vanilla Choc with Peanuts Ice Cream 4 Pack,$7.00,$1.75 each,"https://cdn.metcash.media/image/upload/f_auto,c_limit,w_300,q_auto/igashop/images/407875"
Nestlé KitKat Honeycomb Smash Block 170g,$6.00,$3.53/100g,"https://cdn.metcash.media/image/upload/f_auto,c_limit,w_300,q_auto/igashop/images/70398"
Birds Eye Beans Sliced 1kg,$6.80,$6.80/kg,"https://cdn.metcash.media/image/upload/f_auto,c_limit,w_300,q_auto/igashop/images/106783"
Noshu Choc Chip Cookies 300g,$7.50,$2.50/100g,"https://cdn.metcash.media/image/upload/f_auto,c_limit,w_300,q_auto/igashop/images/20000005038"
Palmolive Naturals Sea Minerals Body Wash with Seaweed & Sea Salt 1L,$12.00,$12.00/1L,"https://cdn.metcash.media/image/upload/f_auto,c_limit,w_300,q_auto/igashop/images/321231"
Majans Infuzions Prawn Crackers BBQ Rib Flavour 90g,$4.50,$5.00/100g,"https://cdn.metcash.media/image/upload/f_auto,c_limit,w_300,q_auto/igashop/images/514376"
Heinz Tomato Ketchup Less Sugar 500mL,$4.50,$0.90/100mL,"https://cdn.metcash.media/image/upload/f_auto,c_limit,w_300,q_auto/igashop/images/931701"
Nobby's Salted Cashews 250g,$8.00,$3.20/100g,https://www.igashop.com.au/static/default-product-image.png
White Wings Unbelievably Good Cake Mix Chocolate Chip Brownie 475g,$5.90,$1.24/100g,https://www.igashop.com.au/static/default-product-image.png
Lynx Deodorant Aerosol Excite 165mL,$8.00,$4.85/100mL,"https://cdn.metcash.media/image/upload/f_auto,c_limit,w_300,q_auto/igashop/images/747678"
Bean Supreme Falafel Burgers 300g,$8.20,$2.73/100g,"https://cdn.metcash.media/image/upload/f_auto,c_limit,w_300,q_auto/igashop/images/172564"
Obela Mexican Style Classic Salsa 220g,$5.50,$2.50/100g,https://www.igashop.com.au/static/default-product-image.png
Listerine Mouthwash 1L,$8.75,$8.75/1L,"https://cdn.metcash.media/image/upload/f_auto,c_limit,w_300,q_auto/igashop/images/386985"
Olay Anti Wrinkle Provital Night Cream For Mature Skin 50g,$13.15,$26.30/100g,"https://cdn.metcash.media/image/upload/f_auto,c_limit,w_300,q_auto/igashop/images/978774"
Old El Paso Mexican Green Jalapenos 250g,$4.95,$1.98/100g,"https://cdn.metcash.media/image/upload/f_auto,c_limit,w_300,q_auto/igashop/images/50160"
Harris Smokehouse Smoked Ocean Trout Sliced 100g,$8.50,$8.50/100g,"https://cdn.metcash.media/image/upload/f_auto,c_limit,w_300,q_auto/igashop/images/8259"
Heinz Little Kids Snack Chickpea Puffs With Carrot & Broccoli 12g,$2.15,$17.92/100g,"https://cdn.metcash.media/image/upload/f_auto,c_limit,w_300,q_auto/igashop/images/602690"
Devondale Dairy Soft Butter Blend 500g,$6.70,$1.34/100g,"https://cdn.metcash.media/image/upload/f_auto,c_limit,w_300,q_auto/igashop/images/195229"
Morning Fresh Dishwashing Liquid Raspberry & Crisp Apple 900mL,$5.00,$0.56/100mL,"https://cdn.metcash.media/image/upload/f_auto,c_limit,w_300,q_auto/igashop/images/483266"
Heinz Beanz Baked Beans in Tomato Sauce Big Value Multipack 3 Pack,$5.20,$1.73 each,"https://cdn.metcash.media/image/upload/f_auto,c_limit,w_300,q_auto/igashop/images/474097"
Colgate Toothpaste Total Pump Clean Mint 130mL,$9.00,$6.92/100mL,"https://cdn.metcash.media/image/upload/f_auto,c_limit,w_300,q_auto/igashop/images/180000005378"
Supercoat Smartblend Puppy Food With Chicken 2.6kg,$9.00,$3.46/kg,"https://cdn.metcash.media/image/upload/f_auto,c_limit,w_300,q_auto/igashop/images/662852"
Korbond Nye Serviettes,$2.50,N/A,https://www.igashop.com.au/static/default-product-image.png
I&J Prawns Tail On 500g,$24.00,$4.80/100g,"https://cdn.metcash.media/image/upload/f_auto,c_limit,w_300,q_auto/igashop/images/180000002489"
Medjool Dates 227g,$10.95,$4.82/100g,"https://cdn.metcash.media/image/upload/f_auto,c_limit,w_300,q_auto/igashop/images/20000003747"
Peters Skinny Cow Vanilla Choc with Peanuts Ice Cream 4 Pack,$9.55,$2.39 each,"https://cdn.metcash.media/image/upload/f_auto,c_limit,w_300,q_auto/igashop/images/20000007303"
iCare Wipex Double Length Paper Towel 2 Pack,$4.00,$2.00 each,"https://cdn.metcash.media/image/upload/f_auto,c_limit,w_300,q_auto/igashop/images/20000006700"
Heinz Beanz The One for Two Multipack 3 Pack,$5.50,$1.83 each,"https://cdn.metcash.media/image/upload/f_auto,c_limit,w_300,q_auto/igashop/images/890984"
Centrum Advance 60 Pack,$19.50,$0.33 each,"https://cdn.metcash.media/image/upload/f_auto,c_limit,w_300,q_auto/igashop/images/316147"
John West Zesty Vinaigrette Tuna 95g,$1.45,$1.53/100g,"https://cdn.metcash.media/image/upload/f_auto,c_limit,w_300,q_auto/igashop/images/607103"
Sudafed PE Sinus + Pain Relief Tablets 20 Pack,$16.30,$0.82 each,"https://cdn.metcash.media/image/upload/f_auto,c_limit,w_300,q_auto/igashop/images/160000004596"
Jack Hammer Paint Brush 25mm,$3.50,N/A,https://www.igashop.com.au/static/default-product-image.png
Cold Power Laundry Detergent Liquid Odour Fighter 4L,$39.00,$9.75/1L,"https://cdn.metcash.media/image/upload/f_auto,c_limit,w_300,q_auto/igashop/images/362054"
Maggie Beer Plum Paste Plum 100g,$6.30,$6.30/100g,"https://cdn.metcash.media/image/upload/f_auto,c_limit,w_300,q_auto/igashop/images/972045"
The Juice Brothers Blueberry Blend 1L,$5.00,$5.00/1L,"https://cdn.metcash.media/image/upload/f_auto,c_limit,w_300,q_auto/igashop/images/1800000069668"
McCain Man Size Chicken Kiev 480g,$9.50,$1.98/100g,"https://cdn.metcash.media/image/upload/f_auto,c_limit,w_300,q_auto/igashop/images/847229"
Country Delights Snowballs 8 Pack,$4.10,$0.51 each,"https://cdn.metcash.media/image/upload/f_auto,c_limit,w_300,q_auto/igashop/images/940491"
Only Organic Pumpkin Potato & Beef 170g,$2.90,$1.71/100g,"https://cdn.metcash.media/image/upload/f_auto,c_limit,w_300,q_auto/igashop/images/937142"
I&J Salt & Pepper Fish Tenders 320g,$8.00,$2.50/100g,"https://cdn.metcash.media/image/upload/f_auto,c_limit,w_300,q_auto/igashop/images/438915"
Multix Garbage Bag With Handles 15 Pack,$4.10,$0.27 each,"https://cdn.metcash.media/image/upload/f_auto,c_limit,w_300,q_auto/igashop/images/933203"
Lee Kum Kee Hoi Sin Sauce 240g,$4.50,$1.88/100g,"https://cdn.metcash.media/image/upload/f_auto,c_limit,w_300,q_auto/igashop/images/190000001632"
Baby Bellies Organic Softcorn Berry & Apple 8g,$1.95,$24.38/100g,"https://cdn.metcash.media/image/upload/f_auto,c_limit,w_300,q_auto/igashop/images/746198"
Stonebake Italian Herb & Garlic Pizza Base 2 Pack 400g,$5.20,$1.30/100g,"https://cdn.metcash.media/image/upload/f_auto,c_limit,w_300,q_auto/igashop/images/1800000067949"
TRESemmé Pro Pure Radiant Colour Conditioner 675mL,$13.00,$1.93/100mL,"https://cdn.metcash.media/image/upload/f_auto,c_limit,w_300,q_auto/igashop/images/160000010311"
Ecostore Manuka Honey Kelp Soap 80g,$3.30,$4.13/100g,"https://cdn.metcash.media/image/upload/f_auto,c_limit,w_300,q_auto/igashop/images/892334"
Breaka Strawberry Flavoured Milk 500mL,$3.10,$0.62/100mL,"https://cdn.metcash.media/image/upload/f_auto,c_limit,w_300,q_auto/igashop/images/183997"
Sunbeam Pepitas 130g,$3.05,$2.35/100g,https://www.igashop.com.au/static/default-product-image.png
Medisol Premium Heel Balm 120mL,$13.95,$11.63/100mL,"https://cdn.metcash.media/image/upload/f_auto,c_limit,w_300,q_auto/igashop/images/153638"
Chicken Stir Fry 500g,Final cost based on weight,$9.00/$18.00,"https://cdn.metcash.media/image/upload/f_auto,c_limit,w_300,q_auto/igashop/images/80080125"
Calbee Harvest Snaps Chickpea Crisps Sriracha & Yuzu 75g,$3.50,$4.67/100g,"https://cdn.metcash.media/image/upload/f_auto,c_limit,w_300,q_auto/igashop/images/190000001833"
Mumamoo Stage Three Premium Toddler Milk Drink 1 -3 Years 800g,$24.40,$3.05/100g,"https://cdn.metcash.media/image/upload/f_auto,c_limit,w_300,q_auto/igashop/images/212657"
Nature's Gift Sustain Kangaroo Dry Dog Food 2.5kg,$14.95,$5.98/kg,"https://cdn.metcash.media/image/upload/f_auto,c_limit,w_300,q_auto/igashop/images/635729"
Ausfresh Sicilian Olives with Lemon & Garlic 150g,$4.10,$2.73/100g,https://www.igashop.com.au/static/default-product-image.png
Mission Wraps Original 8 Pack,$5.50,$0.69 each,"https://cdn.metcash.media/image/upload/f_auto,c_limit,w_300,q_auto/igashop/images/622137"
Philadelphia Cream Cheese Spread Light Tub 250g,$5.70,$2.28/100g,"https://cdn.metcash.media/image/upload/f_auto,c_limit,w_300,q_auto/igashop/images/155376"
Helga's Soft White Mini Wraps 360g,$4.50,$1.25/100g,https://www.igashop.com.au/static/default-product-image.png
Gourmet Delight with Whitemeat Tuna & Flaked Salmon 85g,$1.05,$1.24/100g,"https://cdn.metcash.media/image/upload/f_auto,c_limit,w_300,q_auto/igashop/images/48626"
Borg's Lamb & Spinach Gozleme 300g,$6.10,$2.03/100g,"https://cdn.metcash.media/image/upload/f_auto,c_limit,w_300,q_auto/igashop/images/180000000733"
Bulla Creamy Classics Mint Choc Chip Ice Cream 2L,$6.00,$3.00/1L,"https://cdn.metcash.media/image/upload/f_auto,c_limit,w_300,q_auto/igashop/images/193895"
Masterfoods Herbs And Spices Moroccan Seasoning 52g,$3.50,$6.73/100g,"https://cdn.metcash.media/image/upload/f_auto,c_limit,w_300,q_auto/igashop/images/180000005702"
Willow Swing and Stay Tidy Bin 15 L,$18.00,N/A,"https://cdn.metcash.media/image/upload/f_auto,c_limit,w_300,q_auto/igashop/images/273297"
Mortein NaturGard Multi-Insect Automatic Refill Fragrance Free 2 Pack,$16.25,$8.13 each,"https://cdn.metcash.media/image/upload/f_auto,c_limit,w_300,q_auto/igashop/images/310544"
Lemnos Traditional Fetta 180g,$6.80,$3.78/100g,"https://cdn.metcash.media/image/upload/f_auto,c_limit,w_300,q_auto/igashop/images/158235"
Bundaberg White Sugar 1kg,$2.25,$2.25/kg,"https://cdn.metcash.media/image/upload/f_auto,c_limit,w_300,q_auto/igashop/images/306236"
Rafferty's Garden Brown Rice Bean & Pumpkin 8+ Months 120g,$2.15,$1.79/100g,"https://cdn.metcash.media/image/upload/f_auto,c_limit,w_300,q_auto/igashop/images/26653"
Kevron Key Tags Fluoro Assorted 4 Pack,$4.00,$1.00 each,"https://cdn.metcash.media/image/upload/f_auto,c_limit,w_300,q_auto/igashop/images/686940"
Pump Watermelon Hit Water Bottle 750mL,$2.75,$0.37/100mL,"https://cdn.metcash.media/image/upload/f_auto,c_limit,w_300,q_auto/igashop/images/180000003651"
Bakers Collection Fruit Mince Tarts 6 Pack 300g,$8.50,$2.83/100g,"https://cdn.metcash.media/image/upload/f_auto,c_limit,w_300,q_auto/igashop/images/180000002093"
Kehoe's Beetroot Sauerkraut 410g,$11.95,$2.91/100g,"https://cdn.metcash.media/image/upload/f_auto,c_limit,w_300,q_auto/igashop/images/20000005018"
Ocean Blue Mini Blinis 168g,$4.40,$2.62/100g,"https://cdn.metcash.media/image/upload/f_auto,c_limit,w_300,q_auto/igashop/images/837059"
Pilpel Hummous 350g,$7.00,$2.00/100g,"https://cdn.metcash.media/image/upload/f_auto,c_limit,w_300,q_auto/igashop/images/20000000761"
Griffin's Chocolate Biscuits Squiggles Hokey Pokey 215g,$5.95,$2.77/100g,"https://cdn.metcash.media/image/upload/f_auto,c_limit,w_300,q_auto/igashop/images/190000005211"
Butlers Irish Whisky Dark Chocolate Truffles 170g,$18.95,$11.15/100g,"https://cdn.metcash.media/image/upload/f_auto,c_limit,w_300,q_auto/igashop/images/190000002093"
DON Salami Danish 200g,$7.90,$3.95/100g,"https://cdn.metcash.media/image/upload/f_auto,c_limit,w_300,q_auto/igashop/images/111217"
Creative Gourmet Pink Dragonfruit Chunks 400g,$5.50,$1.38/100g,"https://cdn.metcash.media/image/upload/f_auto,c_limit,w_300,q_auto/igashop/images/600258"
DermaVeen Daily Nourish Moisturising Lotion for Dry & Sensitive Skin 500mL,$17.00,$3.40/100mL,"https://cdn.metcash.media/image/upload/f_auto,c_limit,w_300,q_auto/igashop/images/796538"
Little Bellies Rice Cracker Banana 100g,$5.00,$5.00/100g,"https://cdn.metcash.media/image/upload/f_auto,c_limit,w_300,q_auto/igashop/images/274421"
Black & Gold Sardines In Saltwater 125g,$1.00,$0.80/100g,"https://cdn.metcash.media/image/upload/f_auto,c_limit,w_300,q_auto/igashop/images/72028"
Cadbury Easter Eggs 187g,$10.20,$5.45/100g,"https://cdn.metcash.media/image/upload/f_auto,c_limit,w_300,q_auto/igashop/images/180000003532"
Campbell's Real Beef Liquid Stock 1L,$4.50,$4.50/1L,"https://cdn.metcash.media/image/upload/f_auto,c_limit,w_300,q_auto/igashop/images/325426"
Weis Ice Cream Half & Half Pine Lime & Vanilla 1L,$10.00,$10.00/1L,"https://cdn.metcash.media/image/upload/f_auto,c_limit,w_300,q_auto/igashop/images/384399"
Beerenberg Australian Blackberry Jam 300g,$6.15,$2.05/100g,"https://cdn.metcash.media/image/upload/f_auto,c_limit,w_300,q_auto/igashop/images/880159"
Rafferty's Garden Pumpkin & Spinach Pasta Bake 6+ Months 120g,$2.30,$1.92/100g,"https://cdn.metcash.media/image/upload/f_auto,c_limit,w_300,q_auto/igashop/images/190000002535"
Lipton Ice Tea Lemon 1.5L,$2.75,$1.83/1L,"https://cdn.metcash.media/image/upload/f_auto,c_limit,w_300,q_auto/igashop/images/360060"
Suimin K-Pow Bowl Noodles Cheesy Chicken 105g,$3.50,$3.33/100g,"https://cdn.metcash.media/image/upload/f_auto,c_limit,w_300,q_auto/igashop/images/180000006393"
Optimum Healthy Weight 1+ years Wet Cat Food Chicken Chunks In Jelly 85g,$2.25,$2.65/100g,"https://cdn.metcash.media/image/upload/f_auto,c_limit,w_300,q_auto/igashop/images/804166_1"
Vittoria Espresso Ground Coffee 200g,$10.00,$5.00/100g,"https://cdn.metcash.media/image/upload/f_auto,c_limit,w_300,q_auto/igashop/images/329404"
Snowdonia Fig & Apple Chutney 114g,$6.95,$6.10/100g,"https://cdn.metcash.media/image/upload/f_auto,c_limit,w_300,q_auto/igashop/images/190000002037"
Campbells Real Stock Vegetable Salt Reduced 500mL,$2.75,$0.55/100mL,"https://cdn.metcash.media/image/upload/f_auto,c_limit,w_300,q_auto/igashop/images/553477"
Ozkleen Mint Kleen Trigger 500mL,$5.20,$1.04/100mL,"https://cdn.metcash.media/image/upload/f_auto,c_limit,w_300,q_auto/igashop/images/346003"
Weis Macadamia Mango Ice Cream Bar 70mL,$5.00,$7.14/100mL,"https://cdn.metcash.media/image/upload/f_auto,c_limit,w_300,q_auto/igashop/images/676623"
Dilmah Extra Strength Tea Bags 200 Pack,$15.00,$0.08 each,"https://cdn.metcash.media/image/upload/f_auto,c_limit,w_300,q_auto/igashop/images/481086"
Jordans Granola Low Sugar Cherry & Almond 500g,$7.00,$1.40/100g,"https://cdn.metcash.media/image/upload/f_auto,c_limit,w_300,q_auto/igashop/images/980140"
Broccoli Floret 340g,Final cost based on weight,$2.35/$6.90,"https://cdn.metcash.media/image/upload/f_auto,c_limit,w_300,q_auto/igashop/images/80060003"
From Good Roots Creamy Pasta Salad 800g,$8.25,$1.03/100g,"https://cdn.metcash.media/image/upload/f_auto,c_limit,w_300,q_auto/igashop/images/190000001120"
Darrell Lea Rocklea Road Block 170g,$5.00,$2.94/100g,https://www.igashop.com.au/static/default-product-image.png
Praise Mayonnaise Whole Egg Squeeze 230g,$4.50,$1.96/100g,"https://cdn.metcash.media/image/upload/f_auto,c_limit,w_300,q_auto/igashop/images/741075"
Mushroom Cups Loose 1kg,Final cost based on weight,$12.95/$12.95,"https://cdn.metcash.media/image/upload/f_auto,c_limit,w_300,q_auto/igashop/images/80060046"
Kinder Happy Hippo 105g,$5.00,$4.76/100g,"https://cdn.metcash.media/image/upload/f_auto,c_limit,w_300,q_auto/igashop/images/20000003564"
Gold Max Soft Multigrain Sandwich Bread 700g,$2.90,$0.41/100g,"https://cdn.metcash.media/image/upload/f_auto,c_limit,w_300,q_auto/igashop/images/160000018106"
Veet Hair Removal Wax Warm 375g,$14.00,$3.73/100g,"https://cdn.metcash.media/image/upload/f_auto,c_limit,w_300,q_auto/igashop/images/605826"
Nerds Rope Very Berry 26g,$3.50,$13.46/100g,https://www.igashop.com.au/static/default-product-image.png
Cadbury Dairy Milk Chocolate Bar 75g,$2.75,$3.67/100g,"https://cdn.metcash.media/image/upload/f_auto,c_limit,w_300,q_auto/igashop/images/871574"
Active Expert Dishwasher Pods 45 Pack,$11.50,$0.26 each,"https://cdn.metcash.media/image/upload/f_auto,c_limit,w_300,q_auto/igashop/images/180000003497"
Maggi Slow Cooker Juicy Lamb Shanks Recipe Base 40g,$1.85,$4.63/100g,"https://cdn.metcash.media/image/upload/f_auto,c_limit,w_300,q_auto/igashop/images/160000012643"
Remedy Kombucha Watermelon & Mint 330mL,$5.00,$1.52/100mL,"https://cdn.metcash.media/image/upload/f_auto,c_limit,w_300,q_auto/igashop/images/20000007246"
Cadbury Dairy Milk Caramilk Mini Ice Cream 6 Pack,$12.00,$2.00 each,"https://cdn.metcash.media/image/upload/f_auto,c_limit,w_300,q_auto/igashop/images/180000005993"
Vicks Vapodrops Lozenges Peppermint 24 Pack,$5.90,$0.25 each,"https://cdn.metcash.media/image/upload/f_auto,c_limit,w_300,q_auto/igashop/images/83639"
Vaseline Expert Care Body Lotion Visibily Firmer 200mL,$12.00,$6.00/100mL,"https://cdn.metcash.media/image/upload/f_auto,c_limit,w_300,q_auto/igashop/images/160000005995"
Lindt Lindor Casket Milk 93g,$15.00,$16.13/100g,https://www.igashop.com.au/static/default-product-image.png
McKenzie's Bicarbonate Soda 350g,$5.20,$1.49/100g,"https://cdn.metcash.media/image/upload/f_auto,c_limit,w_300,q_auto/igashop/images/318657"
Korbond Christmas Premium Glitter Wrap,$2.00,N/A,"https://cdn.metcash.media/image/upload/f_auto,c_limit,w_300,q_auto/igashop/images/989995"
Pedigree Dentastix Large Dental Dog Treat 28 Pack,$19.00,$0.68 each,"https://cdn.metcash.media/image/upload/f_auto,c_limit,w_300,q_auto/igashop/images/64313"
Golden Circle Australian Pineapple Slices in Syrup 450g,$3.90,$0.87/100g,"https://cdn.metcash.media/image/upload/f_auto,c_limit,w_300,q_auto/igashop/images/170000000806"
Schick Xtreme 3 Ultimate 4 Pack,$8.65,$2.16 each,"https://cdn.metcash.media/image/upload/f_auto,c_limit,w_300,q_auto/igashop/images/639294"
Bulla Splits Raspberry 1L,$5.00,$5.00/1L,https://www.igashop.com.au/static/default-product-image.png
Korbond Christmas Bon Bons Family 12 Pack,$8.00,$0.67 each,"https://cdn.metcash.media/image/upload/f_auto,c_limit,w_300,q_auto/igashop/images/774057"
Valcom Canned Chestnuts Water Sliced 227g,$1.60,$0.70/100g,"https://cdn.metcash.media/image/upload/f_auto,c_limit,w_300,q_auto/igashop/images/497281"
Fanta Zero Flavours Lemon 600mL,$4.45,$0.74/100mL,"https://cdn.metcash.media/image/upload/f_auto,c_limit,w_300,q_auto/igashop/images/180000005663"
Black & Gold Rectangle Containers 5 Pack,$3.00,$0.60 each,"https://cdn.metcash.media/image/upload/f_auto,c_limit,w_300,q_auto/igashop/images/242123"
Nestle Nesquik Cereal Bar Banana Choc Cereal Bar 120g,$2.75,$2.29/100g,https://www.igashop.com.au/static/default-product-image.png
A&T Seafood Salad Mix 500g,$5.50,$1.10/100g,"https://cdn.metcash.media/image/upload/f_auto,c_limit,w_300,q_auto/igashop/images/180000001682"
Korbond Elastic Poly 12mmx2m,$4.20,N/A,"https://cdn.metcash.media/image/upload/f_auto,c_limit,w_300,q_auto/igashop/images/251790"
Pantene Pro-V Classic Care Conditioner 900mL,$20.00,$2.22/100mL,"https://cdn.metcash.media/image/upload/f_auto,c_limit,w_300,q_auto/igashop/images/343330"
Borg's Pastizzi Pizza Style 625g,$7.50,$1.20/100g,"https://cdn.metcash.media/image/upload/f_auto,c_limit,w_300,q_auto/igashop/images/1800000068339"
Sunbeam Walnuts Value Pack 300g,$12.25,$4.08/100g,"https://cdn.metcash.media/image/upload/f_auto,c_limit,w_300,q_auto/igashop/images/190000003305"
Enzo's Tortelini Alla Pana 300g,$10.95,$3.65/100g,"https://cdn.metcash.media/image/upload/f_auto,c_limit,w_300,q_auto/igashop/images/190000001298"
Selleys Glue Fix & Go Shoe Repair,$7.50,N/A,https://www.igashop.com.au/static/default-product-image.png
Olive Grove Spread Buttery & Sea Salt 500g,$4.50,$0.90/100g,"https://cdn.metcash.media/image/upload/f_auto,c_limit,w_300,q_auto/igashop/images/20000001711"
Brunswick Wild Sardines In Tomato Sauce 106g,$3.10,$2.92/100g,"https://cdn.metcash.media/image/upload/f_auto,c_limit,w_300,q_auto/igashop/images/92439"
Philips Tornado Bayonet Cap Cool Daylight 24W,$9.00,N/A,"https://cdn.metcash.media/image/upload/f_auto,c_limit,w_300,q_auto/igashop/images/714942"
Valcom Canned Bamboo Shoots Sliced 225g,$1.60,$0.71/100g,"https://cdn.metcash.media/image/upload/f_auto,c_limit,w_300,q_auto/igashop/images/497265"
Edenvale Non Alcoholic Wine Sparkling Cuvee 750mL,$11.50,$1.53/100mL,"https://cdn.metcash.media/image/upload/f_auto,c_limit,w_300,q_auto/igashop/images/69923"
Edgell Nourish Bowl Spiced Lentil 200g,$4.00,$2.00/100g,"https://cdn.metcash.media/image/upload/f_auto,c_limit,w_300,q_auto/igashop/images/433193"
Reese's Chocolate Peanut Butter Snacksize Sharebag 12 Pack,$7.50,$0.62 each,"https://cdn.metcash.media/image/upload/f_auto,c_limit,w_300,q_auto/igashop/images/619820"
Rexona Men Antiperspirant Aerosol Deodorant Original with Antibacterial Protection 250mL,$6.00,$2.40/100mL,"https://cdn.metcash.media/image/upload/f_auto,c_limit,w_300,q_auto/igashop/images/29185"
Blue Ribbon Light Ice Cream Vanilla 2L,$6.50,$3.25/1L,"https://cdn.metcash.media/image/upload/f_auto,c_limit,w_300,q_auto/igashop/images/109367"
Golden Circle Australian Pineapple Pieces In Syrup 450g,$3.90,$0.87/100g,"https://cdn.metcash.media/image/upload/f_auto,c_limit,w_300,q_auto/igashop/images/24347"
Bonne Maman Raspberry Jam 370g,$6.90,$1.86/100g,"https://cdn.metcash.media/image/upload/f_auto,c_limit,w_300,q_auto/igashop/images/180000000351"
Schwarzkopf Extra Care Normal Balance Nourishing Leave In Treatment 150mL,$7.00,$4.67/100mL,"https://cdn.metcash.media/image/upload/f_auto,c_limit,w_300,q_auto/igashop/images/160000003677"
Borrowdale Pork Mince 500g,$8.45,$1.69/100g,"https://cdn.metcash.media/image/upload/f_auto,c_limit,w_300,q_auto/igashop/images/914819"
Vitawerx White Chocolate Coconut Rough Bar 100g,$8.95,$8.95/100g,"https://cdn.metcash.media/image/upload/f_auto,c_limit,w_300,q_auto/igashop/images/190000005156"
Byron Chai Indian Spiced Tea 200g,$17.95,$8.98/100g,"https://cdn.metcash.media/image/upload/f_auto,c_limit,w_300,q_auto/igashop/images/180000001393"
"Nature's Gift Loaf Chicken,Turkey & Vegetables Wet Dog Food 700g",$3.50,$0.50/100g,"https://cdn.metcash.media/image/upload/f_auto,c_limit,w_300,q_auto/igashop/images/851192"
Black & Gold Frozen Dim Sims 1kg,$7.45,$7.45/kg,"https://cdn.metcash.media/image/upload/f_auto,c_limit,w_300,q_auto/igashop/images/108175"
Mortein Powergard Lure & Kill Easy Reach 350g,$8.75,$2.50/100g,"https://cdn.metcash.media/image/upload/f_auto,c_limit,w_300,q_auto/igashop/images/20000006741"
Childs Farm Bubble Bath Organic Tangerine 250mL,$10.00,$4.00/100mL,https://www.igashop.com.au/static/default-product-image.png
Herbal Essences Hydrate Coconut Milk Shampoo 400mL,$10.30,$2.58/100mL,"https://cdn.metcash.media/image/upload/f_auto,c_limit,w_300,q_auto/igashop/images/947414"
Palmolive 2 in 1 Berrylicious 350mL,$5.00,$1.43/100mL,"https://cdn.metcash.media/image/upload/f_auto,c_limit,w_300,q_auto/igashop/images/327931"
John West Rainbow Trout Smoked Fillets in Chilli Oil 115g,$5.30,$4.61/100g,"https://cdn.metcash.media/image/upload/f_auto,c_limit,w_300,q_auto/igashop/images/190000002304"
Sara Lee Baked Cheesecake Chocolate Ganache 760g,$16.50,$2.17/100g,"https://cdn.metcash.media/image/upload/f_auto,c_limit,w_300,q_auto/igashop/images/180000003435"
Country Delight Australia Day Choc Mudcake 500g,$8.65,$1.73/100g,https://www.igashop.com.au/static/default-product-image.png
Anticol Throat Lozenge 3 Pack,$6.50,$2.17 each,"https://cdn.metcash.media/image/upload/f_auto,c_limit,w_300,q_auto/igashop/images/3820"
SPC Spaghetti Rich Tomato 4 Pack,$5.50,$1.38 each,"https://cdn.metcash.media/image/upload/f_auto,c_limit,w_300,q_auto/igashop/images/867245"
Moccona Freeze Dried Instant Coffee Espresso 400g,$37.50,$9.38/100g,"https://cdn.metcash.media/image/upload/f_auto,c_limit,w_300,q_auto/igashop/images/36810"
Kenilworth Choc Mousse Belgian 500g,$8.60,$1.72/100g,"https://cdn.metcash.media/image/upload/f_auto,c_limit,w_300,q_auto/igashop/images/20000005905"
Indomie Chitato Mi Goreng Chips 55g,$2.25,$4.09/100g,"https://cdn.metcash.media/image/upload/f_auto,c_limit,w_300,q_auto/igashop/images/34410"
Bertolli Five Brothers Pasta Sauce Tomato & Basil 500g,$4.60,$0.92/100g,"https://cdn.metcash.media/image/upload/f_auto,c_limit,w_300,q_auto/igashop/images/150000007525"
Black & Gold Parrot and Wild Bird Mix 2kg,$4.40,$2.20/kg,"https://cdn.metcash.media/image/upload/f_auto,c_limit,w_300,q_auto/igashop/images/20000002557"
Tasmanian Heritage Summer Herbs Vintage with Sundried Tomato Cheddar 140g,$6.50,$4.64/100g,"https://cdn.metcash.media/image/upload/f_auto,c_limit,w_300,q_auto/igashop/images/291892"
Skittles Sours Lollies Large Bag 190g,$6.00,$3.16/100g,"https://cdn.metcash.media/image/upload/f_auto,c_limit,w_300,q_auto/igashop/images/43299"
Doritos XXL Corn Chips Smokehouse BBQ 150g,$5.00,$3.33/100g,"https://cdn.metcash.media/image/upload/f_auto,c_limit,w_300,q_auto/igashop/images/687140"
Bakers Collection Meringues Swirl Caramel 165g,$5.00,$3.03/100g,https://www.igashop.com.au/static/default-product-image.png
Nestlé KitKat Chunky Packed With Milo 45g,$1.50,$3.33/100g,"https://cdn.metcash.media/image/upload/f_auto,c_limit,w_300,q_auto/igashop/images/659003"
Colgate Brush Gentle Comfort Clean Soft 2 Pack,$9.00,$4.50 each,"https://cdn.metcash.media/image/upload/f_auto,c_limit,w_300,q_auto/igashop/images/189613"
Banana Boat Sunscreen Sport Roll On SPF50+ 75mL,$14.00,$18.67/100mL,"https://cdn.metcash.media/image/upload/f_auto,c_limit,w_300,q_auto/igashop/images/329187"
Energizer Max AAA Batteries 8 Pack,$9.50,$1.19 each,"https://cdn.metcash.media/image/upload/f_auto,c_limit,w_300,q_auto/igashop/images/257084"
Life Savers Fruit Tingles 150g,$2.50,$1.67/100g,"https://cdn.metcash.media/image/upload/f_auto,c_limit,w_300,q_auto/igashop/images/383212"
SunRice Australian Medium Grain Calrose Rice 5kg,$19.00,$3.80/kg,"https://cdn.metcash.media/image/upload/f_auto,c_limit,w_300,q_auto/igashop/images/43058"
McKenzie's Tapioca Flour 300g,$4.00,$1.33/100g,"https://cdn.metcash.media/image/upload/f_auto,c_limit,w_300,q_auto/igashop/images/781512"
Roccasdeli Fine Wafer Original Crackers 100g,$5.00,$5.00/100g,"https://cdn.metcash.media/image/upload/f_auto,c_limit,w_300,q_auto/igashop/images/8081"
Uncle Tobys Oats Quick Sachets Breakfast Cereal Original 20 Pack,$10.00,$0.50 each,"https://cdn.metcash.media/image/upload/f_auto,c_limit,w_300,q_auto/igashop/images/200406"
Green's Traditional Lemon Cake Mix 470g,$3.00,$0.64/100g,"https://cdn.metcash.media/image/upload/f_auto,c_limit,w_300,q_auto/igashop/images/656584"
Ayam Lemon Chicken Sauce 210mL,$4.00,$1.90/100mL,"https://cdn.metcash.media/image/upload/f_auto,c_limit,w_300,q_auto/igashop/images/160000012193"
Nudie Dairy Free Coconut Yoghurt Vanilla 500g,$7.00,$1.40/100g,"https://cdn.metcash.media/image/upload/f_auto,c_limit,w_300,q_auto/igashop/images/180000000096"
My Dog Gourmet Beef Loaf Classics Wet Dog Food Can 400g,$2.40,$0.60/100g,"https://cdn.metcash.media/image/upload/f_auto,c_limit,w_300,q_auto/igashop/images/952621"
Fresh Bake Apple Cake 300g,$8.95,$2.98/100g,"https://cdn.metcash.media/image/upload/f_auto,c_limit,w_300,q_auto/igashop/images/20000000603"
Simply Wize Irresistible Gluten Free Snakes 150g,$4.70,$3.13/100g,"https://cdn.metcash.media/image/upload/f_auto,c_limit,w_300,q_auto/igashop/images/160000014248"
Healtheries Rice Wheels Chicken Flavour 6 Pack,$4.50,$0.75 each,"https://cdn.metcash.media/image/upload/f_auto,c_limit,w_300,q_auto/igashop/images/975519"
Aveeno Oat Milk Blend Conditioner 354mL,$19.50,$5.51/100mL,"https://cdn.metcash.media/image/upload/f_auto,c_limit,w_300,q_auto/igashop/images/170000000525"
Level Lemonade and Orange 300mL,$3.25,$1.08/100mL,"https://cdn.metcash.media/image/upload/f_auto,c_limit,w_300,q_auto/igashop/images/871383"
Dove Nourishing Secrets Shampoo Strengthening Ritual 320mL,$3.85,$1.20/100mL,"https://cdn.metcash.media/image/upload/f_auto,c_limit,w_300,q_auto/igashop/images/837863"
Mutti Passata Siciliana 400g,$4.80,$1.20/100g,"https://cdn.metcash.media/image/upload/f_auto,c_limit,w_300,q_auto/igashop/images/231177"
CSR White Sugar 500g,$1.95,$0.39/100g,"https://cdn.metcash.media/image/upload/f_auto,c_limit,w_300,q_auto/igashop/images/51459"
Jordans Crispy Oat Clusters Wild About Berries 500g,$7.00,$1.40/100g,"https://cdn.metcash.media/image/upload/f_auto,c_limit,w_300,q_auto/igashop/images/980153"
Ingham's Self Basting Frozen Turkey Buffe Breast 2.8kg,$40.80,$14.57/kg,https://www.igashop.com.au/static/default-product-image.png
La Banderita Soft Tortilla 10 Pack,$11.00,$1.10 each,"https://cdn.metcash.media/image/upload/f_auto,c_limit,w_300,q_auto/igashop/images/190000000949"
Schick Intuition Razor Kit Lemon Berry + 2 Pack,$17.50,$8.75 each,"https://cdn.metcash.media/image/upload/f_auto,c_limit,w_300,q_auto/igashop/images/293221"
Mortein Mozzie Zapper Mosquito & Fly Control Refill 45mL,$13.00,$28.89/100mL,"https://cdn.metcash.media/image/upload/f_auto,c_limit,w_300,q_auto/igashop/images/917760"
Latina Fresh Beef Bolognese Pasta Sauce 425g,$7.50,$1.76/100g,"https://cdn.metcash.media/image/upload/f_auto,c_limit,w_300,q_auto/igashop/images/140478"
L'Oréal Paris Magic Retouch Hair Colour 4 Light Brown,$19.00,N/A,"https://cdn.metcash.media/image/upload/f_auto,c_limit,w_300,q_auto/igashop/images/630473"
Jordans Low Sugar Granola Blueberry & Coconut 500g,$7.00,$1.40/100g,"https://cdn.metcash.media/image/upload/f_auto,c_limit,w_300,q_auto/igashop/images/160000011054"
Snowdonia Balsamic Caramelised Onion Chutney 100g,$6.95,$6.95/100g,"https://cdn.metcash.media/image/upload/f_auto,c_limit,w_300,q_auto/igashop/images/190000002039"
Barilla Pasta Sauce Bolognaise 400g,$4.90,$1.23/100g,"https://cdn.metcash.media/image/upload/f_auto,c_limit,w_300,q_auto/igashop/images/417980"
SunRice Basmati Rice Pouch 250g,$3.00,$1.20/100g,"https://cdn.metcash.media/image/upload/f_auto,c_limit,w_300,q_auto/igashop/images/61048"
IGA Premium 4 Star Beef Mince 500g,$11.00,$2.20/100g,"https://cdn.metcash.media/image/upload/f_auto,c_limit,w_300,q_auto/igashop/images/715930"
Enzo's Rigatoni Assisi 300g,$10.95,$3.65/100g,"https://cdn.metcash.media/image/upload/f_auto,c_limit,w_300,q_auto/igashop/images/190000000959"
Old El Paso Salsa Thick N Chunky Mild 375g,$5.50,$1.47/100g,"https://cdn.metcash.media/image/upload/f_auto,c_limit,w_300,q_auto/igashop/images/9787"
Delucas Cottage Pie 1.1kg,$21.95,$19.95/kg,"https://cdn.metcash.media/image/upload/f_auto,c_limit,w_300,q_auto/igashop/images/190000001728"
Menz Jelichocs Choccy Snakes 130g,$6.05,$4.65/100g,"https://cdn.metcash.media/image/upload/f_auto,c_limit,w_300,q_auto/igashop/images/178264"
Tip Top Sunblest Soft White Toast 700g,$4.10,$0.59/100g,"https://cdn.metcash.media/image/upload/f_auto,c_limit,w_300,q_auto/igashop/images/817059"
Peckish Flavoured Rice Crackers Salt & Vinegar 6 Pack,$3.00,$0.50 each,"https://cdn.metcash.media/image/upload/f_auto,c_limit,w_300,q_auto/igashop/images/160000000839"
Cadbury Mixed Baubles 651g,$20.00,$3.07/100g,"https://cdn.metcash.media/image/upload/f_auto,c_limit,w_300,q_auto/igashop/images/190000009683"
Multix Greener Plant Based Lemon Scent Tidy Bags Medium 25 Pack,$4.60,$0.18 each,https://www.igashop.com.au/static/default-product-image.png
Grannys Muffin Vanilla Choc Chip 6 Pack,$7.10,$1.18 each,https://www.igashop.com.au/static/default-product-image.png
Trident Light Coconut Milk 400mL,$5.30,$1.33/100mL,"https://cdn.metcash.media/image/upload/f_auto,c_limit,w_300,q_auto/igashop/images/20000006826"
SunRice Australian Medium Grain Calrose Rice 2kg,$6.50,$3.25/kg,"https://cdn.metcash.media/image/upload/f_auto,c_limit,w_300,q_auto/igashop/images/43804"
Glad Wrap Mini 20cmx20m,$2.60,N/A,"https://cdn.metcash.media/image/upload/f_auto,c_limit,w_300,q_auto/igashop/images/50330"
Nobby's Salted Peanuts 50g,$2.30,$4.60/100g,"https://cdn.metcash.media/image/upload/f_auto,c_limit,w_300,q_auto/igashop/images/369802"
Masterfoods Herbs And Spices No Added Salt All Purpose Jar 38g,$3.50,$9.21/100g,"https://cdn.metcash.media/image/upload/f_auto,c_limit,w_300,q_auto/igashop/images/373432"
Pantene Pro-V Daily Moisture Renewal Conditioner 375mL,$5.00,$1.33/100mL,"https://cdn.metcash.media/image/upload/f_auto,c_limit,w_300,q_auto/igashop/images/781774"
Chobani Fit X Banana Peanut Punch 140g,$3.49,$2.49/100g,"https://cdn.metcash.media/image/upload/f_auto,c_limit,w_300,q_auto/igashop/images/190000000955"
Dutch Organic Loaf Apricot & Raisin 620g,$7.00,$1.13/100g,"https://cdn.metcash.media/image/upload/f_auto,c_limit,w_300,q_auto/igashop/images/20000006870"
All The Graze Halloumi 180g,$9.00,$5.00/100g,https://www.igashop.com.au/static/default-product-image.png
Maggi 2 Minute Instant Cup Noodle Chicken 60g,$1.25,$2.08/100g,"https://cdn.metcash.media/image/upload/f_auto,c_limit,w_300,q_auto/igashop/images/81784"
Dettol Tru Clean Multi-Purpose Trigger Citrus 500mL,$6.00,$1.20/100mL,"https://cdn.metcash.media/image/upload/f_auto,c_limit,w_300,q_auto/igashop/images/587272"
Bibigo Steamed Pork Dumplings 280g,$8.65,$3.09/100g,"https://cdn.metcash.media/image/upload/f_auto,c_limit,w_300,q_auto/igashop/images/557316"
Dairy Farmers Whole Milk 1L,$2.70,$2.70/1L,"https://cdn.metcash.media/image/upload/f_auto,c_limit,w_300,q_auto/igashop/images/180478"
Sukin Blemish Control Spot Banishing Gel 15mL,$17.35,$115.67/100mL,"https://cdn.metcash.media/image/upload/f_auto,c_limit,w_300,q_auto/igashop/images/160000012511"
BIC Round Stic Classic Assorted 10 Pack,$2.50,$0.25 each,"https://cdn.metcash.media/image/upload/f_auto,c_limit,w_300,q_auto/igashop/images/264968"
Four 'N Twenty Snack Pack 24 Pack,$15.00,$0.63 each,"https://cdn.metcash.media/image/upload/f_auto,c_limit,w_300,q_auto/igashop/images/100127"
Nescafe Gold Original 100g,$14.50,$14.50/100g,"https://cdn.metcash.media/image/upload/f_auto,c_limit,w_300,q_auto/igashop/images/12227"
Sweet William Chocolate Baking Buttons Dark Choc 300g,$8.95,$2.98/100g,"https://cdn.metcash.media/image/upload/f_auto,c_limit,w_300,q_auto/igashop/images/190000004268"
Angelo's Beef Lasagna 500g,$15.00,$3.00/100g,"https://cdn.metcash.media/image/upload/f_auto,c_limit,w_300,q_auto/igashop/images/190000004776"
Dari's Table Harissa Hummus Dip 200g,$4.75,$2.38/100g,"https://cdn.metcash.media/image/upload/f_auto,c_limit,w_300,q_auto/igashop/images/1141"
Eveready Red Heavy Duty AAA 4 Pack,$4.20,$1.05 each,"https://cdn.metcash.media/image/upload/f_auto,c_limit,w_300,q_auto/igashop/images/902901"
Pearl River Bridge Superior Dark Soy Sauce 150mL,$1.90,$1.27/100mL,"https://cdn.metcash.media/image/upload/f_auto,c_limit,w_300,q_auto/igashop/images/20000005381"
Abbott's Bakery Gluten Free Soy & Linseed 500g,$7.90,$1.58/100g,"https://cdn.metcash.media/image/upload/f_auto,c_limit,w_300,q_auto/igashop/images/670119"
Lolly Bag Witchity Grubs 100g,$2.20,$2.20/100g,https://www.igashop.com.au/static/default-product-image.png
Uncle Tobys Oats Traditional Porridge 1kg,$6.50,$6.50/kg,"https://cdn.metcash.media/image/upload/f_auto,c_limit,w_300,q_auto/igashop/images/71946"
"SPC Fruit Salad Pears, Peaches & Pineapple In Juice 825g",$5.30,$0.64/100g,"https://cdn.metcash.media/image/upload/f_auto,c_limit,w_300,q_auto/igashop/images/459699"
Well Naturally No Sugar Added Milk Choc Bar 45g,$4.00,$8.89/100g,"https://cdn.metcash.media/image/upload/f_auto,c_limit,w_300,q_auto/igashop/images/612674"
Santa Vittoria Sparkling Mineral Water 6 Pack,$10.60,$1.77 each,"https://cdn.metcash.media/image/upload/f_auto,c_limit,w_300,q_auto/igashop/images/190000003027"
MasterFoods Onion Salt 68g,$3.50,$5.15/100g,"https://cdn.metcash.media/image/upload/f_auto,c_limit,w_300,q_auto/igashop/images/363848"
MasterFoods Garlic & Herb No Added Salt Seasoning 37g,$3.50,$9.46/100g,"https://cdn.metcash.media/image/upload/f_auto,c_limit,w_300,q_auto/igashop/images/624016"
Cadbury Dairy Milk Chocolate Block 180g,$4.00,$2.22/100g,"https://cdn.metcash.media/image/upload/f_auto,c_limit,w_300,q_auto/igashop/images/463075"
Pop Tops Tropical 6 Pack,$5.90,$0.98 each,"https://cdn.metcash.media/image/upload/f_auto,c_limit,w_300,q_auto/igashop/images/642145"
Ferrero Rocher Chocolate Easter Egg Gift Sleever 200g,$18.35,$9.18/100g,"https://cdn.metcash.media/image/upload/f_auto,c_limit,w_300,q_auto/igashop/images/105619"
Musashi Shred & Burn Protein Shake Chocolate 375mL,$4.95,$1.32/100mL,"https://cdn.metcash.media/image/upload/f_auto,c_limit,w_300,q_auto/igashop/images/665685"
Australia's Own Dairy Standard Full Cream 1L,$2.15,$2.15/1L,"https://cdn.metcash.media/image/upload/f_auto,c_limit,w_300,q_auto/igashop/images/31585"
The Candy Market Owls 150g,$2.20,$1.47/100g,"https://cdn.metcash.media/image/upload/f_auto,c_limit,w_300,q_auto/igashop/images/190000004459"
Darrell Lea Watermelon Nibs 200g,$6.10,$3.05/100g,"https://cdn.metcash.media/image/upload/f_auto,c_limit,w_300,q_auto/igashop/images/383225"
Black & Gold French Style Cheesecake 450g,$5.20,$1.16/100g,"https://cdn.metcash.media/image/upload/f_auto,c_limit,w_300,q_auto/igashop/images/113015"
Ultimates Indulge Whitemeat Tuna With Chicken Liver 85g,$1.75,$2.06/100g,"https://cdn.metcash.media/image/upload/f_auto,c_limit,w_300,q_auto/igashop/images/160000005579"
Purina Disney Mickey Mouse Plush Toy,$10.10,N/A,"https://cdn.metcash.media/image/upload/f_auto,c_limit,w_300,q_auto/igashop/images/782000"
Trident Instant Soup Thai Tom Yum 60g,$2.80,$4.67/100g,"https://cdn.metcash.media/image/upload/f_auto,c_limit,w_300,q_auto/igashop/images/572803"
Maybelline Color Tattoo Eye Stix I Am Inspired 1.4g,$23.00,"$1,642.86/100g",https://www.igashop.com.au/static/default-product-image.png
Milk Chocolate Gold Coins In Mesh Bag 80g,$1.00,$1.25/100g,"https://cdn.metcash.media/image/upload/f_auto,c_limit,w_300,q_auto/igashop/images/331888"
Toscano Classic Brioche Rolls 280g 4 Pack,$7.00,$1.75 each,"https://cdn.metcash.media/image/upload/f_auto,c_limit,w_300,q_auto/igashop/images/744798"
Aeroplane Jelly Lite Orange Mango 2 Pack,$2.50,$1.25 each,"https://cdn.metcash.media/image/upload/f_auto,c_limit,w_300,q_auto/igashop/images/180000000159"
Simply Clean Lemon Myrtle Air Freshener 125mL,$6.00,$4.80/100mL,"https://cdn.metcash.media/image/upload/f_auto,c_limit,w_300,q_auto/igashop/images/150000008100"
Cadbury Dairy Milk Gift Box 200g,$12.25,$6.13/100g,"https://cdn.metcash.media/image/upload/f_auto,c_limit,w_300,q_auto/igashop/images/318403"
Terry's Chocolate Orange Hot Cross Buns 272g,$7.50,$2.76/100g,"https://cdn.metcash.media/image/upload/f_auto,c_limit,w_300,q_auto/igashop/images/1800000069981"
Nestlé Chocolate Incredible Easter Egg 425g,$30.60,$7.20/100g,https://www.igashop.com.au/static/default-product-image.png
Palmolive Ultra Strength Concentrate With Lemon Extracts Antibacterial Dishwashing Liquid 500mL,$3.50,$0.70/100mL,"https://cdn.metcash.media/image/upload/f_auto,c_limit,w_300,q_auto/igashop/images/552706"
Swisse Ultiboost Magnesium 60 Pack,$25.00,$0.42 each,"https://cdn.metcash.media/image/upload/f_auto,c_limit,w_300,q_auto/igashop/images/61637"
Uncle Tobys Cheerios Breakfast Cereal Low Sugar 450g,$7.50,$1.67/100g,"https://cdn.metcash.media/image/upload/f_auto,c_limit,w_300,q_auto/igashop/images/302266"
GARNIER Fructis Normal Strength & Shine Conditioner 315mL,$7.10,$2.25/100mL,"https://cdn.metcash.media/image/upload/f_auto,c_limit,w_300,q_auto/igashop/images/271850"
Maggi Gravy Roast Chicken 24g,$1.25,$5.21/100g,"https://cdn.metcash.media/image/upload/f_auto,c_limit,w_300,q_auto/igashop/images/615732"
Deeko 2 Ply White Lunch Napkins 50 Pack 50 Pack,$4.80,$0.10 each,"https://cdn.metcash.media/image/upload/f_auto,c_limit,w_300,q_auto/igashop/images/42340"
"Continental Pasta Sensations Tomato, Parmesan & Basil with Sour Cream 98g",$3.50,$3.57/100g,"https://cdn.metcash.media/image/upload/f_auto,c_limit,w_300,q_auto/igashop/images/282589"
Stayfree Ultra Thin Regular Pads 14 Pack,$3.00,$0.21 each,"https://cdn.metcash.media/image/upload/f_auto,c_limit,w_300,q_auto/igashop/images/80665"
YoPRO Salted Caramel Flavoured Yoghurt 160g,$3.20,$2.00/100g,"https://cdn.metcash.media/image/upload/f_auto,c_limit,w_300,q_auto/igashop/images/807449"
Primo Sliced Pepperoni 100g,$5.70,$5.70/100g,"https://cdn.metcash.media/image/upload/f_auto,c_limit,w_300,q_auto/igashop/images/1800000070807"
Laucke Bread Mix Super Soft White 10kg,$30.55,$3.06/kg,https://www.igashop.com.au/static/default-product-image.png
Roza's Gourmet Traditional Chicken Bone Broth 500g,$9.50,$1.90/100g,"https://cdn.metcash.media/image/upload/f_auto,c_limit,w_300,q_auto/igashop/images/160000012417"
Pantene Pro-V Ultimate 10 Repair & Protect Shampoo 375mL,$10.00,$2.67/100mL,"https://cdn.metcash.media/image/upload/f_auto,c_limit,w_300,q_auto/igashop/images/781685"
Lindt Excellence 70% Dark 100g,$4.95,$4.95/100g,"https://cdn.metcash.media/image/upload/f_auto,c_limit,w_300,q_auto/igashop/images/376647"
Colgate Max White Medium Manual Toothbrush 3 Pack,$10.00,$3.33 each,"https://cdn.metcash.media/image/upload/f_auto,c_limit,w_300,q_auto/igashop/images/798962"
Trident Hot And Spicy Flavour Noodles 425g,$4.50,$1.06/100g,https://www.igashop.com.au/static/default-product-image.png
Medix Cold & Flu Pe + Pain Capsule Shaped Tablets 16 Pack,$9.00,$0.56 each,"https://cdn.metcash.media/image/upload/f_auto,c_limit,w_300,q_auto/igashop/images/180000003629"
Beechworth Bush Honey 400g,$8.00,$2.00/100g,"https://cdn.metcash.media/image/upload/f_auto,c_limit,w_300,q_auto/igashop/images/761198"
Community Co Ranch Bowl 200g,$6.50,$3.25/100g,https://www.igashop.com.au/static/default-product-image.png
Maggi Teriyaki & Sesame Chicken Stir Fry 150g,$3.20,$2.13/100g,"https://cdn.metcash.media/image/upload/f_auto,c_limit,w_300,q_auto/igashop/images/376406"
Ecostore Dishwashing Liquid Grapefruit 1L,$8.80,$8.80/1L,"https://cdn.metcash.media/image/upload/f_auto,c_limit,w_300,q_auto/igashop/images/892855"
Somat Duo In Wash Dishwasher Cleaner For Use In A Loaded Dishwashing Cycle 3 Pack,$7.10,$2.37 each,"https://cdn.metcash.media/image/upload/f_auto,c_limit,w_300,q_auto/igashop/images/190000002625"
Canesten Tinaderm Antifungal Powder Spray 100g,$13.00,$13.00/100g,"https://cdn.metcash.media/image/upload/f_auto,c_limit,w_300,q_auto/igashop/images/37670"
Garnier BB Cream Anti Age Light 50mL,$17.00,$34.00/100mL,"https://cdn.metcash.media/image/upload/f_auto,c_limit,w_300,q_auto/igashop/images/674998"
Musashi Muscle Recovery Protein Shake Chocolate Milkshake 375mL,$4.95,$1.32/100mL,"https://cdn.metcash.media/image/upload/f_auto,c_limit,w_300,q_auto/igashop/images/665237"
Ice Break Iced Coffee Regular Strength 500mL,$3.95,$0.79/100mL,"https://cdn.metcash.media/image/upload/f_auto,c_limit,w_300,q_auto/igashop/images/176932"
Red Tractor Wheat Free Rolled Oats 600g,$7.00,$1.17/100g,"https://cdn.metcash.media/image/upload/f_auto,c_limit,w_300,q_auto/igashop/images/9722"
Cremeux Truffle Brie 180g,$11.95,$6.64/100g,"https://cdn.metcash.media/image/upload/f_auto,c_limit,w_300,q_auto/igashop/images/190000002648"
Black Swan Crafted Caramelised French Onion Dip 170g,$5.10,$3.00/100g,https://www.igashop.com.au/static/default-product-image.png
Yes You Can Banana Bread Mix 450g,$7.50,$1.67/100g,"https://cdn.metcash.media/image/upload/f_auto,c_limit,w_300,q_auto/igashop/images/160000017870"
Whittaker's Block Dark Salted Caramel 250g,$9.00,$3.60/100g,"https://cdn.metcash.media/image/upload/f_auto,c_limit,w_300,q_auto/igashop/images/928313"
ViledaAnsell Gloves Handy Fresh Disposable Large 100 Pack,$19.50,$0.20 each,"https://cdn.metcash.media/image/upload/f_auto,c_limit,w_300,q_auto/igashop/images/251033"
Nescafe Espresso Coffee Concentrate Vanilla 500mL,$5.50,$1.10/100mL,"https://cdn.metcash.media/image/upload/f_auto,c_limit,w_300,q_auto/igashop/images/180000002343"
Mainland Sweet Cinnamon Spreadable 140g,$4.00,$2.86/100g,"https://cdn.metcash.media/image/upload/f_auto,c_limit,w_300,q_auto/igashop/images/661555"
Pickers Herb & Parmesan Cauliflower Bites 230g,$6.00,$2.61/100g,"https://cdn.metcash.media/image/upload/f_auto,c_limit,w_300,q_auto/igashop/images/650570"
Head & Shoulders Supreme Moisture Conditioner 80mL,$3.10,$3.88/100mL,"https://cdn.metcash.media/image/upload/f_auto,c_limit,w_300,q_auto/igashop/images/747762"
San Remo Spirals Large Pasta No 53 750g,$3.60,$0.48/100g,"https://cdn.metcash.media/image/upload/f_auto,c_limit,w_300,q_auto/igashop/images/72112"
Gippsland Dairy Toffee Honeycomb Twist 700g,$7.90,$1.13/100g,"https://cdn.metcash.media/image/upload/f_auto,c_limit,w_300,q_auto/igashop/images/873754"
Finish Powder Concentrate Classic Lemon 1kg,$15.00,$15.00/kg,"https://cdn.metcash.media/image/upload/f_auto,c_limit,w_300,q_auto/igashop/images/313937"
Three Threes Pickles Mustard Spreadable 390g,$3.00,$0.77/100g,"https://cdn.metcash.media/image/upload/f_auto,c_limit,w_300,q_auto/igashop/images/324446"
Garnier Skinactive Micellar Reusable Eco Pads 3 Pack,$17.35,$5.78 each,"https://cdn.metcash.media/image/upload/f_auto,c_limit,w_300,q_auto/igashop/images/679118"
King Oscar Mackerel Mediterranean 115g,$3.30,$2.87/100g,"https://cdn.metcash.media/image/upload/f_auto,c_limit,w_300,q_auto/igashop/images/752149"
Colgate Total Original Antibacterial Fluoride Toothpaste 40g,$2.50,$6.25/100g,"https://cdn.metcash.media/image/upload/f_auto,c_limit,w_300,q_auto/igashop/images/30429"
Schick Xtreme Disposable Razors Mens 22 Pack,$22.45,$1.02 each,https://www.igashop.com.au/static/default-product-image.png
Homestyle Bake English Muffins 6 Pack,$6.00,$1.00 each,https://www.igashop.com.au/static/default-product-image.png
Saxa Natural Rock Salt 500g,$2.80,$0.56/100g,"https://cdn.metcash.media/image/upload/f_auto,c_limit,w_300,q_auto/igashop/images/934110"
Celco 909 Maths Compass Set,$7.15,N/A,"https://cdn.metcash.media/image/upload/f_auto,c_limit,w_300,q_auto/igashop/images/290854"
Kinder Santa 75g,$2.50,$3.33/100g,"https://cdn.metcash.media/image/upload/f_auto,c_limit,w_300,q_auto/igashop/images/26925"
Leggos Gourmet Rich Tomato Passata Roasted Garlic 400g,$3.30,$0.83/100g,"https://cdn.metcash.media/image/upload/f_auto,c_limit,w_300,q_auto/igashop/images/180000006319"
Oral-B Sensitivity and Gum Extra Fresh Breath Toothpaste 90g,$10.00,$11.11/100g,"https://cdn.metcash.media/image/upload/f_auto,c_limit,w_300,q_auto/igashop/images/160000001766"
DON Skin On Franks 500g,$8.05,$1.61/100g,"https://cdn.metcash.media/image/upload/f_auto,c_limit,w_300,q_auto/igashop/images/175517"
The Goods Beef Bone Broth 400mL,$10.50,$2.63/100mL,"https://cdn.metcash.media/image/upload/f_auto,c_limit,w_300,q_auto/igashop/images/894771"
Gevity Bone Broth Body Glue Boost 260g,$35.95,$13.83/100g,"https://cdn.metcash.media/image/upload/f_auto,c_limit,w_300,q_auto/igashop/images/190000002295"
Panadol Capsules Cold & Flu 16 Pack,$12.00,$0.75 each,"https://cdn.metcash.media/image/upload/f_auto,c_limit,w_300,q_auto/igashop/images/700956"
Listerine Coolmint Mouthwash 250mL,$4.95,$1.98/100mL,"https://cdn.metcash.media/image/upload/f_auto,c_limit,w_300,q_auto/igashop/images/370633"
Vaalia Kids Probiotic Yoghurt Vanilla Pouch 140g,$2.50,$1.79/100g,"https://cdn.metcash.media/image/upload/f_auto,c_limit,w_300,q_auto/igashop/images/107637"
Steggles Sweet Chilli Chicken Tenders 1kg,$13.50,$13.50/kg,"https://cdn.metcash.media/image/upload/f_auto,c_limit,w_300,q_auto/igashop/images/61763"
"Yoplait Classics Strawberry, Mango, Vanilla Yoghurt Multipack 6 Pack",$7.00,$1.17 each,"https://cdn.metcash.media/image/upload/f_auto,c_limit,w_300,q_auto/igashop/images/928017"
Batiste Blush Dry Shampoo 200mL,$9.95,$4.98/100mL,"https://cdn.metcash.media/image/upload/f_auto,c_limit,w_300,q_auto/igashop/images/407485"
Dairy Farmers Thick & Creamy Yoghurt Yellow Box Honey 150g,$1.50,$1.00/100g,"https://cdn.metcash.media/image/upload/f_auto,c_limit,w_300,q_auto/igashop/images/180761"
Morning Fresh Dishwashing Liquid Original 400mL,$3.00,$0.75/100mL,"https://cdn.metcash.media/image/upload/f_auto,c_limit,w_300,q_auto/igashop/images/297869"
Birds Eye Seasoned Sides Farmhouse Mix 600g,$7.00,$1.17/100g,"https://cdn.metcash.media/image/upload/f_auto,c_limit,w_300,q_auto/igashop/images/301778"
Bref Scent Switch Marine Aromatic Citrus Toilet Cleaner 50g,$7.00,$14.00/100g,"https://cdn.metcash.media/image/upload/f_auto,c_limit,w_300,q_auto/igashop/images/683573"
Continental Cup A Soup Large Creamy Chicken & Corn 35g,$2.50,$7.14/100g,"https://cdn.metcash.media/image/upload/f_auto,c_limit,w_300,q_auto/igashop/images/135758"
Fantastic Gluten Free Rice Noodle Cup Chicken 45g,$2.50,$5.56/100g,"https://cdn.metcash.media/image/upload/f_auto,c_limit,w_300,q_auto/igashop/images/170000000686"
A2 Milk Full Cream Milk 3L,$9.90,$3.30/1L,"https://cdn.metcash.media/image/upload/f_auto,c_limit,w_300,q_auto/igashop/images/726347"
Community Co Single Origin Coffee Capsules 10 Pack,$4.50,$0.45 each,"https://cdn.metcash.media/image/upload/f_auto,c_limit,w_300,q_auto/igashop/images/190000011715"
Old El Paso Mexican Burrito Spice Mix Mild 40g,$3.00,$7.50/100g,"https://cdn.metcash.media/image/upload/f_auto,c_limit,w_300,q_auto/igashop/images/328521"
Handee Ultra Paper Towels 4 Pack,$4.00,$1.00 each,"https://cdn.metcash.media/image/upload/f_auto,c_limit,w_300,q_auto/igashop/images/314349"
John West Chunk Style Tuna In Springwater 425g,$5.70,$1.34/100g,"https://cdn.metcash.media/image/upload/f_auto,c_limit,w_300,q_auto/igashop/images/438449"
Up & Go Liquid Breakfast Strawberry 3 Pack,$7.00,$2.33 each,"https://cdn.metcash.media/image/upload/f_auto,c_limit,w_300,q_auto/igashop/images/76"
Boulder Canyon Chips Totally Natural 142g,$9.00,$6.34/100g,"https://cdn.metcash.media/image/upload/f_auto,c_limit,w_300,q_auto/igashop/images/160000013546"
Bulla Murray Street Banoffee 1L,$12.00,$12.00/1L,"https://cdn.metcash.media/image/upload/f_auto,c_limit,w_300,q_auto/igashop/images/437147"
Skara Chorizo 200g,$9.50,$4.75/100g,https://www.igashop.com.au/static/default-product-image.png
Listerine Antibacterial Mouthwash Cherry Blossom and Peach 500mL,$4.00,$0.80/100mL,"https://cdn.metcash.media/image/upload/f_auto,c_limit,w_300,q_auto/igashop/images/160000000504"
Lynx Voodoo Deodorant Bodyspray 165mL,$8.00,$4.85/100mL,"https://cdn.metcash.media/image/upload/f_auto,c_limit,w_300,q_auto/igashop/images/747288"
Golden Circle Apple Raspberry Fruit Drink Multipack Poppers 6 Pack,$5.10,$0.85 each,"https://cdn.metcash.media/image/upload/f_auto,c_limit,w_300,q_auto/igashop/images/74350"
Cadbury Dairy Milk Neapolitan Special Edition 50g,$2.50,$5.00/100g,"https://cdn.metcash.media/image/upload/f_auto,c_limit,w_300,q_auto/igashop/images/164744"
Listerine Cool Mint Mouthwash 500mL,$4.00,$0.80/100mL,"https://cdn.metcash.media/image/upload/f_auto,c_limit,w_300,q_auto/igashop/images/653023"
Dulcolax Constipation Relief 5mg 20 Pack,$4.50,$0.23 each,"https://cdn.metcash.media/image/upload/f_auto,c_limit,w_300,q_auto/igashop/images/626424"
Chux Dishwand Heavy Duty,$5.10,N/A,https://www.igashop.com.au/static/default-product-image.png
Vitawerx Protein White Chocolate Bar 35g,$4.50,$12.86/100g,"https://cdn.metcash.media/image/upload/f_auto,c_limit,w_300,q_auto/igashop/images/190000003905"
Green's Cookies & Cream Cupcakes Mix 380g,$5.50,$1.45/100g,"https://cdn.metcash.media/image/upload/f_auto,c_limit,w_300,q_auto/igashop/images/332070"
Pacific West Prawn Platter 700g,$8.65,$1.24/100g,"https://cdn.metcash.media/image/upload/f_auto,c_limit,w_300,q_auto/igashop/images/180000003164"
Dove Advanced Care Antiperspirant Apple And White Tea McGrath 250mL,$5.75,$2.30/100mL,"https://cdn.metcash.media/image/upload/f_auto,c_limit,w_300,q_auto/igashop/images/1800000068148"
Sukin Signature Cleansing Hand Wash 500mL,$12.00,$2.40/100mL,"https://cdn.metcash.media/image/upload/f_auto,c_limit,w_300,q_auto/igashop/images/160000012512"
Celebrate Health Tomato Sauce 430mL,$5.70,$1.33/100mL,"https://cdn.metcash.media/image/upload/f_auto,c_limit,w_300,q_auto/igashop/images/156461"
Lynx Antiperspirant Aerosol Aqua Bergamot 150mL,$5.00,$3.33/100mL,"https://cdn.metcash.media/image/upload/f_auto,c_limit,w_300,q_auto/igashop/images/659626"
Streets Blue Ribbon Vanilla Ice Cream 2L,$6.50,$3.25/1L,"https://cdn.metcash.media/image/upload/f_auto,c_limit,w_300,q_auto/igashop/images/120834"
Beak & Sons Gourmet Beef Sausages 500g,$9.25,$1.85/100g,"https://cdn.metcash.media/image/upload/f_auto,c_limit,w_300,q_auto/igashop/images/529839"
Orgran Chocolate Cake Mix 375g,$7.50,$2.00/100g,"https://cdn.metcash.media/image/upload/f_auto,c_limit,w_300,q_auto/igashop/images/497561"
Women's Cotton Briefs Size 14-16 Black or White,$8.50,N/A,"https://cdn.metcash.media/image/upload/f_auto,c_limit,w_300,q_auto/igashop/images/180000001372"
Cadbury Dairy Milk Hazelnut Milk Chocolate Block 180g,$4.00,$2.22/100g,"https://cdn.metcash.media/image/upload/f_auto,c_limit,w_300,q_auto/igashop/images/468148"
MasterFoods Lamb Casserole Slow Cook Recipe Base 175g,$2.70,$1.54/100g,"https://cdn.metcash.media/image/upload/f_auto,c_limit,w_300,q_auto/igashop/images/87507"
Fairy Dish Washer Spray Fresh & Light 450mL,$12.00,$2.67/100mL,https://www.igashop.com.au/static/default-product-image.png
Cutex Nail Polish Remover Strengthening 100mL,$5.00,$5.00/100mL,"https://cdn.metcash.media/image/upload/f_auto,c_limit,w_300,q_auto/igashop/images/430637"
NIVEA MEN Sensitive After Shave Balm 100mL,$7.80,$7.80/100mL,"https://cdn.metcash.media/image/upload/f_auto,c_limit,w_300,q_auto/igashop/images/317538"
Nyal Cough Syrups Bronchitis Mix 200mL,$11.00,$5.50/100mL,"https://cdn.metcash.media/image/upload/f_auto,c_limit,w_300,q_auto/igashop/images/48969"
U By Kotex Tampons Super Bulk 32 Pack,$8.00,$0.25 each,"https://cdn.metcash.media/image/upload/f_auto,c_limit,w_300,q_auto/igashop/images/864137"
Dari’s Table Olive Hummus 200g,$4.75,$2.38/100g,"https://cdn.metcash.media/image/upload/f_auto,c_limit,w_300,q_auto/igashop/images/190000002670"
Huggies Ultra Dry Nappy Pants Size 4 Boy 62 Pack,$33.50,$0.54 each,"https://cdn.metcash.media/image/upload/f_auto,c_limit,w_300,q_auto/igashop/images/160000011762"
Cadbury Dairy Milk Micro Mini Egg Gift Box 163g,$13.50,$8.28/100g,"https://cdn.metcash.media/image/upload/f_auto,c_limit,w_300,q_auto/igashop/images/1800000068996"
Heinz Big N Chunky Canned Soup Peppered Steak 535g,$4.40,$0.82/100g,"https://cdn.metcash.media/image/upload/f_auto,c_limit,w_300,q_auto/igashop/images/329226"
Purina Total Care Flea Treatment Total Care Flea Powder Cat And Dog 200g,$12.45,$6.23/100g,"https://cdn.metcash.media/image/upload/f_auto,c_limit,w_300,q_auto/igashop/images/638447"
White King Powerclean Bleach Lemon 1L,$4.40,$4.40/1L,"https://cdn.metcash.media/image/upload/f_auto,c_limit,w_300,q_auto/igashop/images/348725"
Cadbury Dairy Milk Chocolate Easter Eggs Bag 243g,$13.25,$5.45/100g,"https://cdn.metcash.media/image/upload/f_auto,c_limit,w_300,q_auto/igashop/images/898649"
Lion Vanilla Cake Mix 340g,$1.65,$0.49/100g,https://www.igashop.com.au/static/default-product-image.png
Half Chinese Wombok Cabbage,$3.50,N/A,"https://cdn.metcash.media/image/upload/f_auto,c_limit,w_300,q_auto/igashop/images/80050006"
Lipton Tea Bags Intense 240g,$4.00,$1.67/100g,https://www.igashop.com.au/static/default-product-image.png
Waterfords Lightly Sparkling Water 500mL,$2.30,$0.46/100mL,"https://cdn.metcash.media/image/upload/f_auto,c_limit,w_300,q_auto/igashop/images/20000004735"
Palmolive Antibacterial Liquid Hand Wash Soap Lime Odour Neutralising Refill & Save 500mL,$3.75,$0.75/100mL,"https://cdn.metcash.media/image/upload/f_auto,c_limit,w_300,q_auto/igashop/images/342033"
Duracell Lithium Batteries 3V CR2025 4 Pack,$16.30,$4.08 each,"https://cdn.metcash.media/image/upload/f_auto,c_limit,w_300,q_auto/igashop/images/893568"
Hawaiian Tropic Silk Hydration Sunscreen Spray SPF50+ 175g,$24.00,$13.71/100g,"https://cdn.metcash.media/image/upload/f_auto,c_limit,w_300,q_auto/igashop/images/354014"
Schweppes Mineral Water Strawberry Watermelon Soft Drink 375mL,$9.50,$2.53/100mL,"https://cdn.metcash.media/image/upload/f_auto,c_limit,w_300,q_auto/igashop/images/180000006456"
Tyrrell's Potato Crisp Salt & Vinegar 165g,$3.80,$2.30/100g,"https://cdn.metcash.media/image/upload/f_auto,c_limit,w_300,q_auto/igashop/images/180000000248"
iCare Double Length 3 Ply Toilet Roll 4 Pack,$5.65,$1.41 each,"https://cdn.metcash.media/image/upload/f_auto,c_limit,w_300,q_auto/igashop/images/342229"
Wrigley's Extra Strawberry Chewing Gum Sugar Free 27g,$2.50,$9.26/100g,"https://cdn.metcash.media/image/upload/f_auto,c_limit,w_300,q_auto/igashop/images/44949"
Smith's Crinkle Cut Potato Chips Crispy Bacon 45g,$1.50,$3.33/100g,"https://cdn.metcash.media/image/upload/f_auto,c_limit,w_300,q_auto/igashop/images/1800000071450"
My Dog Beef & Veal Loaf Classics Wet Dog Food Can 400g,$3.00,$0.75/100g,"https://cdn.metcash.media/image/upload/f_auto,c_limit,w_300,q_auto/igashop/images/17308"
Chux DishWand Non-Scratch Refills 3 Pack,$6.00,$2.00 each,"https://cdn.metcash.media/image/upload/f_auto,c_limit,w_300,q_auto/igashop/images/245045"
Saint Bernard Stretch Rope Bone,$10.60,N/A,https://www.igashop.com.au/static/default-product-image.png
Armor All Summer Melons Air Freshener,$4.60,N/A,"https://cdn.metcash.media/image/upload/f_auto,c_limit,w_300,q_auto/igashop/images/190000003445"
Pitt Street Bakers Chocolate Kahlua Christmas Pudding 140g,$8.65,$6.18/100g,"https://cdn.metcash.media/image/upload/f_auto,c_limit,w_300,q_auto/igashop/images/249345"
Community Co Bar Iced Christmas Cake 500g,$3.00,$0.60/100g,https://www.igashop.com.au/static/default-product-image.png
The Meet Co Strips 320g,$8.99,$2.81/100g,"https://cdn.metcash.media/image/upload/f_auto,c_limit,w_300,q_auto/igashop/images/160000013188"
Birds Eye Fish Cake 300g,$5.50,$1.83/100g,"https://cdn.metcash.media/image/upload/f_auto,c_limit,w_300,q_auto/igashop/images/171432"
Cleaver's Organic Lamb Butterfly Shoulder Greek Seasoned 1kg,Final cost based on weight,$41.80/$41.80,"https://cdn.metcash.media/image/upload/f_auto,c_limit,w_300,q_auto/igashop/images/180060"
Lifestyles Condoms Regular 10 Pack,$7.50,$0.75 each,"https://cdn.metcash.media/image/upload/f_auto,c_limit,w_300,q_auto/igashop/images/796818"
Gastro-Stop Capsules 8 Pack,$7.20,$0.90 each,"https://cdn.metcash.media/image/upload/f_auto,c_limit,w_300,q_auto/igashop/images/743608"
Philadelphia Portion Original Spread 150g,$3.60,$2.40/100g,"https://cdn.metcash.media/image/upload/f_auto,c_limit,w_300,q_auto/igashop/images/623523"
Calbee Harvest Snaps Salt & Vinegar 120g,$5.00,$4.17/100g,"https://cdn.metcash.media/image/upload/f_auto,c_limit,w_300,q_auto/igashop/images/150000007923"
Purina Total Care Petcare Pom Pom Dangler,$14.30,N/A,"https://cdn.metcash.media/image/upload/f_auto,c_limit,w_300,q_auto/igashop/images/500071"
Community Co Pink Salt Refill 400g,$2.40,$0.60/100g,"https://cdn.metcash.media/image/upload/f_auto,c_limit,w_300,q_auto/igashop/images/835816"
Maybelline Color Sensational Made for All Lipstick Mauve For Me 373 4.2g,$21.40,$509.52/100g,"https://cdn.metcash.media/image/upload/f_auto,c_limit,w_300,q_auto/igashop/images/969005"
Obela Grab & Go Classic Hommus 125g,$4.00,$3.20/100g,"https://cdn.metcash.media/image/upload/f_auto,c_limit,w_300,q_auto/igashop/images/307062"
Felix As Good As It Looks Meat Menu Cat Food 12 Pack,$7.90,$0.66 each,"https://cdn.metcash.media/image/upload/f_auto,c_limit,w_300,q_auto/igashop/images/141738"
Nestlé Kit Kat Chunky Chocolate 48g,$1.50,$3.12/100g,"https://cdn.metcash.media/image/upload/f_auto,c_limit,w_300,q_auto/igashop/images/180000004607"
Clairol Nice'N Easy Permanent Hair Colour Natural Darkest Brown,$10.00,N/A,"https://cdn.metcash.media/image/upload/f_auto,c_limit,w_300,q_auto/igashop/images/580725"
Radiant All-In-One Mixed Colours Laundry Liquid 2L,$12.00,$6.00/1L,"https://cdn.metcash.media/image/upload/f_auto,c_limit,w_300,q_auto/igashop/images/360816"
Dettol Spray & Wear Surface Spray Disinfectant Fresh Cotton 250mL,$8.00,$3.20/100mL,"https://cdn.metcash.media/image/upload/f_auto,c_limit,w_300,q_auto/igashop/images/991659"
Farmers Union Greek Style High Protein Strawberry Yogurt Pouch 150g,$2.90,$1.93/100g,"https://cdn.metcash.media/image/upload/f_auto,c_limit,w_300,q_auto/igashop/images/1800000069605"
Purina Total Care Flea Treatment Heartworm Allworm Medium,$39.00,N/A,"https://cdn.metcash.media/image/upload/f_auto,c_limit,w_300,q_auto/igashop/images/685570"
Lite n' Easy Easy Select Spaghetti & Meatballs 415g,$13.50,$3.25/100g,"https://cdn.metcash.media/image/upload/f_auto,c_limit,w_300,q_auto/igashop/images/575173"
Weight Watchers Beef Hot Pot Bowl 320g,$6.65,$2.08/100g,"https://cdn.metcash.media/image/upload/f_auto,c_limit,w_300,q_auto/igashop/images/20000004938"
Zafarelli No6 Bucatini Pasta 500g,$2.00,$0.40/100g,"https://cdn.metcash.media/image/upload/f_auto,c_limit,w_300,q_auto/igashop/images/2523"
Powerade Isotonic Mountain Blast Powder 500g,$12.00,$2.40/100g,"https://cdn.metcash.media/image/upload/f_auto,c_limit,w_300,q_auto/igashop/images/46755"
Hrvst St Carrot Ginger Cold Pressed Juice 250mL,$4.30,$1.72/100mL,"https://cdn.metcash.media/image/upload/f_auto,c_limit,w_300,q_auto/igashop/images/20000006229"
Sard Super Power Stain Remover Powder 900g,$11.00,$1.22/100g,"https://cdn.metcash.media/image/upload/f_auto,c_limit,w_300,q_auto/igashop/images/934835"
Advil Children 7-12 Years Chewable Raspberry 20 Pack,$10.50,$0.53 each,"https://cdn.metcash.media/image/upload/f_auto,c_limit,w_300,q_auto/igashop/images/611084"
Impressed Essentials Tropical Juice 425mL,$3.00,$0.71/100mL,"https://cdn.metcash.media/image/upload/f_auto,c_limit,w_300,q_auto/igashop/images/180000003597"
Community Co Crystal Peak Spring Water 600mL,$1.00,$0.17/100mL,"https://cdn.metcash.media/image/upload/f_auto,c_limit,w_300,q_auto/igashop/images/671034"
Kinder Mini Eggs Cocoa 100g,$8.00,$8.00/100g,"https://cdn.metcash.media/image/upload/f_auto,c_limit,w_300,q_auto/igashop/images/644524"
INGHAM'S Chicken Mince 500g,$9.90,$1.98/100g,"https://cdn.metcash.media/image/upload/f_auto,c_limit,w_300,q_auto/igashop/images/180000001689"
Lite n' Easy Select Traditional Christmas Dinner 430g,$14.25,$3.31/100g,https://www.igashop.com.au/static/default-product-image.png
Noshu 98% Sugar Free Rich Chocolate Cake Mix 450g,$6.50,$1.44/100g,"https://cdn.metcash.media/image/upload/f_auto,c_limit,w_300,q_auto/igashop/images/538037"
Hershey's Cookies N Creme Ice Cream Tubs 1L,$11.00,$11.00/1L,"https://cdn.metcash.media/image/upload/f_auto,c_limit,w_300,q_auto/igashop/images/180000003586"
Harvest Sausages Vegetables 425g,$5.00,$1.18/100g,"https://cdn.metcash.media/image/upload/f_auto,c_limit,w_300,q_auto/igashop/images/20050"
Magnum White Chocolate Ice Cream 4 Pack,$12.00,$3.00 each,"https://cdn.metcash.media/image/upload/f_auto,c_limit,w_300,q_auto/igashop/images/608625"
Majans Bhuja Crunchy Seasoned Peas 140g,$4.50,$3.21/100g,"https://cdn.metcash.media/image/upload/f_auto,c_limit,w_300,q_auto/igashop/images/180177"
BabyLove Sleepy Nights 4-7 Years Overnight Pants 15 Pack,$16.00,$1.07 each,"https://cdn.metcash.media/image/upload/f_auto,c_limit,w_300,q_auto/igashop/images/336477"
Cottee's Jam Marmalade Breakfast 375g,$3.50,$0.93/100g,"https://cdn.metcash.media/image/upload/f_auto,c_limit,w_300,q_auto/igashop/images/267233"
Laucke Bread Mix Super Soft 2.4kg,$10.90,$4.54/kg,https://www.igashop.com.au/static/default-product-image.png
L'Oreal Paris Elvive Color Protect Shampoo 340mL,$10.00,$2.94/100mL,"https://cdn.metcash.media/image/upload/f_auto,c_limit,w_300,q_auto/igashop/images/1800000068759"
Chobani No Sugar Added Greek Yogurt Strawberry 150g,$2.70,$1.80/100g,https://www.igashop.com.au/static/default-product-image.png
Cadbury Twirl Breakaway Cookie Dough Milk Chocolate Bar 32g,$3.00,$9.38/100g,"https://cdn.metcash.media/image/upload/f_auto,c_limit,w_300,q_auto/igashop/images/653552"
Farmers Union Greek Yoghurt 4 Pack,$6.50,$1.63 each,"https://cdn.metcash.media/image/upload/f_auto,c_limit,w_300,q_auto/igashop/images/82141"
Lion Chocolate Cake Mix 340g,$1.90,$0.56/100g,https://www.igashop.com.au/static/default-product-image.png
Raw C Straight Up Unsweetened Coconut Milk 1L,$6.50,$6.50/1L,"https://cdn.metcash.media/image/upload/f_auto,c_limit,w_300,q_auto/igashop/images/6045"
Kan Tong Stir Fry Sauce Chinese Barbecue 520g,$2.00,$0.38/100g,"https://cdn.metcash.media/image/upload/f_auto,c_limit,w_300,q_auto/igashop/images/390484"
Sellotape Masking Tape 24mm x 50m,$3.25,N/A,"https://cdn.metcash.media/image/upload/f_auto,c_limit,w_300,q_auto/igashop/images/726753"
Aveeno Body Lotion Skin Relief Coconut 354mL,$16.54,$4.67/100mL,"https://cdn.metcash.media/image/upload/f_auto,c_limit,w_300,q_auto/igashop/images/932066"
Griffin's Cameo Cremes 250g,$3.95,$1.58/100g,"https://cdn.metcash.media/image/upload/f_auto,c_limit,w_300,q_auto/igashop/images/20000003796"
Bosisto's Multipurpose Cleaner 500mL,$5.50,$1.10/100mL,"https://cdn.metcash.media/image/upload/f_auto,c_limit,w_300,q_auto/igashop/images/682598"
Dare Iced Coffee Double Espresso 750mL,$5.40,$0.72/100mL,"https://cdn.metcash.media/image/upload/f_auto,c_limit,w_300,q_auto/igashop/images/160355"
Crankt Protein Bar Salted Caramel 60g,$4.50,$7.50/100g,"https://cdn.metcash.media/image/upload/f_auto,c_limit,w_300,q_auto/igashop/images/20000006955_1"
Calippo Water Ice Lemon 100mL,$3.55,$3.55/100mL,"https://cdn.metcash.media/image/upload/f_auto,c_limit,w_300,q_auto/igashop/images/880942"
Community Co Fruit Salad In Juice 695g,$3.50,$0.50/100g,"https://cdn.metcash.media/image/upload/f_auto,c_limit,w_300,q_auto/igashop/images/91865"
Ambi Pur Air Effects Thai Dragon Fruit aerosol Air Freshener 275g,$7.50,$2.73/100g,"https://cdn.metcash.media/image/upload/f_auto,c_limit,w_300,q_auto/igashop/images/327245"
SunRice Flavoured Special Fried Rice Cup 2 Pack,$4.00,$2.00 each,"https://cdn.metcash.media/image/upload/f_auto,c_limit,w_300,q_auto/igashop/images/559083"
Golden Circle Apple Mango Banana Juice 2L,$3.90,$1.95/1L,"https://cdn.metcash.media/image/upload/f_auto,c_limit,w_300,q_auto/igashop/images/777974"
Fyna Licorice Chocolate Raspberry Bullets 250g,$5.95,$2.38/100g,"https://cdn.metcash.media/image/upload/f_auto,c_limit,w_300,q_auto/igashop/images/180000000726"
Musashi High Protein Bar Rocky Road 90g,$6.90,$7.67/100g,"https://cdn.metcash.media/image/upload/f_auto,c_limit,w_300,q_auto/igashop/images/866888"
Ryde Exercise Shot 60mL,$4.30,$7.17/100mL,https://www.igashop.com.au/static/default-product-image.png
Bakers Collection Assorted Shortcakes 4 Pack,$7.50,$1.88 each,"https://cdn.metcash.media/image/upload/f_auto,c_limit,w_300,q_auto/igashop/images/20000000885"
Oh What Fun Festive Tumbler 10 Pack,$0.50,$0.05 each,https://www.igashop.com.au/static/default-product-image.png
Hershey's Kisses Chocolate Cookies N Crème 146g,$10.20,$6.99/100g,https://www.igashop.com.au/static/default-product-image.png
SunRice Flavoured Chicken Style Cup 2 Pack,$4.00,$2.00 each,"https://cdn.metcash.media/image/upload/f_auto,c_limit,w_300,q_auto/igashop/images/559067"
Ocean Blue Smoked Salmon 100g,$7.50,$7.50/100g,"https://cdn.metcash.media/image/upload/f_auto,c_limit,w_300,q_auto/igashop/images/160000002407"
Aussie Bodies Collagen Wafer Vanilla Cream 34g,$4.00,$11.76/100g,"https://cdn.metcash.media/image/upload/f_auto,c_limit,w_300,q_auto/igashop/images/587688"
Hermesetas Sweetener Tablets 400 Pack,$4.30,$0.01 each,"https://cdn.metcash.media/image/upload/f_auto,c_limit,w_300,q_auto/igashop/images/2581"
Kellogg's Sultana Bran with Oat Clusters 480g,$8.00,$1.67/100g,"https://cdn.metcash.media/image/upload/f_auto,c_limit,w_300,q_auto/igashop/images/515144"
John West Salmon with Chilli 95g,$3.50,$3.68/100g,"https://cdn.metcash.media/image/upload/f_auto,c_limit,w_300,q_auto/igashop/images/190000002308"
Kook A Krumb Bread Crumbs Herb & Garlic 200g,$3.70,$1.85/100g,"https://cdn.metcash.media/image/upload/f_auto,c_limit,w_300,q_auto/igashop/images/160000012731"
Kook A Krumb Bread Crumbs Lemon Pepper 200g,$6.60,$3.30/100g,"https://cdn.metcash.media/image/upload/f_auto,c_limit,w_300,q_auto/igashop/images/160000012727"
Glad Baking Paper 10m,$3.60,N/A,"https://cdn.metcash.media/image/upload/f_auto,c_limit,w_300,q_auto/igashop/images/326320"
Oso Aluminium Foil 20m x 30cm,$3.50,N/A,"https://cdn.metcash.media/image/upload/f_auto,c_limit,w_300,q_auto/igashop/images/316919"
Golden Eggs Free Range Eggs Large 12 Pack,$13.50,$1.12 each,"https://cdn.metcash.media/image/upload/f_auto,c_limit,w_300,q_auto/igashop/images/190000004910"
Perfect Italiano Parmesan Block 200g,$6.00,$3.00/100g,"https://cdn.metcash.media/image/upload/f_auto,c_limit,w_300,q_auto/igashop/images/925250"
Ajax Eco Antibacterial Disinfectant Cleaning Wipes Lemon 110 Pack,$9.00,$0.08 each,"https://cdn.metcash.media/image/upload/f_auto,c_limit,w_300,q_auto/igashop/images/687658"
Cadbury Easter 5 Mini Egg Cakes 135g,$7.15,$5.30/100g,"https://cdn.metcash.media/image/upload/f_auto,c_limit,w_300,q_auto/igashop/images/734484"
Aerogard Home Insecticides Flying Insect Killer 300mL,$11.50,$3.83/100mL,"https://cdn.metcash.media/image/upload/f_auto,c_limit,w_300,q_auto/igashop/images/342083"
Command Picture Strips Combo 12 Pack,$19.90,$1.66 each,"https://cdn.metcash.media/image/upload/f_auto,c_limit,w_300,q_auto/igashop/images/212348"
Finish Ultimate Plus Auto Dishwash Tablets Lemon Sparkle 72 Pack,$73.00,$1.01 each,"https://cdn.metcash.media/image/upload/f_auto,c_limit,w_300,q_auto/igashop/images/1800000068966"
Raid Night & Day Primary Control Fly & Mosquito Protection,$15.00,N/A,"https://cdn.metcash.media/image/upload/f_auto,c_limit,w_300,q_auto/igashop/images/319645"
Aeroplane Jelly Lite Raspberry 2 Pack,$2.50,$1.25 each,"https://cdn.metcash.media/image/upload/f_auto,c_limit,w_300,q_auto/igashop/images/180000000162"
Liddells Lactose Free Cream Cheese 250g,$6.30,$2.52/100g,"https://cdn.metcash.media/image/upload/f_auto,c_limit,w_300,q_auto/igashop/images/190000002350"
Krc Salami Thin Sliced Hot 1kg,$36.00,$36.00/kg,https://www.igashop.com.au/static/default-product-image.png
Sandhurst Tomatoes Sundried Strips 125g,$4.40,$3.52/100g,"https://cdn.metcash.media/image/upload/f_auto,c_limit,w_300,q_auto/igashop/images/145512"
Rexona Men Body Wash Quantum Cool 400mL,$8.50,$2.13/100mL,https://www.igashop.com.au/static/default-product-image.png
Family Farm Full Cream Milk 3L,$4.65,$1.55/1L,"https://cdn.metcash.media/image/upload/f_auto,c_limit,w_300,q_auto/igashop/images/20000003868"
Red Bull Energy Drink Sugar Free 250mL,$3.20,$1.28/100mL,"https://cdn.metcash.media/image/upload/f_auto,c_limit,w_300,q_auto/igashop/images/944979"
Bulldog Sensitive Moisturiser 100mL,$15.00,$15.00/100mL,"https://cdn.metcash.media/image/upload/f_auto,c_limit,w_300,q_auto/igashop/images/160000011095"
Black & Gold BBQ Fuel 4kg,$10.50,$2.63/kg,"https://cdn.metcash.media/image/upload/f_auto,c_limit,w_300,q_auto/igashop/images/200090"
Christmas Kraft Medium Giftbag,$2.50,N/A,"https://cdn.metcash.media/image/upload/f_auto,c_limit,w_300,q_auto/igashop/images/280723"
Magnum Ice Cream Chocolate Classic Remix 4 Pack,$12.00,$3.00 each,"https://cdn.metcash.media/image/upload/f_auto,c_limit,w_300,q_auto/igashop/images/911544"
Remedy Sodaly Passionfruit 250mL,$3.00,$12.00/1L,"https://cdn.metcash.media/image/upload/f_auto,c_limit,w_300,q_auto/igashop/images/526412"
Chux Wonder Cloth 3 Pack,$6.15,$2.05 each,"https://cdn.metcash.media/image/upload/f_auto,c_limit,w_300,q_auto/igashop/images/49287"
Bakers Oven Croissants 160g,$4.70,$2.94/100g,"https://cdn.metcash.media/image/upload/f_auto,c_limit,w_300,q_auto/igashop/images/646932"
Harpic Blue Power Floral Sensations,$7.00,N/A,"https://cdn.metcash.media/image/upload/f_auto,c_limit,w_300,q_auto/igashop/images/160000011482"
Medix Ibuprofen Tablets 24 Pack,$3.70,$0.15 each,"https://cdn.metcash.media/image/upload/f_auto,c_limit,w_300,q_auto/igashop/images/841095"
"Pukka Womankind Cranberry, Rose & Vanilla Tea Bags 20 Pack",$9.00,$0.45 each,"https://cdn.metcash.media/image/upload/f_auto,c_limit,w_300,q_auto/igashop/images/190000002066"
Snickers Ice Cream Bars 6 Pack,$9.50,$1.58 each,"https://cdn.metcash.media/image/upload/f_auto,c_limit,w_300,q_auto/igashop/images/182027"
Handee Household Grade Disinfectant Wipes Orange Scent 90 Pack,$10.30,$0.11 each,"https://cdn.metcash.media/image/upload/f_auto,c_limit,w_300,q_auto/igashop/images/170000000842"
Beerenberg Hahndorf Mustard 150g,$5.10,$3.40/100g,"https://cdn.metcash.media/image/upload/f_auto,c_limit,w_300,q_auto/igashop/images/190000000892"
Cadbury Fry's Turkish Dark Chocolate 50g,$3.00,$6.00/100g,"https://cdn.metcash.media/image/upload/f_auto,c_limit,w_300,q_auto/igashop/images/1800000068502"
Earth Taste Life Salt Himalayan Course Refill 365g,$5.50,$1.51/100g,"https://cdn.metcash.media/image/upload/f_auto,c_limit,w_300,q_auto/igashop/images/390743"
Optimum Healthy Weight Turkey Rice And Vegetables 100g,$10.50,$10.50/100g,https://www.igashop.com.au/static/default-product-image.png
Dari's Flavours Of The World Malaysian Style Chicken Laksa 550g,$9.50,$1.73/100g,https://www.igashop.com.au/static/default-product-image.png
Bull's-Eye Original BBQ Sauce 300mL,$3.00,$1.00/100mL,"https://cdn.metcash.media/image/upload/f_auto,c_limit,w_300,q_auto/igashop/images/635813"
H2Juice Lychee Juice 1.25L,$5.00,$4.00/1L,https://www.igashop.com.au/static/default-product-image.png
Reese's Nutrageous Tub 1L,$11.00,$11.00/1L,"https://cdn.metcash.media/image/upload/f_auto,c_limit,w_300,q_auto/igashop/images/160000018248"
Fry's Turkish Delight Twin Pack 70g,$2.75,$3.93/100g,"https://cdn.metcash.media/image/upload/f_auto,c_limit,w_300,q_auto/igashop/images/560733"
Babylove Beyond Nappies Size 2 Infant 52 Pack,$28.70,$0.55 each,"https://cdn.metcash.media/image/upload/f_auto,c_limit,w_300,q_auto/igashop/images/582484"
Lo Bros Kombucha Organic Ginger Beer 750mL,$6.30,$0.84/100mL,"https://cdn.metcash.media/image/upload/f_auto,c_limit,w_300,q_auto/igashop/images/180000000102"
Superpop Fairy Floss Fairy Floss 25g,$3.00,$12.00/100g,https://www.igashop.com.au/static/default-product-image.png
Pacific West Indian Platter 300g,$6.65,$2.22/100g,"https://cdn.metcash.media/image/upload/f_auto,c_limit,w_300,q_auto/igashop/images/674469"
Rafferty's Garden Happy Tummies Pear & Mango Star Puffs 12M+ 12g,$2.20,$18.33/100g,https://www.igashop.com.au/static/default-product-image.png
Jack Hammer Paint Brush 50mm,$6.00,N/A,https://www.igashop.com.au/static/default-product-image.png
Ivan's Pie Beef Chunky Angus 900g,$29.95,$3.33/100g,"https://cdn.metcash.media/image/upload/f_auto,c_limit,w_300,q_auto/igashop/images/614757"
Fifya Vegan Organic Hummus 250g,$9.25,$3.70/100g,"https://cdn.metcash.media/image/upload/f_auto,c_limit,w_300,q_auto/igashop/images/20000001859"
Melinda's Gluten Free Goodies Chocolate Fudge Brownie Mix 415g,$9.95,$2.40/100g,"https://cdn.metcash.media/image/upload/f_auto,c_limit,w_300,q_auto/igashop/images/160000013331"
Munchme Pistachio Cranberry 120g,$5.50,$4.58/100g,"https://cdn.metcash.media/image/upload/f_auto,c_limit,w_300,q_auto/igashop/images/160000012483"
Rexona Women Clinical Roll On Summer Strength 50mL,$4.00,$8.00/100mL,"https://cdn.metcash.media/image/upload/f_auto,c_limit,w_300,q_auto/igashop/images/237806"
Guzzi's Golden Pasta Gnocchi Potato 500g,$4.90,$0.98/100g,"https://cdn.metcash.media/image/upload/f_auto,c_limit,w_300,q_auto/igashop/images/848479"
Sistema To Go Sandwich Box,$6.65,N/A,"https://cdn.metcash.media/image/upload/f_auto,c_limit,w_300,q_auto/igashop/images/221839"
OOB Frozen Sliced Banana Organic 450g,$8.00,$1.78/100g,"https://cdn.metcash.media/image/upload/f_auto,c_limit,w_300,q_auto/igashop/images/795511"
Air Wick Life Scent Reed Turquoise Oasis 30mL,$14.45,$48.17/100mL,"https://cdn.metcash.media/image/upload/f_auto,c_limit,w_300,q_auto/igashop/images/345227"
Elmer’s Magical Liquid 8.75oz 258.77mL,$11.00,$4.25/100mL,"https://cdn.metcash.media/image/upload/f_auto,c_limit,w_300,q_auto/igashop/images/688560"
Wattle Valley Chocolate Mini Waffles 336g,$5.70,$1.70/100g,"https://cdn.metcash.media/image/upload/f_auto,c_limit,w_300,q_auto/igashop/images/20000003703"
Ultimates Indulge Planet Friendly Tuna With Chicken 85g,$1.50,$1.76/100g,"https://cdn.metcash.media/image/upload/f_auto,c_limit,w_300,q_auto/igashop/images/965899"
"Carman's Almond, Cashew & Cranberry Nut Bars 5 Pack",$6.00,$1.20 each,"https://cdn.metcash.media/image/upload/f_auto,c_limit,w_300,q_auto/igashop/images/369742"
Cadbury Eggs Assortment Hunt Pack 500g,$20.40,$4.08/100g,"https://cdn.metcash.media/image/upload/f_auto,c_limit,w_300,q_auto/igashop/images/805405"
Frisp Fruit Smoothie Drops + Probiotics Strawberry Apple 15g,$4.90,$32.67/100g,"https://cdn.metcash.media/image/upload/f_auto,c_limit,w_300,q_auto/igashop/images/180000005998"
Stone Baked Pane Di Campagna Bread 545g,$5.60,$1.03/100g,"https://cdn.metcash.media/image/upload/f_auto,c_limit,w_300,q_auto/igashop/images/654082"
Black & Gold Freezer Bag Medium 80 Pack,$0.90,$0.01 each,"https://cdn.metcash.media/image/upload/f_auto,c_limit,w_300,q_auto/igashop/images/48765"
SunRice White Calrose Medium Grain Rice 10kg,$19.00,$1.90/kg,"https://cdn.metcash.media/image/upload/f_auto,c_limit,w_300,q_auto/igashop/images/1585"
My Muscle Chef Braised Beef Ragu With Polenta & Roast Vegetabled 330g,$11.95,$3.62/100g,"https://cdn.metcash.media/image/upload/f_auto,c_limit,w_300,q_auto/igashop/images/75408"
Kettle Parmesan & Garlic Chips 165g,$3.00,$1.82/100g,"https://cdn.metcash.media/image/upload/f_auto,c_limit,w_300,q_auto/igashop/images/648599"
Uncle Tobys Roll-Ups Snacks For Kids Apple 94g,$2.75,$2.93/100g,"https://cdn.metcash.media/image/upload/f_auto,c_limit,w_300,q_auto/igashop/images/180000006291"
Playette Dress Socks 2 Pack 3-6 months 2 Pack,$7.90,$3.95 each,"https://cdn.metcash.media/image/upload/f_auto,c_limit,w_300,q_auto/igashop/images/750503"
Nature Valley Crunchy Canadian Maple Syrup Granola Bars 12 Pack,$5.50,$0.46 each,"https://cdn.metcash.media/image/upload/f_auto,c_limit,w_300,q_auto/igashop/images/891451"
Barossa Fine Foods Mississippi Sausages 480g,$8.99,$1.87/100g,"https://cdn.metcash.media/image/upload/f_auto,c_limit,w_300,q_auto/igashop/images/20000006892"
Mission Pizza Base Garlic and Herb 200g,$4.60,$2.30/100g,"https://cdn.metcash.media/image/upload/f_auto,c_limit,w_300,q_auto/igashop/images/708873"
BIC Clic Pen Assorted 3 Pack,$3.80,$1.27 each,"https://cdn.metcash.media/image/upload/f_auto,c_limit,w_300,q_auto/igashop/images/267018"
Norco Our Finest Unhomogenised Milk 1.5L,$4.40,$2.93/1L,"https://cdn.metcash.media/image/upload/f_auto,c_limit,w_300,q_auto/igashop/images/8847"
TRESemmé Shampoo Smooth & Silky 350mL,$4.25,$1.21/100mL,https://www.igashop.com.au/static/default-product-image.png
Fussy Cat Twice As Tasty Pate & Pieces Wet Cat Food 12 Pack,$11.00,$0.92 each,"https://cdn.metcash.media/image/upload/f_auto,c_limit,w_300,q_auto/igashop/images/180000001113"
Noshu Less Sugar Bites Dark Chocolate Cherry & Coconut 100g,$4.50,$4.50/100g,"https://cdn.metcash.media/image/upload/f_auto,c_limit,w_300,q_auto/igashop/images/270244"
Kellogg's Nutri-Grain Oak Choc Malt 435g,$9.00,$2.07/100g,"https://cdn.metcash.media/image/upload/f_auto,c_limit,w_300,q_auto/igashop/images/171377"
Slape & Sons Sausage English Pork Thin 480g,$7.50,$1.56/100g,"https://cdn.metcash.media/image/upload/f_auto,c_limit,w_300,q_auto/igashop/images/28736"
Cobram Estate Garlic & Rosemary Meal Starter 375mL,$10.50,$2.80/100mL,"https://cdn.metcash.media/image/upload/f_auto,c_limit,w_300,q_auto/igashop/images/160000013709"
Pandaroo Chinese Shitake Mushroom Whole 50g,$3.95,$7.90/100g,"https://cdn.metcash.media/image/upload/f_auto,c_limit,w_300,q_auto/igashop/images/190000003129"
Harpic Platinum Pro-Shield Toilet Cleaning Liquid Marine 500mL,$7.00,$1.40/100mL,"https://cdn.metcash.media/image/upload/f_auto,c_limit,w_300,q_auto/igashop/images/160000011484"
Allen's Easter Beanies 64g,$1.50,$2.34/100g,"https://cdn.metcash.media/image/upload/f_auto,c_limit,w_300,q_auto/igashop/images/180000004490"
SKYN Large Condoms 10 Pack,$10.40,$1.04 each,"https://cdn.metcash.media/image/upload/f_auto,c_limit,w_300,q_auto/igashop/images/626482"
Dairy Farmers Thick & Creamy Yoghurt Mango & Passionfruit 4 Pack,$4.50,$1.13 each,"https://cdn.metcash.media/image/upload/f_auto,c_limit,w_300,q_auto/igashop/images/34130"
Black & Gold Paper Cups 25 Pack,$3.20,$0.13 each,https://www.igashop.com.au/static/default-product-image.png
Vicks Lozenges Original Menthol 24 Pack,$5.90,$0.25 each,"https://cdn.metcash.media/image/upload/f_auto,c_limit,w_300,q_auto/igashop/images/83621"
Energizer 1632 3V Lithium Battery,$8.90,N/A,"https://cdn.metcash.media/image/upload/f_auto,c_limit,w_300,q_auto/igashop/images/20000007347"
Chum Crunchy Beef Bone & Vegetable 8kg,$22.50,$2.81/kg,"https://cdn.metcash.media/image/upload/f_auto,c_limit,w_300,q_auto/igashop/images/610326"
Primo Pepperoni Salami 200g,$6.00,$3.00/100g,"https://cdn.metcash.media/image/upload/f_auto,c_limit,w_300,q_auto/igashop/images/1800000070788"
Vittoria Italian Blend Ground Coffee 200g,$10.00,$5.00/100g,"https://cdn.metcash.media/image/upload/f_auto,c_limit,w_300,q_auto/igashop/images/160000014187"
Kirks Olde Stoney Ginger Beer Soft Drink Can 375mL,$2.00,$0.53/100mL,"https://cdn.metcash.media/image/upload/f_auto,c_limit,w_300,q_auto/igashop/images/190000004103"
Dove Body Bar Sensitive 2 Pack,$5.50,$2.75 each,"https://cdn.metcash.media/image/upload/f_auto,c_limit,w_300,q_auto/igashop/images/618609"
Bega Easy Melt Colby Natural Cheese Slices 15 Pack,$6.50,$0.43 each,"https://cdn.metcash.media/image/upload/f_auto,c_limit,w_300,q_auto/igashop/images/34520"
Community Co Crystal Peaks Spring Water 12 Pack,$6.00,$0.50 each,"https://cdn.metcash.media/image/upload/f_auto,c_limit,w_300,q_auto/igashop/images/670981"
Bega Strong & Bitey Vintage 300g,$6.50,$2.17/100g,"https://cdn.metcash.media/image/upload/f_auto,c_limit,w_300,q_auto/igashop/images/160000011841"
Baked Provision Log Apple Crumble 400g,$9.45,$2.36/100g,"https://cdn.metcash.media/image/upload/f_auto,c_limit,w_300,q_auto/igashop/images/305345"
Decor Tellfresh Cake Storer With Lifter,$14.50,N/A,"https://cdn.metcash.media/image/upload/f_auto,c_limit,w_300,q_auto/igashop/images/935035"
Mortein Kill & Protect Crawling Insect High Performance 250g,$14.25,$5.70/100g,"https://cdn.metcash.media/image/upload/f_auto,c_limit,w_300,q_auto/igashop/images/386781"
Sunbeam Walnuts 160g,$6.10,$3.81/100g,"https://cdn.metcash.media/image/upload/f_auto,c_limit,w_300,q_auto/igashop/images/744654"
ViledaAnsell Gloves Sensitive Touch Large,$2.50,N/A,"https://cdn.metcash.media/image/upload/f_auto,c_limit,w_300,q_auto/igashop/images/250930"
Lincoln Bakery Vol-Au-Vents Pastry Shells Mini (35mm) 12 Pack,$10.00,$0.83 each,"https://cdn.metcash.media/image/upload/f_auto,c_limit,w_300,q_auto/igashop/images/160000013156"
Birds Eye Fish Deli Salt & Pepper Prawn 225g,$8.80,$3.91/100g,"https://cdn.metcash.media/image/upload/f_auto,c_limit,w_300,q_auto/igashop/images/180000000704"
Inside Out Unsweetened Oat Milk 1L,$5.00,$5.00/1L,"https://cdn.metcash.media/image/upload/f_auto,c_limit,w_300,q_auto/igashop/images/160000013260"
Glade Gel Air Freshener Jasmine Gel Air 70g,$3.00,$4.29/100g,"https://cdn.metcash.media/image/upload/f_auto,c_limit,w_300,q_auto/igashop/images/893966"
Heinz Steam Fresh Beans Broccoli & Sugarsnap 450g,$4.50,$1.00/100g,"https://cdn.metcash.media/image/upload/f_auto,c_limit,w_300,q_auto/igashop/images/102310"
Only Organic 8 Months+ Banana Raspberry & Vanilla 120g,$2.15,$1.79/100g,"https://cdn.metcash.media/image/upload/f_auto,c_limit,w_300,q_auto/igashop/images/77866"
V8 Tropical Juice 3 Pack,$4.00,$1.33 each,"https://cdn.metcash.media/image/upload/f_auto,c_limit,w_300,q_auto/igashop/images/67633"
Toblerone Milk Chocolate Gift Bag 120g,$10.00,$8.33/100g,"https://cdn.metcash.media/image/upload/f_auto,c_limit,w_300,q_auto/igashop/images/918685"
Chobani Yoghurt Pots Mango 170g,$2.60,$1.53/100g,"https://cdn.metcash.media/image/upload/f_auto,c_limit,w_300,q_auto/igashop/images/180000000013"
Lo Bros Organic Kombucha Fermented Cola 330mL,$3.60,$1.09/100mL,"https://cdn.metcash.media/image/upload/f_auto,c_limit,w_300,q_auto/igashop/images/416659"
Bakers Collection Gluten Free Gingerbread Shape 35g,$0.50,$1.43/100g,"https://cdn.metcash.media/image/upload/f_auto,c_limit,w_300,q_auto/igashop/images/180000002069"
F. Whitlocks & Son Soup Louisiana-Style Tomato Capsicum And Corn Gumbo 420g,$4.00,$0.95/100g,"https://cdn.metcash.media/image/upload/f_auto,c_limit,w_300,q_auto/igashop/images/203056"
Multix Colour Scents Handy Ties Tidy Bags Large Lemon Scent 30 Pack,$4.25,$0.14 each,"https://cdn.metcash.media/image/upload/f_auto,c_limit,w_300,q_auto/igashop/images/375853"
Nestle Golden Rough Chocolate Block 170g,$7.50,$4.41/100g,"https://cdn.metcash.media/image/upload/f_auto,c_limit,w_300,q_auto/igashop/images/180000006295"
Dove Deodorant Aerosol Cucumber & Green Tea Zero Aluminium 200mL,$8.50,$4.25/100mL,"https://cdn.metcash.media/image/upload/f_auto,c_limit,w_300,q_auto/igashop/images/170000003732"
Mojo Activated Kombucha Ginger 330mL,$4.44,$1.35/100mL,"https://cdn.metcash.media/image/upload/f_auto,c_limit,w_300,q_auto/igashop/images/836794"
Nestlé Milo Duo Breakfast Cereal 580g,$4.75,$0.82/100g,https://www.igashop.com.au/static/default-product-image.png
Purity Sensitive Laundry Liquid 2L,$7.30,$3.65/1L,"https://cdn.metcash.media/image/upload/f_auto,c_limit,w_300,q_auto/igashop/images/827449"
Herbert Adams Pies Creamy Chicken & Leek 2 Pack,$10.00,$5.00 each,"https://cdn.metcash.media/image/upload/f_auto,c_limit,w_300,q_auto/igashop/images/101102"
Mrs Mac's Chilli Beef & Cheese Pies 4 Pack,$9.50,$2.38 each,"https://cdn.metcash.media/image/upload/f_auto,c_limit,w_300,q_auto/igashop/images/982867"
Herbert Adams Pies Chunky Slow Cooked Beef & Mush 2 Pack,$6.90,$3.45 each,"https://cdn.metcash.media/image/upload/f_auto,c_limit,w_300,q_auto/igashop/images/79601"
Cadbury Caramilk Baubles 112g,$2.00,$1.79/100g,"https://cdn.metcash.media/image/upload/f_auto,c_limit,w_300,q_auto/igashop/images/570500"
Sard Laundry Sanitiser Liquid 2L,$15.00,$7.50/1L,https://www.igashop.com.au/static/default-product-image.png
Colgate Slim Soft Advanced Ultra Soft Toothbrush Value 2 Pack,$7.00,$3.50 each,"https://cdn.metcash.media/image/upload/f_auto,c_limit,w_300,q_auto/igashop/images/496578"
Kikkoman Teriyaki Marinade & Stir Fry Sauce 250mL,$4.00,$1.60/100mL,"https://cdn.metcash.media/image/upload/f_auto,c_limit,w_300,q_auto/igashop/images/36946"
Kinder Bueno White Chocolate Bar 39g,$1.50,$3.85/100g,"https://cdn.metcash.media/image/upload/f_auto,c_limit,w_300,q_auto/igashop/images/657527"
Anticol Extra Strong 10 Pack,$2.75,$0.28 each,"https://cdn.metcash.media/image/upload/f_auto,c_limit,w_300,q_auto/igashop/images/383974"
Honest Sea Seaweed Snack Wasabi 5g,$2.30,$46.00/100g,"https://cdn.metcash.media/image/upload/f_auto,c_limit,w_300,q_auto/igashop/images/20000006698"
Chapstick Strawberry Lip Balm 4.2g,$4.00,$95.24/100g,"https://cdn.metcash.media/image/upload/f_auto,c_limit,w_300,q_auto/igashop/images/160000018232"
Heinz Vegetable Condensed Soup 420g,$2.85,$0.68/100g,"https://cdn.metcash.media/image/upload/f_auto,c_limit,w_300,q_auto/igashop/images/15754"
Peats Ridge Springs Bottle 24 Pack,$11.00,$0.46 each,"https://cdn.metcash.media/image/upload/f_auto,c_limit,w_300,q_auto/igashop/images/410886"
Black & Gold Skipjack Tuna In Oil 95g,$1.10,$1.16/100g,"https://cdn.metcash.media/image/upload/f_auto,c_limit,w_300,q_auto/igashop/images/701237"
Schwarzkopf Hydrate Conditioner Refill 400mL,$12.25,$3.06/100mL,"https://cdn.metcash.media/image/upload/f_auto,c_limit,w_300,q_auto/igashop/images/516810"
Inside Out Oat Unsweetened UHT Milk 1L,$5.55,$5.55/1L,"https://cdn.metcash.media/image/upload/f_auto,c_limit,w_300,q_auto/igashop/images/190000010480"
Youjuice Guava Pineapple Energy 350mL,$4.40,$1.26/100mL,"https://cdn.metcash.media/image/upload/f_auto,c_limit,w_300,q_auto/igashop/images/20000007105"
Farmers Union Greek Style Yoghurt 1kg,$6.95,$6.95/kg,"https://cdn.metcash.media/image/upload/f_auto,c_limit,w_300,q_auto/igashop/images/148531"
Barramundi Fillets 250g,Final cost based on weight,$12.49/$49.95,"https://cdn.metcash.media/image/upload/f_auto,c_limit,w_300,q_auto/igashop/images/80072107"
Table Of Plenty Mini Rice Cakes Dark Choc Topped 60g,$5.00,$8.33/100g,https://www.igashop.com.au/static/default-product-image.png
My Berries Frozen Raspberries 300g,$8.95,$2.98/100g,"https://cdn.metcash.media/image/upload/f_auto,c_limit,w_300,q_auto/igashop/images/20000005319"
Praise Tartare Sauce 250mL,$3.50,$1.40/100mL,"https://cdn.metcash.media/image/upload/f_auto,c_limit,w_300,q_auto/igashop/images/52293"
Byron Bay Cacao & Coconut Granola 400g,$15.95,$3.99/100g,"https://cdn.metcash.media/image/upload/f_auto,c_limit,w_300,q_auto/igashop/images/160000013676"
Latina Fresh Ravioli Protein Beef & Parmesan 400g,$9.00,$2.25/100g,"https://cdn.metcash.media/image/upload/f_auto,c_limit,w_300,q_auto/igashop/images/180000006450"
Tru Blu Lime Crush Bottle 2L,$2.85,$1.43/1L,"https://cdn.metcash.media/image/upload/f_auto,c_limit,w_300,q_auto/igashop/images/387012"
Starbucks Espresso Roast Coffee Dark Capsules 36 Pack,$23.00,$0.64 each,"https://cdn.metcash.media/image/upload/f_auto,c_limit,w_300,q_auto/igashop/images/890861"
L'Oréal Paris Men Expert Pure Charcoal Wash 100mL,$12.00,$12.00/100mL,"https://cdn.metcash.media/image/upload/f_auto,c_limit,w_300,q_auto/igashop/images/968363"
Tostitos Splash of Lime 175g,$5.20,$2.97/100g,"https://cdn.metcash.media/image/upload/f_auto,c_limit,w_300,q_auto/igashop/images/193112"
Tuscany Cheese Shredded Pizza Blend 500g,$8.70,$1.74/100g,"https://cdn.metcash.media/image/upload/f_auto,c_limit,w_300,q_auto/igashop/images/190000003941"
Sudocrem Tube 30g,$8.65,$28.83/100g,"https://cdn.metcash.media/image/upload/f_auto,c_limit,w_300,q_auto/igashop/images/16687"
Surf Laundry Capsules Tropical 650g,$18.00,$2.77/100g,"https://cdn.metcash.media/image/upload/f_auto,c_limit,w_300,q_auto/igashop/images/351980"
Old El Paso Black Beans 425g,$4.50,$1.06/100g,"https://cdn.metcash.media/image/upload/f_auto,c_limit,w_300,q_auto/igashop/images/160000013010"
The Monday Food Co Paleo Granola Pecan & Maple 300g,$21.95,$7.32/100g,https://www.igashop.com.au/static/default-product-image.png
Steggles Chicken Necks 1kg,$5.50,$5.50/kg,"https://cdn.metcash.media/image/upload/f_auto,c_limit,w_300,q_auto/igashop/images/880866"
Ripensa Of Denmark Danish Butter Cookies 454g,$7.00,$1.54/100g,https://www.igashop.com.au/static/default-product-image.png
Ferrero Collection Spheres Hazelnut 100g,$7.65,$7.65/100g,"https://cdn.metcash.media/image/upload/f_auto,c_limit,w_300,q_auto/igashop/images/186851"
Mortein Fast Knockdown Insect Spray Low Allergenic Fly and Mosquito Killer 350g,$7.50,$2.14/100g,"https://cdn.metcash.media/image/upload/f_auto,c_limit,w_300,q_auto/igashop/images/880926"
Great Temptations Choc Speckles 260g,$10.75,$4.13/100g,"https://cdn.metcash.media/image/upload/f_auto,c_limit,w_300,q_auto/igashop/images/20000000700"
Optimum Dry Cat Food Ocean Fish Bag 800g,$12.50,$1.56/100g,"https://cdn.metcash.media/image/upload/f_auto,c_limit,w_300,q_auto/igashop/images/996191"
Barossa Fine Foods Farmhouse Pate 110g,$5.49,$4.99/100g,"https://cdn.metcash.media/image/upload/f_auto,c_limit,w_300,q_auto/igashop/images/20000000550"
RRD Miso Glazed Ribs 150g,$6.00,$4.00/100g,https://www.igashop.com.au/static/default-product-image.png
Starbucks Espresso Roast Coffee Nespresso Capsules 30 Pack,$18.90,$0.63 each,"https://cdn.metcash.media/image/upload/f_auto,c_limit,w_300,q_auto/igashop/images/20000002470"
White Onion 190g,Final cost based on weight,$1.24/$6.50,"https://cdn.metcash.media/image/upload/f_auto,c_limit,w_300,q_auto/igashop/images/80060050"
Vitasoy Calci Plus Milk 1L,$3.40,$3.40/1L,https://www.igashop.com.au/static/default-product-image.png
Norco Tasty Cheese Slices 250g,$5.95,$2.38/100g,"https://cdn.metcash.media/image/upload/f_auto,c_limit,w_300,q_auto/igashop/images/8609"
MasterFoods Classic Gherkin Relish 260g,$3.60,$1.38/100g,"https://cdn.metcash.media/image/upload/f_auto,c_limit,w_300,q_auto/igashop/images/362290"
Borg's Feta & Spinach Gozleme 300g,$6.10,$2.03/100g,"https://cdn.metcash.media/image/upload/f_auto,c_limit,w_300,q_auto/igashop/images/160000014608"
Laucke Ciabatta Mix 1kg,$6.80,$6.80/kg,https://www.igashop.com.au/static/default-product-image.png
Dine Morsels In Jelly Tray With Chicken 85g,$1.60,$1.88/100g,"https://cdn.metcash.media/image/upload/f_auto,c_limit,w_300,q_auto/igashop/images/84575"
New Chinese Garden Lemon Chicken 420g,$13.50,$3.21/100g,"https://cdn.metcash.media/image/upload/f_auto,c_limit,w_300,q_auto/igashop/images/20000006984"
Banana Boat Ultra Sunscreen Lotion SPF 50 100g,$10.50,$10.50/100g,"https://cdn.metcash.media/image/upload/f_auto,c_limit,w_300,q_auto/igashop/images/407037"
Forager Fruits Apple Dried 20g,$4.65,$23.25/100g,https://www.igashop.com.au/static/default-product-image.png
Cold Power Clean & Fresh Triple Capsules Laundry Detergent 30 Pack,$14.00,$0.47 each,"https://cdn.metcash.media/image/upload/f_auto,c_limit,w_300,q_auto/igashop/images/517743"
Arnott's Shapes Cheddar 175g,$4.00,$2.29/100g,"https://cdn.metcash.media/image/upload/f_auto,c_limit,w_300,q_auto/igashop/images/305099"
Rafferty's Garden Rossini & Garden Vegetable Pasta 170g,$2.80,$1.65/100g,"https://cdn.metcash.media/image/upload/f_auto,c_limit,w_300,q_auto/igashop/images/48809"
Bertolli Five Brothers Pasta Sauce Bolognese 500g,$4.60,$0.92/100g,"https://cdn.metcash.media/image/upload/f_auto,c_limit,w_300,q_auto/igashop/images/419348"
ZoOSh Coleslaw Dressing 300mL,$3.00,$1.00/100mL,"https://cdn.metcash.media/image/upload/f_auto,c_limit,w_300,q_auto/igashop/images/901353"
Mother Earth Baked Oaty Slice Chocolate 240g,$3.80,$1.58/100g,"https://cdn.metcash.media/image/upload/f_auto,c_limit,w_300,q_auto/igashop/images/750710"
Sara Lee Custard Danish 400g,$5.00,$1.25/100g,"https://cdn.metcash.media/image/upload/f_auto,c_limit,w_300,q_auto/igashop/images/142755"
Mutti Sugo Bolognese 400g,$4.80,$1.20/100g,"https://cdn.metcash.media/image/upload/f_auto,c_limit,w_300,q_auto/igashop/images/231127"
Only Organic Wild Rice Risotto With Spring Lamb 120g,$2.15,$1.79/100g,"https://cdn.metcash.media/image/upload/f_auto,c_limit,w_300,q_auto/igashop/images/354577"
Careme Sour Cream Shortcrust Pastry 445g,$11.99,$2.69/100g,"https://cdn.metcash.media/image/upload/f_auto,c_limit,w_300,q_auto/igashop/images/20000005196"
Brunnings Premium Potting Mix 5L,$6.60,$1.32/1L,"https://cdn.metcash.media/image/upload/f_auto,c_limit,w_300,q_auto/igashop/images/456468"
Bega Country Light Tasty 25% Less Fat Natural Cheese Slices 30 Pack,$9.50,$0.32 each,"https://cdn.metcash.media/image/upload/f_auto,c_limit,w_300,q_auto/igashop/images/180708"
Farmer Jo Salted Maple Museli 400g,$9.50,$2.38/100g,"https://cdn.metcash.media/image/upload/f_auto,c_limit,w_300,q_auto/igashop/images/190000001858"
Birds Eye Steam Fresh Beans Carrot & Broccoli 450g,$3.60,$0.80/100g,"https://cdn.metcash.media/image/upload/f_auto,c_limit,w_300,q_auto/igashop/images/240406"
Yumi's Traditional Middle Eastern Hommus Dip 1kg,$8.00,$8.00/kg,"https://cdn.metcash.media/image/upload/f_auto,c_limit,w_300,q_auto/igashop/images/686479"
Youfoodz Fuel'D Chargrilled Chicken 420g,$11.95,$2.85/100g,https://www.igashop.com.au/static/default-product-image.png
Schulte's Original Beerstick 150g,$11.00,$7.33/100g,"https://cdn.metcash.media/image/upload/f_auto,c_limit,w_300,q_auto/igashop/images/20000001849"
Kiwi Warming Lambswool Insoles,$7.50,N/A,"https://cdn.metcash.media/image/upload/f_auto,c_limit,w_300,q_auto/igashop/images/308288"
Bakers Collection Mini Star Vol-Au-Vents 78g,$3.00,$3.85/100g,"https://cdn.metcash.media/image/upload/f_auto,c_limit,w_300,q_auto/igashop/images/180000002061"
Primo Pepperoni Salami Knob 200g,$7.00,$3.50/100g,"https://cdn.metcash.media/image/upload/f_auto,c_limit,w_300,q_auto/igashop/images/180000003650"
Only Organic Strawberry Yoghurt Rice Cakes 1-5 Years 30g,$3.50,$11.67/100g,"https://cdn.metcash.media/image/upload/f_auto,c_limit,w_300,q_auto/igashop/images/160000013048"
Bakers Collection Brandy Baskets 6 Pack,$2.00,$0.33 each,"https://cdn.metcash.media/image/upload/f_auto,c_limit,w_300,q_auto/igashop/images/20000000511"
Nescafe Mocha Coffee White Chocolate Mocha 8 Pack,$8.00,$1.00 each,"https://cdn.metcash.media/image/upload/f_auto,c_limit,w_300,q_auto/igashop/images/1800000067731"
Leggo's Pasta Bake Sundried Tomato Garlic 500g,$4.30,$0.86/100g,"https://cdn.metcash.media/image/upload/f_auto,c_limit,w_300,q_auto/igashop/images/612593"
Cheezels Cheese 45g,$1.50,$3.33/100g,"https://cdn.metcash.media/image/upload/f_auto,c_limit,w_300,q_auto/igashop/images/843335"
Kirks Flavours Soft Drink Lemonade Cans 10 Pack,$15.00,$1.50 each,"https://cdn.metcash.media/image/upload/f_auto,c_limit,w_300,q_auto/igashop/images/392504_1"
Blueberry Punnet 125g,$5.95,$4.76/100g,"https://cdn.metcash.media/image/upload/f_auto,c_limit,w_300,q_auto/igashop/images/80050023"
Fussy Cat Tasty Kitten 12 Pack,$9.50,$0.79 each,"https://cdn.metcash.media/image/upload/f_auto,c_limit,w_300,q_auto/igashop/images/32989"
Mount Franklin Spring Water Bottle 1.5L,$3.20,$2.13/1L,"https://cdn.metcash.media/image/upload/f_auto,c_limit,w_300,q_auto/igashop/images/416811"
Earth Choice Ultra Concentrate Dishwashing Liquid Green Tea & Lime 500mL,$2.50,$0.50/100mL,"https://cdn.metcash.media/image/upload/f_auto,c_limit,w_300,q_auto/igashop/images/301888"
Baxters Caramelised Onion Relish 240g,$4.50,$1.88/100g,"https://cdn.metcash.media/image/upload/f_auto,c_limit,w_300,q_auto/igashop/images/930917"
Quorn Garlic & Herb Fillets 200g,$8.25,$4.13/100g,"https://cdn.metcash.media/image/upload/f_auto,c_limit,w_300,q_auto/igashop/images/160000013826"
Masterfoods Herbs And Spices Saffron Packet 0.25g,$14.90,"$5,960.00/100g","https://cdn.metcash.media/image/upload/f_auto,c_limit,w_300,q_auto/igashop/images/307054"
Cocobella Coconut Yoghurt Vanilla 500g,$5.90,$1.18/100g,"https://cdn.metcash.media/image/upload/f_auto,c_limit,w_300,q_auto/igashop/images/227296"
Golden North Ice Cream Vanilla 2L,$10.20,$5.10/1L,"https://cdn.metcash.media/image/upload/f_auto,c_limit,w_300,q_auto/igashop/images/100355"
Zoetic Infusions Organic Chai Tea Bags 25 Pack,$4.95,$0.20 each,"https://cdn.metcash.media/image/upload/f_auto,c_limit,w_300,q_auto/igashop/images/160000012413"
Magnum Ice Cream Mini White 6 Pack,$12.00,$2.00 each,https://www.igashop.com.au/static/default-product-image.png
Lenards Chicken Bon Corn & Cherry 460g,$18.35,$3.99/100g,"https://cdn.metcash.media/image/upload/f_auto,c_limit,w_300,q_auto/igashop/images/69601"
Meiji Hello Panda Chocolate 35g,$0.99,$2.83/100g,"https://cdn.metcash.media/image/upload/f_auto,c_limit,w_300,q_auto/igashop/images/160000013985"
Deli Leg Ham 1kg,Final cost based on weight,$19.90/$19.90,"https://cdn.metcash.media/image/upload/f_auto,c_limit,w_300,q_auto/igashop/images/80072000"
Head & Shoulders Supreme Moisture Shampoo 80mL,$3.10,$3.88/100mL,"https://cdn.metcash.media/image/upload/f_auto,c_limit,w_300,q_auto/igashop/images/748289"
Heinz Seriously Good Whole Egg Mayonnaise 295mL,$5.50,$1.86/100mL,"https://cdn.metcash.media/image/upload/f_auto,c_limit,w_300,q_auto/igashop/images/149171"
Life Savers Fruit Tingles 34g,$1.25,$3.68/100g,"https://cdn.metcash.media/image/upload/f_auto,c_limit,w_300,q_auto/igashop/images/150000007532"
Rafferty's Garden Snack Banana Fruit Bars 8 Pack,$5.00,$0.63 each,"https://cdn.metcash.media/image/upload/f_auto,c_limit,w_300,q_auto/igashop/images/63524"
Patak's Assorted Pappadums 10 Pack,$4.00,$0.40 each,"https://cdn.metcash.media/image/upload/f_auto,c_limit,w_300,q_auto/igashop/images/160000000820"
Greenseas Tuna Lemon Pepper 95g,$1.70,$1.79/100g,"https://cdn.metcash.media/image/upload/f_auto,c_limit,w_300,q_auto/igashop/images/74651"
Kikkoman Soy Sauce Tamari 250mL,$5.90,$2.36/100mL,"https://cdn.metcash.media/image/upload/f_auto,c_limit,w_300,q_auto/igashop/images/932647"
Lynx Antiperspirant Aerosol Blue Lavender 150mL,$5.00,$3.33/100mL,"https://cdn.metcash.media/image/upload/f_auto,c_limit,w_300,q_auto/igashop/images/659561"
Heinz Spaghetti No Added Sugar 300g,$2.50,$0.83/100g,"https://cdn.metcash.media/image/upload/f_auto,c_limit,w_300,q_auto/igashop/images/853924"
Uncle Toby Breakfast Bar Honey Cereal 6 Pack,$6.50,$1.08 each,"https://cdn.metcash.media/image/upload/f_auto,c_limit,w_300,q_auto/igashop/images/521124"
Edgell Kidney Beans Red 400g,$1.95,$0.49/100g,"https://cdn.metcash.media/image/upload/f_auto,c_limit,w_300,q_auto/igashop/images/749421"
Fresh Bake Creme Brulee Cake 300g,$8.95,$2.98/100g,"https://cdn.metcash.media/image/upload/f_auto,c_limit,w_300,q_auto/igashop/images/20000000605"
L'Oréal Paris Magic Retouch Hair Colour 2 Dark Brown,$19.00,N/A,"https://cdn.metcash.media/image/upload/f_auto,c_limit,w_300,q_auto/igashop/images/630452"
Sprite Zero Sugar Lemonade Soft Drink Multipack Cans 10 Pack,$10.50,$1.05 each,"https://cdn.metcash.media/image/upload/f_auto,c_limit,w_300,q_auto/igashop/images/9300675087148_1"
Safcol Yellowfin Tuna Chunks Italian Style in Oil 95g,$2.30,$2.42/100g,"https://cdn.metcash.media/image/upload/f_auto,c_limit,w_300,q_auto/igashop/images/190000003257"
Golden North Country Style Nut Free Ice Cream 2L,$8.25,$4.13/1L,"https://cdn.metcash.media/image/upload/f_auto,c_limit,w_300,q_auto/igashop/images/421507"
Crisco Rice Bran Oil 1L,$10.15,$10.15/1L,"https://cdn.metcash.media/image/upload/f_auto,c_limit,w_300,q_auto/igashop/images/304700"
Ingham's Mega Magic Chicken Nuggets 1.5kg,$15.00,$10.00/kg,"https://cdn.metcash.media/image/upload/f_auto,c_limit,w_300,q_auto/igashop/images/1800000067629"
Clean & Clear Morning Burst Facial Cleanser 240mL,$15.00,$6.25/100mL,"https://cdn.metcash.media/image/upload/f_auto,c_limit,w_300,q_auto/igashop/images/336786"
My Muscle Chef Protein Oat Slice Maple Syrup & Almond Butter 90g,$5.95,$6.61/100g,"https://cdn.metcash.media/image/upload/f_auto,c_limit,w_300,q_auto/igashop/images/565131"
Nestlé Kit Kat Milk Chocolate 42g,$1.50,$3.57/100g,"https://cdn.metcash.media/image/upload/f_auto,c_limit,w_300,q_auto/igashop/images/180000004602"
Dare Protein No Added Sugar Double Espresso 500mL,$4.60,$0.92/100mL,"https://cdn.metcash.media/image/upload/f_auto,c_limit,w_300,q_auto/igashop/images/180000005108"
Birds Eye Field Fresh Garden Peas 500g,$3.55,$0.71/100g,"https://cdn.metcash.media/image/upload/f_auto,c_limit,w_300,q_auto/igashop/images/106034"
Heinz Soup Of The Day Pouch Old Fashion Chicken 430g,$4.50,$1.05/100g,"https://cdn.metcash.media/image/upload/f_auto,c_limit,w_300,q_auto/igashop/images/380609"
Heinz Tortellini Three Cheese with Tomato & Basil 350g,$4.50,$1.29/100g,"https://cdn.metcash.media/image/upload/f_auto,c_limit,w_300,q_auto/igashop/images/160000011391"
Medix Ibuprofen Mini Capsules 25 Pack,$4.35,$0.17 each,"https://cdn.metcash.media/image/upload/f_auto,c_limit,w_300,q_auto/igashop/images/18870"
Green's Pudding Traditional Sticky Date 260g,$3.75,$1.44/100g,"https://cdn.metcash.media/image/upload/f_auto,c_limit,w_300,q_auto/igashop/images/433431"
M&M's Peanut Pouch 380g,$8.00,$2.11/100g,"https://cdn.metcash.media/image/upload/f_auto,c_limit,w_300,q_auto/igashop/images/934754"
Nature's Way Instant Natural Protein Vanilla 375g,$22.50,$6.00/100g,"https://cdn.metcash.media/image/upload/f_auto,c_limit,w_300,q_auto/igashop/images/379072"
Dine Farm Collection Chicken Carrot And Spinach 595g,$12.00,$2.02/100g,https://www.igashop.com.au/static/default-product-image.png
Finish Powerball Quantum Ultimate Dishwasher Tablets Lemon 18 Pack,$17.00,$0.94 each,"https://cdn.metcash.media/image/upload/f_auto,c_limit,w_300,q_auto/igashop/images/783878"
Spice & Co Greek Herb and Spice Mix 45g,$3.75,$8.33/100g,"https://cdn.metcash.media/image/upload/f_auto,c_limit,w_300,q_auto/igashop/images/190000002403"
Simply Tasty Roast Vegetables 800g,$16.95,$2.12/100g,https://www.igashop.com.au/static/default-product-image.png
McKenzie's Coconut Flour 330g,$4.00,$1.21/100g,"https://cdn.metcash.media/image/upload/f_auto,c_limit,w_300,q_auto/igashop/images/187019"
Paddle Pop Cyclone,$3.55,N/A,"https://cdn.metcash.media/image/upload/f_auto,c_limit,w_300,q_auto/igashop/images/190000010370"
Dove Conditioner Restoring Ritual 820mL,$8.50,$1.04/100mL,"https://cdn.metcash.media/image/upload/f_auto,c_limit,w_300,q_auto/igashop/images/510911"
House of Goodness Chicken & Lemongrass Dumplings 285g,$12.95,$4.54/100g,"https://cdn.metcash.media/image/upload/f_auto,c_limit,w_300,q_auto/igashop/images/20000005252"
Peters Proud & Punch Cookies & Dream Ice Cream 6 Pack,$5.50,$0.92 each,"https://cdn.metcash.media/image/upload/f_auto,c_limit,w_300,q_auto/igashop/images/160000018180"
Black & Gold Tuna Chunk Oil 185g,$1.70,$0.92/100g,"https://cdn.metcash.media/image/upload/f_auto,c_limit,w_300,q_auto/igashop/images/411992"
V.I.P. Prota Pet Tender Meat 1kg,$3.80,$3.80/kg,"https://cdn.metcash.media/image/upload/f_auto,c_limit,w_300,q_auto/igashop/images/170245"
Heinz Novelty Pasta Peppa Pig 300g,$2.90,$0.97/100g,https://www.igashop.com.au/static/default-product-image.png
Haldiram's Naan Tandoori 400g,$4.80,$1.20/100g,"https://cdn.metcash.media/image/upload/f_auto,c_limit,w_300,q_auto/igashop/images/20000006420"
Nexba Nootropics Immunity Lemon & Ginger 4 Pack,$9.75,$2.44 each,"https://cdn.metcash.media/image/upload/f_auto,c_limit,w_300,q_auto/igashop/images/645282"
Mr Chen's Vegetable Gyoza 600g,$13.00,$2.17/100g,"https://cdn.metcash.media/image/upload/f_auto,c_limit,w_300,q_auto/igashop/images/429089"
Beerenberg Miso Yuzu Dressing 300mL,$6.95,$2.32/100mL,https://www.igashop.com.au/static/default-product-image.png
Global Seafoods Scallops 500g,$13.00,$2.60/100g,"https://cdn.metcash.media/image/upload/f_auto,c_limit,w_300,q_auto/igashop/images/970200"
BIC Matic Original Pens 5 Pack,$5.50,$1.10 each,"https://cdn.metcash.media/image/upload/f_auto,c_limit,w_300,q_auto/igashop/images/688248"
Berocca Immune Daily Defence Vitamin Supplement Orange Effervescent Tablets 15 Pack,$5.50,$0.37 each,"https://cdn.metcash.media/image/upload/f_auto,c_limit,w_300,q_auto/igashop/images/670004"
Thins Chips Chicken 45g,$1.50,$3.33/100g,"https://cdn.metcash.media/image/upload/f_auto,c_limit,w_300,q_auto/igashop/images/843262"
Libra Ultra Thin Pads Regular Wing 20 Pack,$6.50,$0.33 each,"https://cdn.metcash.media/image/upload/f_auto,c_limit,w_300,q_auto/igashop/images/56954"
Old El Paso Mexican Burrito Spice Mix 40g,$3.00,$7.50/100g,"https://cdn.metcash.media/image/upload/f_auto,c_limit,w_300,q_auto/igashop/images/20000000844"
Bean Supreme Vegetarian Sausages Roasted Garlic 300g,$8.20,$2.73/100g,"https://cdn.metcash.media/image/upload/f_auto,c_limit,w_300,q_auto/igashop/images/160000013144"
Clearblue Ultra Early Pregnancy Test 3 Pack,$20.00,$6.67 each,"https://cdn.metcash.media/image/upload/f_auto,c_limit,w_300,q_auto/igashop/images/160000010954"
Ben's Original Golden Vegetable Rice 250g,$3.25,$1.30/100g,"https://cdn.metcash.media/image/upload/f_auto,c_limit,w_300,q_auto/igashop/images/784756"
Electropops Mango Passionfruit 8 Pack,$14.00,$1.75 each,"https://cdn.metcash.media/image/upload/f_auto,c_limit,w_300,q_auto/igashop/images/20000005876"
Strangelove Lime & Jalapeno Lo-Cal 300mL,$13.75,$45.83/1L,https://www.igashop.com.au/static/default-product-image.png
V Energy Drink Blue 250mL,$2.65,$1.06/100mL,"https://cdn.metcash.media/image/upload/f_auto,c_limit,w_300,q_auto/igashop/images/318068"
Baby Capsicums 175g,$5.95,$3.40/100g,https://www.igashop.com.au/static/default-product-image.png
Bega Cheese Sticks 240g,$5.80,$2.42/100g,"https://cdn.metcash.media/image/upload/f_auto,c_limit,w_300,q_auto/igashop/images/502735"
Simson's Pantry Mini Naan Plain 225g,$4.00,$1.78/100g,"https://cdn.metcash.media/image/upload/f_auto,c_limit,w_300,q_auto/igashop/images/230760"
Pico Organic Chocolate Salted Caramel 80g,$9.00,$11.25/100g,"https://cdn.metcash.media/image/upload/f_auto,c_limit,w_300,q_auto/igashop/images/7725"
McCain Dinner Chicken Parmagiana 320g,$6.00,$1.88/100g,"https://cdn.metcash.media/image/upload/f_auto,c_limit,w_300,q_auto/igashop/images/188921"
Campbell's Soup Country Ladle Pea & Ham 500g,$4.50,$0.90/100g,"https://cdn.metcash.media/image/upload/f_auto,c_limit,w_300,q_auto/igashop/images/337790"
BIC Shaver Flex 3 Mens 4 Pack,$3.50,$0.88 each,"https://cdn.metcash.media/image/upload/f_auto,c_limit,w_300,q_auto/igashop/images/369425"
Pico Organic Chocolate Hazelnut Milk 80g,$9.00,$11.25/100g,"https://cdn.metcash.media/image/upload/f_auto,c_limit,w_300,q_auto/igashop/images/190000002519"
McKenzie's Black Beans 375g,$2.25,$0.60/100g,"https://cdn.metcash.media/image/upload/f_auto,c_limit,w_300,q_auto/igashop/images/32065"
The Paw Grocer Air Dried Kangaroo Straps 100g,$7.40,$7.40/100g,https://www.igashop.com.au/static/default-product-image.png
Cadbury Dairy Milk Roast Almond Chocolate Block 180g,$4.00,$2.22/100g,"https://cdn.metcash.media/image/upload/f_auto,c_limit,w_300,q_auto/igashop/images/461879"
KB's Crunchy Battered Whiting Fillets 1kg,$24.00,$24.00/kg,"https://cdn.metcash.media/image/upload/f_auto,c_limit,w_300,q_auto/igashop/images/180000000711"
RJ's Mackintosh's Toffee De Luxe 200g,$7.20,$3.60/100g,https://www.igashop.com.au/static/default-product-image.png
Ayam Premium Coconut Cream 140mL,$3.00,$2.14/100mL,"https://cdn.metcash.media/image/upload/f_auto,c_limit,w_300,q_auto/igashop/images/160000014136"
Olina's Bakehouse Seeded Crackers Ancient Grain Gluten Free 100g,$5.59,$5.59/100g,"https://cdn.metcash.media/image/upload/f_auto,c_limit,w_300,q_auto/igashop/images/9408"
Mojo Activated Kombucha Ginger 1L,$9.25,$9.25/1L,"https://cdn.metcash.media/image/upload/f_auto,c_limit,w_300,q_auto/igashop/images/764353"
Baby Bellies Organic Puffs Carrot 12g,$1.75,$14.58/100g,"https://cdn.metcash.media/image/upload/f_auto,c_limit,w_300,q_auto/igashop/images/743700"
Purina Fancy Feast Adult Pet Food Petite Delights Salmon 50g,$1.05,$2.10/100g,"https://cdn.metcash.media/image/upload/f_auto,c_limit,w_300,q_auto/igashop/images/186720"
Holbrooks Sauce Worcestershire 500mL,$5.40,$1.08/100mL,"https://cdn.metcash.media/image/upload/f_auto,c_limit,w_300,q_auto/igashop/images/355617"
Kent Pumpkin Cut 1.2kg,Final cost based on weight,$4.74/$3.95,"https://cdn.metcash.media/image/upload/f_auto,c_limit,w_300,q_auto/igashop/images/80060064"
Tommee Tippee Narrow Neck Bottles 3 Pack,$12.25,$4.08 each,"https://cdn.metcash.media/image/upload/f_auto,c_limit,w_300,q_auto/igashop/images/916510"
Lindt Master Chocolatier Collection 184g,$24.00,$13.04/100g,"https://cdn.metcash.media/image/upload/f_auto,c_limit,w_300,q_auto/igashop/images/176356"
Garnier Hydrobomb Mask Pomegranate 28g,$8.00,$28.57/100g,"https://cdn.metcash.media/image/upload/f_auto,c_limit,w_300,q_auto/igashop/images/207071"
Golden Circle Apple Mango Juice 2L,$3.90,$1.95/1L,"https://cdn.metcash.media/image/upload/f_auto,c_limit,w_300,q_auto/igashop/images/634249"
Fab Perfume Indulgence Gold Absolute Washing Powder Laundry Detergent 3.8kg,$16.50,$4.34/kg,"https://cdn.metcash.media/image/upload/f_auto,c_limit,w_300,q_auto/igashop/images/425750"
Pacific West Thai Spring Rolls 430g,$6.65,$1.55/100g,"https://cdn.metcash.media/image/upload/f_auto,c_limit,w_300,q_auto/igashop/images/190000002935"
Rexona Antiperspirant Aerosol Advanced Extra Cool with Antibacterial Protection 220mL,$5.25,$2.39/100mL,"https://cdn.metcash.media/image/upload/f_auto,c_limit,w_300,q_auto/igashop/images/719277"
Nice & Natural Protein Bar Wholeseed Cranberry & Raspberry 150g,$5.00,$3.33/100g,"https://cdn.metcash.media/image/upload/f_auto,c_limit,w_300,q_auto/igashop/images/594114"
Mortein Power Gard Multi Insect Killer 300g,$9.80,$3.27/100g,"https://cdn.metcash.media/image/upload/f_auto,c_limit,w_300,q_auto/igashop/images/854441"
Black & Gold Thick Sponges 3 Pack,$2.20,$0.73 each,"https://cdn.metcash.media/image/upload/f_auto,c_limit,w_300,q_auto/igashop/images/498520"
Energizer Lithium Ultimate AA Batteries 2 Pack,$17.70,$8.85 each,"https://cdn.metcash.media/image/upload/f_auto,c_limit,w_300,q_auto/igashop/images/265951"
McCain SuperFries Steak Cut 900g,$4.30,$0.48/100g,"https://cdn.metcash.media/image/upload/f_auto,c_limit,w_300,q_auto/igashop/images/925323"
U By Kotex Ultra Thins Regular Pads With Wings 12 Pack,$4.90,$0.41 each,"https://cdn.metcash.media/image/upload/f_auto,c_limit,w_300,q_auto/igashop/images/884653"
Cleaver's Organic Chuck & Brisket Burger 450g,$13.00,$2.89/100g,"https://cdn.metcash.media/image/upload/f_auto,c_limit,w_300,q_auto/igashop/images/126819"
Yarra Valley Hilltop Heritage Marmalade Conserve 300g,$5.60,$1.87/100g,https://www.igashop.com.au/static/default-product-image.png
San Remo Fettuccine Curly Pasta No 80 500g,$2.95,$0.59/100g,"https://cdn.metcash.media/image/upload/f_auto,c_limit,w_300,q_auto/igashop/images/642917"
Vitawerx Protein Milk Chocolate Bar 100g,$8.95,$8.95/100g,"https://cdn.metcash.media/image/upload/f_auto,c_limit,w_300,q_auto/igashop/images/190000005158"
Nature's Way Kids Smart Vita Gummies Multi-Vitamin + Vegies 60 Pack,$18.00,$0.30 each,"https://cdn.metcash.media/image/upload/f_auto,c_limit,w_300,q_auto/igashop/images/69300"
Kikkoman Kara Age Japanese Style Coating Mix Fried Chicken 100g,$3.45,$3.45/100g,https://www.igashop.com.au/static/default-product-image.png
Latina Fresh Creamy Carbonara Sauce 250g,$4.25,$1.70/100g,"https://cdn.metcash.media/image/upload/f_auto,c_limit,w_300,q_auto/igashop/images/180000006448"
Suprima Bakeries Aussie Scroll 4 Pack,$6.45,$1.61 each,https://www.igashop.com.au/static/default-product-image.png
Ho Mai Entertainer Pack 1kg,$10.00,$10.00/kg,"https://cdn.metcash.media/image/upload/f_auto,c_limit,w_300,q_auto/igashop/images/163264"
Terry's Chocolate Orange Milk 175g,$9.00,$5.14/100g,"https://cdn.metcash.media/image/upload/f_auto,c_limit,w_300,q_auto/igashop/images/672200"
Schar Gluten Free White Sourdough Bread 300g,$11.50,$3.83/100g,"https://cdn.metcash.media/image/upload/f_auto,c_limit,w_300,q_auto/igashop/images/20000000141"
Up & Go Liquid Breakfast Strawberry 12 Pack,$18.00,$1.50 each,"https://cdn.metcash.media/image/upload/f_auto,c_limit,w_300,q_auto/igashop/images/956031"
Paddle Pop Water Ice Icy Twist 75mL,$2.05,$2.73/100mL,"https://cdn.metcash.media/image/upload/f_auto,c_limit,w_300,q_auto/igashop/images/885188"
Nature's Gift Casserole Gravy Style With Kangaroo & Veg Wet Dog Food 1.2kg,$3.80,$3.17/kg,"https://cdn.metcash.media/image/upload/f_auto,c_limit,w_300,q_auto/igashop/images/766583"
Smith's Crinkle Cut Potato Chips Barbecue 170g,$3.75,$2.21/100g,"https://cdn.metcash.media/image/upload/f_auto,c_limit,w_300,q_auto/igashop/images/299138"
Allen's Confectionery Drumsticks 170g,$5.00,$2.94/100g,https://www.igashop.com.au/static/default-product-image.png
Black & Gold Cola Zero Sugar 1.25L,$1.15,$0.92/1L,"https://cdn.metcash.media/image/upload/f_auto,c_limit,w_300,q_auto/igashop/images/398746"
Pepperoni 1kg,Final cost based on weight,$33.00/$33.00,"https://cdn.metcash.media/image/upload/f_auto,c_limit,w_300,q_auto/igashop/images/80072145"
Aegean Fruit & Nut Mix 450g,$10.95,$2.43/100g,https://www.igashop.com.au/static/default-product-image.png
Nudie Juice Nothing But Tropical Fruit 200mL,$2.10,$1.05/100mL,"https://cdn.metcash.media/image/upload/f_auto,c_limit,w_300,q_auto/igashop/images/180000000061"
Peters Maxibon Hedgehog Slice 4 Pack,$7.90,$1.98 each,"https://cdn.metcash.media/image/upload/f_auto,c_limit,w_300,q_auto/igashop/images/180000005731"
Kurrajong Kitchen Lavosh Bites Rosemary Sea Salt 120g,$4.75,$3.96/100g,"https://cdn.metcash.media/image/upload/f_auto,c_limit,w_300,q_auto/igashop/images/9573"
Nerada Organics Green Tea & Ginger Tea Bags 50 Pack,$5.50,$0.11 each,"https://cdn.metcash.media/image/upload/f_auto,c_limit,w_300,q_auto/igashop/images/160000012865"
Gotzinger The Big Cheese Kransky 400g,$8.50,$2.13/100g,"https://cdn.metcash.media/image/upload/f_auto,c_limit,w_300,q_auto/igashop/images/190000004968"
Glad Wavetop Garbage Bag 80 Litres 30 Pack,$9.00,$0.30 each,"https://cdn.metcash.media/image/upload/f_auto,c_limit,w_300,q_auto/igashop/images/393885"
Old El Paso Taco Shells Family Pack 18 Pack,$6.00,$0.33 each,"https://cdn.metcash.media/image/upload/f_auto,c_limit,w_300,q_auto/igashop/images/180000004622"
KB Seafood Tuna Steaks 200g,$12.00,$6.00/100g,https://www.igashop.com.au/static/default-product-image.png
Primo Reserve Cheese Kransky Heat'N'Eat 250g,$6.10,$2.44/100g,https://www.igashop.com.au/static/default-product-image.png
Bundaberg White Sugar 2kg,$3.90,$1.95/kg,"https://cdn.metcash.media/image/upload/f_auto,c_limit,w_300,q_auto/igashop/images/96394"
Aegean Almonds Roasted 375g,$11.20,$2.99/100g,https://www.igashop.com.au/static/default-product-image.png
Life Savers Raspberry Sherbert Fizz Stix 40g,$2.00,$5.00/100g,"https://cdn.metcash.media/image/upload/f_auto,c_limit,w_300,q_auto/igashop/images/277254"
Kellogg's Nutri-Grain Protein 470g,$9.00,$1.91/100g,"https://cdn.metcash.media/image/upload/f_auto,c_limit,w_300,q_auto/igashop/images/20000004991"
Energizer A27 Alkaline Battery,$3.50,N/A,"https://cdn.metcash.media/image/upload/f_auto,c_limit,w_300,q_auto/igashop/images/849064"
Fancy Feast Adult Savory Centers Patè With Chicken And A Gourmet Gravy Center Wet Cat Food 85g,$2.60,$3.06/100g,"https://cdn.metcash.media/image/upload/f_auto,c_limit,w_300,q_auto/igashop/images/190000000317"
Whiskas Adult Wet Cat Food Salmon Casserole Can 400g,$2.10,$0.53/100g,"https://cdn.metcash.media/image/upload/f_auto,c_limit,w_300,q_auto/igashop/images/82531"
Gravox Cheese Sauce Mix 29g,$1.50,$5.17/100g,"https://cdn.metcash.media/image/upload/f_auto,c_limit,w_300,q_auto/igashop/images/455815"
Oso Garbage Bag Twin Tie 40 Pack,$6.70,$0.17 each,"https://cdn.metcash.media/image/upload/f_auto,c_limit,w_300,q_auto/igashop/images/395714"
Dove Beauty Cream Bar Original Soap 2 Pack,$5.50,$2.75 each,"https://cdn.metcash.media/image/upload/f_auto,c_limit,w_300,q_auto/igashop/images/617881"
Purina One Senior Pet Food Mature 7+ Chicken 70g,$1.90,$2.71/100g,"https://cdn.metcash.media/image/upload/f_auto,c_limit,w_300,q_auto/igashop/images/180000003189"
Haribo Confectionery Mega-Roulette Sour 45g,$1.00,$2.22/100g,https://www.igashop.com.au/static/default-product-image.png
Fibre One Salted Caramel Muesli Bars 5 Pack,$6.90,$1.38 each,"https://cdn.metcash.media/image/upload/f_auto,c_limit,w_300,q_auto/igashop/images/935522"
Arnott's Salada Wholemeal 250g,$3.00,$1.20/100g,"https://cdn.metcash.media/image/upload/f_auto,c_limit,w_300,q_auto/igashop/images/366529"
Baked Provision Cake Carrot Slice 135g,$7.70,$5.70/100g,"https://cdn.metcash.media/image/upload/f_auto,c_limit,w_300,q_auto/igashop/images/433800"
MasterFoods Teriyaki Chicken Stir Fry Recipe Base 175g,$2.70,$1.54/100g,"https://cdn.metcash.media/image/upload/f_auto,c_limit,w_300,q_auto/igashop/images/49981"
Peckish White Tray Seaweed 90g,$2.10,$2.33/100g,https://www.igashop.com.au/static/default-product-image.png
Redberry Ponytail Flat Elastics Black Brown 12 Pack,$3.80,$0.32 each,"https://cdn.metcash.media/image/upload/f_auto,c_limit,w_300,q_auto/igashop/images/248687"
Sunkist Can 375mL,$2.55,$0.68/100mL,"https://cdn.metcash.media/image/upload/f_auto,c_limit,w_300,q_auto/igashop/images/806391"
The Laughing Cow Cheese Spread 128g,$5.00,$3.91/100g,"https://cdn.metcash.media/image/upload/f_auto,c_limit,w_300,q_auto/igashop/images/311155"
Peckish Puff Bites Flavoured Rice Crackers Thai Chilli & Lime 80g,$3.00,$3.75/100g,"https://cdn.metcash.media/image/upload/f_auto,c_limit,w_300,q_auto/igashop/images/160000000830"
OMO Active Clean Laundry Detergent Washing Powder 2kg,$14.00,$7.00/kg,"https://cdn.metcash.media/image/upload/f_auto,c_limit,w_300,q_auto/igashop/images/624744"
Black & Gold Methylated Spirit 1L,$5.80,$5.80/1L,"https://cdn.metcash.media/image/upload/f_auto,c_limit,w_300,q_auto/igashop/images/682496"
Norsca Forest Fresh Roll On 50mL,$2.15,$4.30/100mL,"https://cdn.metcash.media/image/upload/f_auto,c_limit,w_300,q_auto/igashop/images/333801"
SPC Crushed Tomatoes 400g,$1.75,$0.44/100g,"https://cdn.metcash.media/image/upload/f_auto,c_limit,w_300,q_auto/igashop/images/20000006954"
Lynx Ice Chill Antiperspirant 165mL,$4.00,$2.42/100mL,"https://cdn.metcash.media/image/upload/f_auto,c_limit,w_300,q_auto/igashop/images/748763"
L'Oreal Paris Elnett Flexible Hold 75mL,$5.60,$7.47/100mL,"https://cdn.metcash.media/image/upload/f_auto,c_limit,w_300,q_auto/igashop/images/276520"
Vo5 Hairspray Volume & Lift Styling Spray 200g,$5.50,$2.75/100g,"https://cdn.metcash.media/image/upload/f_auto,c_limit,w_300,q_auto/igashop/images/359920"
Canon Chicken Burger 1kg,$18.00,$18.00/kg,https://www.igashop.com.au/static/default-product-image.png
Tip Top Thins Bread Mixed Grains 240g,$3.90,$1.63/100g,"https://cdn.metcash.media/image/upload/f_auto,c_limit,w_300,q_auto/igashop/images/328097"
Uncle Tobys Oats Quick Sachets Breakfast Cereal Classic Variety 10 Pack,$5.50,$0.55 each,"https://cdn.metcash.media/image/upload/f_auto,c_limit,w_300,q_auto/igashop/images/174024"
Fantastic Cup Noodles Beef 6 Pack,$9.40,$1.57 each,"https://cdn.metcash.media/image/upload/f_auto,c_limit,w_300,q_auto/igashop/images/170000000671"
Fussy Cat Grain Free Crunchers With Kangaroo Cat Treat 100g,$3.00,$3.00/100g,"https://cdn.metcash.media/image/upload/f_auto,c_limit,w_300,q_auto/igashop/images/180000001112"
L'Oréal Paris Excellence Crème 5 Natural Brown Hair Colour,$20.00,N/A,"https://cdn.metcash.media/image/upload/f_auto,c_limit,w_300,q_auto/igashop/images/190000000533"
MasterFoods Tomato Relish 250g,$3.60,$1.44/100g,"https://cdn.metcash.media/image/upload/f_auto,c_limit,w_300,q_auto/igashop/images/362672"
Nestle Aero Chocolate Milk Medium Bar 40g,$1.50,$3.75/100g,"https://cdn.metcash.media/image/upload/f_auto,c_limit,w_300,q_auto/igashop/images/180000006293"
Finish Quantum Auto Dishwash Tablets Lemon 90 Pack,$36.00,$0.40 each,"https://cdn.metcash.media/image/upload/f_auto,c_limit,w_300,q_auto/igashop/images/1800000068968"
NIVEA MEN Black & White Invisible Original Anti-Perspirant Aerosol 250mL,$4.75,$1.90/100mL,"https://cdn.metcash.media/image/upload/f_auto,c_limit,w_300,q_auto/igashop/images/381655"
La Zuppa Microwave Soup Pumpkin 420g,$4.60,$1.10/100g,"https://cdn.metcash.media/image/upload/f_auto,c_limit,w_300,q_auto/igashop/images/864072"
Macros Spaghetti Bolognese 350g,$12.00,$3.43/100g,https://www.igashop.com.au/static/default-product-image.png
Gotzinger Baby New York Hot Dog 400g,$9.20,$2.30/100g,"https://cdn.metcash.media/image/upload/f_auto,c_limit,w_300,q_auto/igashop/images/190000004971"
Brunswick Sardines in Olive Oil 106g,$3.10,$2.92/100g,"https://cdn.metcash.media/image/upload/f_auto,c_limit,w_300,q_auto/igashop/images/190000004609"
Venerdi Keto Bread Hemp & Linseed 490g,$16.50,$3.37/100g,"https://cdn.metcash.media/image/upload/f_auto,c_limit,w_300,q_auto/igashop/images/20000002127"
Reese's Outrageous Chocolate King Size 83g,$4.60,$5.54/100g,https://www.igashop.com.au/static/default-product-image.png
Black & Gold Air Fresh Country Garden 200g,$3.00,$1.50/100g,"https://cdn.metcash.media/image/upload/f_auto,c_limit,w_300,q_auto/igashop/images/86797"
White Nectarines 170g,Final cost based on weight,$0.84/$4.95,"https://cdn.metcash.media/image/upload/f_auto,c_limit,w_300,q_auto/igashop/images/80060089"
Mount Franklin Lightly Sparkling Water Passionfruit Bottle 1.25L,$2.00,$1.60/1L,"https://cdn.metcash.media/image/upload/f_auto,c_limit,w_300,q_auto/igashop/images/492082"
Mighty Soft Multigrain 650g,$4.10,$0.63/100g,"https://cdn.metcash.media/image/upload/f_auto,c_limit,w_300,q_auto/igashop/images/860379"
Annalisa Peeled Tomatoes 400g,$1.50,$0.38/100g,"https://cdn.metcash.media/image/upload/f_auto,c_limit,w_300,q_auto/igashop/images/441109"
Fantastic Delites Cheddar Cheese 100g,$2.80,$2.80/100g,"https://cdn.metcash.media/image/upload/f_auto,c_limit,w_300,q_auto/igashop/images/14737"
Darrell Lea Milk Foiled Solid Eggs 110g,$7.50,$6.82/100g,"https://cdn.metcash.media/image/upload/f_auto,c_limit,w_300,q_auto/igashop/images/363657"
Willow Ice Brick Medium,$2.45,N/A,"https://cdn.metcash.media/image/upload/f_auto,c_limit,w_300,q_auto/igashop/images/724345"
Mums Favourites Slice Fruit 250g,$8.95,$3.58/100g,https://www.igashop.com.au/static/default-product-image.png
Gillette Pure Shaving Cream For Men 170g,$8.50,$5.00/100g,"https://cdn.metcash.media/image/upload/f_auto,c_limit,w_300,q_auto/igashop/images/929356"
Raguletto Pasta Sauce Venetian 500g,$2.09,$0.42/100g,"https://cdn.metcash.media/image/upload/f_auto,c_limit,w_300,q_auto/igashop/images/484123"
Fresh Pasta Co Beef Lasagne 500g,$18.95,$3.79/100g,"https://cdn.metcash.media/image/upload/f_auto,c_limit,w_300,q_auto/igashop/images/20000005223"
Don Salami Pepperoni Sliced 500g,$19.90,$3.98/100g,https://www.igashop.com.au/static/default-product-image.png
Campbell's Fish Real Stock 500mL,$2.75,$0.55/100mL,"https://cdn.metcash.media/image/upload/f_auto,c_limit,w_300,q_auto/igashop/images/378686"
Cheer Cheese Plant Based Shredded 200g,$6.30,$3.15/100g,"https://cdn.metcash.media/image/upload/f_auto,c_limit,w_300,q_auto/igashop/images/294895"
Almond Breeze Flavoured Chocolate Milk 1L,$3.70,$3.70/1L,"https://cdn.metcash.media/image/upload/f_auto,c_limit,w_300,q_auto/igashop/images/190000004587"
Golden Circle Pine Mango Fruit Drink Multipack Poppers 6 Pack,$5.10,$0.85 each,"https://cdn.metcash.media/image/upload/f_auto,c_limit,w_300,q_auto/igashop/images/51001"
Pauls High Protein Chocolate 160g,$3.10,$1.94/100g,"https://cdn.metcash.media/image/upload/f_auto,c_limit,w_300,q_auto/igashop/images/548621"
Majans Bhuja Aloo Bhujia 140g,$4.50,$3.21/100g,"https://cdn.metcash.media/image/upload/f_auto,c_limit,w_300,q_auto/igashop/images/180143"
Bonds Explorer Socks Mens Navy Size 11-14,$8.00,N/A,"https://cdn.metcash.media/image/upload/f_auto,c_limit,w_300,q_auto/igashop/images/260896"
Community Co Dry Pasta #55 Spirals 500g,$1.00,$0.20/100g,"https://cdn.metcash.media/image/upload/f_auto,c_limit,w_300,q_auto/igashop/images/1800000068491"
M&M's Green & Red Chocolate 640g,$19.00,$2.97/100g,"https://cdn.metcash.media/image/upload/f_auto,c_limit,w_300,q_auto/igashop/images/853144"
My Berries Strawberries 1kg,$24.95,$24.95/kg,"https://cdn.metcash.media/image/upload/f_auto,c_limit,w_300,q_auto/igashop/images/20000006489"
Karma Drinks Cola Lemmy Lemonade 300mL,$3.95,$1.32/100mL,"https://cdn.metcash.media/image/upload/f_auto,c_limit,w_300,q_auto/igashop/images/190000005241"
Uncle Tobys Oats Breakfast Bakes Honey & Roasted Almond 260g,$5.60,$2.15/100g,"https://cdn.metcash.media/image/upload/f_auto,c_limit,w_300,q_auto/igashop/images/939369"
Solo Zero Sugar Lemon Soft Drink 1.25L,$3.50,$2.80/1L,https://www.igashop.com.au/static/default-product-image.png
Double D Butter Candy Drops 200g,$2.45,$1.23/100g,"https://cdn.metcash.media/image/upload/f_auto,c_limit,w_300,q_auto/igashop/images/140928"
Maltesers Gold Share Pouch 130g,$7.00,$5.38/100g,"https://cdn.metcash.media/image/upload/f_auto,c_limit,w_300,q_auto/igashop/images/150000008028"
Baker's Oven Potato Buns 300g,$5.10,$1.70/100g,"https://cdn.metcash.media/image/upload/f_auto,c_limit,w_300,q_auto/igashop/images/180000002501"
H2jUICE Watermelon 1.25L,$5.00,$4.00/1L,"https://cdn.metcash.media/image/upload/f_auto,c_limit,w_300,q_auto/igashop/images/215794"
Golden Circle Golden Pash Fruit Drink Multipack Poppers 6 Pack,$5.10,$0.85 each,"https://cdn.metcash.media/image/upload/f_auto,c_limit,w_300,q_auto/igashop/images/319310"
Cocobella Coconut Yoghurt Strawberry 150g,$2.50,$1.67/100g,"https://cdn.metcash.media/image/upload/f_auto,c_limit,w_300,q_auto/igashop/images/180000000314"
Pringles Fried Chicken Crisps 134g,$5.00,$3.73/100g,"https://cdn.metcash.media/image/upload/f_auto,c_limit,w_300,q_auto/igashop/images/642674"
Quest Double Chocolate Chip Protein Cookie 59g,$5.40,$9.15/100g,"https://cdn.metcash.media/image/upload/f_auto,c_limit,w_300,q_auto/igashop/images/999649"
Farmers Union Greek Style High Protein Vanilla Yogurt Pouch 150g,$1.70,$1.13/100g,"https://cdn.metcash.media/image/upload/f_auto,c_limit,w_300,q_auto/igashop/images/1800000069604"
Zoosh Dip Prawn & Crab Flavour 185g,$3.55,$1.92/100g,"https://cdn.metcash.media/image/upload/f_auto,c_limit,w_300,q_auto/igashop/images/203315"
Suntory BOSS Ice Long Black Flash Brew Coffee 237mL,$2.50,$1.05/100mL,"https://cdn.metcash.media/image/upload/f_auto,c_limit,w_300,q_auto/igashop/images/702961"
Old El Paso Mild Burrito Kit 8 Pack,$8.50,$1.06 each,"https://cdn.metcash.media/image/upload/f_auto,c_limit,w_300,q_auto/igashop/images/426557"
Bellamy's Organic Banana Custard With Flaxseed 120g,$2.30,$1.92/100g,"https://cdn.metcash.media/image/upload/f_auto,c_limit,w_300,q_auto/igashop/images/968397"
Lux Bar Soap Velvet Touch 70g,$4.00,$5.71/100g,"https://cdn.metcash.media/image/upload/f_auto,c_limit,w_300,q_auto/igashop/images/1800000067686"
Cobram Estate Extra Virgin Olive Oil Classic 3L,$65.00,$21.67/1L,"https://cdn.metcash.media/image/upload/f_auto,c_limit,w_300,q_auto/igashop/images/16000001543"
SodaKING Cylinder Gas Refill Exchange 60L,$18.05,$0.30/1L,"https://cdn.metcash.media/image/upload/f_auto,c_limit,w_300,q_auto/igashop/images/641482"
Pauls Premium Custard Creme Caramel 600g,$2.00,$0.33/100g,https://www.igashop.com.au/static/default-product-image.png
Mount Franklin Lightly Sparkling Water Mango Multipack Cans 10 Pack,$20.00,$2.00 each,"https://cdn.metcash.media/image/upload/f_auto,c_limit,w_300,q_auto/igashop/images/884242_1"
Bulla Murray St Vanilla & Boysenberry Swirl Ice Cream 1L,$6.00,$6.00/1L,"https://cdn.metcash.media/image/upload/f_auto,c_limit,w_300,q_auto/igashop/images/650067"
"Mrs Mac's Beef, Cheese & Bacon Pies 4 Pack",$7.50,$1.88 each,"https://cdn.metcash.media/image/upload/f_auto,c_limit,w_300,q_auto/igashop/images/80301"
Community Co Strawberry Cheesecake 450g,$6.65,$1.48/100g,"https://cdn.metcash.media/image/upload/f_auto,c_limit,w_300,q_auto/igashop/images/20000002220"
Jack Hammer Brass Padlock 50mm,$9.00,N/A,"https://cdn.metcash.media/image/upload/f_auto,c_limit,w_300,q_auto/igashop/images/213792"
Rice A Riso Flavoured Rice Chicken 180g,$2.90,$1.61/100g,"https://cdn.metcash.media/image/upload/f_auto,c_limit,w_300,q_auto/igashop/images/92455"
Uncle Tobys Oats Traditional Porridge 500g,$4.50,$0.90/100g,"https://cdn.metcash.media/image/upload/f_auto,c_limit,w_300,q_auto/igashop/images/74253"
Maxiblock Aloe Vera After Sun Gel Pump 500mL,$13.35,$2.67/100mL,"https://cdn.metcash.media/image/upload/f_auto,c_limit,w_300,q_auto/igashop/images/238920"
Carob Kitchen Carob Coconut Bar 80g,$7.95,$9.94/100g,"https://cdn.metcash.media/image/upload/f_auto,c_limit,w_300,q_auto/igashop/images/20000002080"
Yumi's Traditional Middle Eastern Hommus Dip 200g,$4.50,$2.25/100g,"https://cdn.metcash.media/image/upload/f_auto,c_limit,w_300,q_auto/igashop/images/967778"
Arnott's Tim Tam Chocolate Biscuits Double Coat 200g,$4.50,$2.25/100g,"https://cdn.metcash.media/image/upload/f_auto,c_limit,w_300,q_auto/igashop/images/406816"
Spice & Co Cardamom Pods 15g,$3.75,$25.00/100g,"https://cdn.metcash.media/image/upload/f_auto,c_limit,w_300,q_auto/igashop/images/190000002383"
Mountain Dew Citrus Energised Soft Drink 24 Pack,$19.00,$0.79 each,"https://cdn.metcash.media/image/upload/f_auto,c_limit,w_300,q_auto/igashop/images/1800000067717"
Coca-Cola Zero Sugar Soft Drink Multipack Mini Cans 6 Pack,$10.00,$1.67 each,"https://cdn.metcash.media/image/upload/f_auto,c_limit,w_300,q_auto/igashop/images/674485"
Arnott's Delta Creams 250g,$2.80,$1.12/100g,"https://cdn.metcash.media/image/upload/f_auto,c_limit,w_300,q_auto/igashop/images/366189"
Sirena Tuna Caramelised Onion 95g,$2.95,$3.11/100g,"https://cdn.metcash.media/image/upload/f_auto,c_limit,w_300,q_auto/igashop/images/471256"
V Energy Refresh Energy Drink Blackcurrant Yuzu 250mL,$2.65,$1.06/100mL,"https://cdn.metcash.media/image/upload/f_auto,c_limit,w_300,q_auto/igashop/images/754748"
Ecostore Dishwashing Liquid Lemon 1L,$8.80,$8.80/1L,"https://cdn.metcash.media/image/upload/f_auto,c_limit,w_300,q_auto/igashop/images/892834"
Rexona Women Antiperspirant Aerosol Hypoallergenic 250mL,$6.00,$2.40/100mL,"https://cdn.metcash.media/image/upload/f_auto,c_limit,w_300,q_auto/igashop/images/563"
Palmolive Foaming Hand Wash Soap New Zealand Manuka Honey & Lavender Recyclable 400mL,$5.00,$1.25/100mL,"https://cdn.metcash.media/image/upload/f_auto,c_limit,w_300,q_auto/igashop/images/882928"
DF Classic Iced Coffee Flavoured Milk 500mL,$3.20,$0.64/100mL,"https://cdn.metcash.media/image/upload/f_auto,c_limit,w_300,q_auto/igashop/images/844360"
Nirvana Natural Xylitol 500g,$16.95,$3.39/100g,"https://cdn.metcash.media/image/upload/f_auto,c_limit,w_300,q_auto/igashop/images/160000018001"
400 Gradi Coconut & Chocolate Biscotti 200g,$7.00,$3.50/100g,"https://cdn.metcash.media/image/upload/f_auto,c_limit,w_300,q_auto/igashop/images/190000009600"
Mainland Garlic Butter Stick 125g,$3.60,$2.88/100g,"https://cdn.metcash.media/image/upload/f_auto,c_limit,w_300,q_auto/igashop/images/623476"
Priya Soap Bar Olive Oil 100g,$2.75,$2.75/100g,"https://cdn.metcash.media/image/upload/f_auto,c_limit,w_300,q_auto/igashop/images/656144"
Glad Kitchen Tidy Bag Wavetop X-Large 20 Pack,$3.75,$0.19 each,"https://cdn.metcash.media/image/upload/f_auto,c_limit,w_300,q_auto/igashop/images/926515"
Energizer Max C393 Batteries 2 Pack,$10.65,$5.33 each,"https://cdn.metcash.media/image/upload/f_auto,c_limit,w_300,q_auto/igashop/images/292322"
Sunsilk Conditioner Addictive Brilliant Shine 350mL,$7.50,$2.14/100mL,"https://cdn.metcash.media/image/upload/f_auto,c_limit,w_300,q_auto/igashop/images/614147"
OMO Laundry Powder 3 In 1 Caps 28 Pack,$14.00,$0.50 each,"https://cdn.metcash.media/image/upload/f_auto,c_limit,w_300,q_auto/igashop/images/545741"
Amore Burrata 125g,$11.95,$9.56/100g,"https://cdn.metcash.media/image/upload/f_auto,c_limit,w_300,q_auto/igashop/images/20000002921"
Mentos Cube Gum Watermelon 46g,$2.95,$6.41/100g,https://www.igashop.com.au/static/default-product-image.png
Griffin's Cookie Bear Shrewsbury Biscuits 195g,$3.80,$1.95/100g,"https://cdn.metcash.media/image/upload/f_auto,c_limit,w_300,q_auto/igashop/images/190000005209"
Genki Forest Sparkling Water Lychee Fizzy 330mL,$11.00,$3.33/100mL,https://www.igashop.com.au/static/default-product-image.png
Black & Gold Mushroom Pieces & Stems 184g,$1.40,$0.76/100g,"https://cdn.metcash.media/image/upload/f_auto,c_limit,w_300,q_auto/igashop/images/160000014597"
Jack Hammer Basin Plug 51mm,$5.35,N/A,https://www.igashop.com.au/static/default-product-image.png
Maggi Slow Cooker Chicken Casserole 35g,$1.85,$5.29/100g,"https://cdn.metcash.media/image/upload/f_auto,c_limit,w_300,q_auto/igashop/images/824700"
Neutrogena Hydro Boost Hyaluronic Acid Water Gel 50g,$38.00,$76.00/100g,"https://cdn.metcash.media/image/upload/f_auto,c_limit,w_300,q_auto/igashop/images/30741"
Impressed Juice Pine Lime 1L,$5.50,$5.50/1L,https://www.igashop.com.au/static/default-product-image.png
Pauls Lite Sour Cream 250g,$4.30,$1.72/100g,"https://cdn.metcash.media/image/upload/f_auto,c_limit,w_300,q_auto/igashop/images/144359"
Black & Gold Squeeze Sponge Mop With Handle,$16.00,N/A,"https://cdn.metcash.media/image/upload/f_auto,c_limit,w_300,q_auto/igashop/images/263577"
Always Discreet Liners Long Plus 20 Pack,$7.50,$0.38 each,"https://cdn.metcash.media/image/upload/f_auto,c_limit,w_300,q_auto/igashop/images/862261"
"Purina Lucky Dog Adult Minced Beef, Vegetable and Marrowbone Flavour 3kg",$9.50,$3.17/kg,"https://cdn.metcash.media/image/upload/f_auto,c_limit,w_300,q_auto/igashop/images/679168"
Clive Of India Curry Powder 100g,$4.00,$4.00/100g,"https://cdn.metcash.media/image/upload/f_auto,c_limit,w_300,q_auto/igashop/images/160000014387"
Black & Gold Penne 500g,$0.90,$0.18/100g,"https://cdn.metcash.media/image/upload/f_auto,c_limit,w_300,q_auto/igashop/images/72625"
Temptations Cat Treats Seafood Medley 85g,$5.50,$6.47/100g,"https://cdn.metcash.media/image/upload/f_auto,c_limit,w_300,q_auto/igashop/images/656314"
Mayver's Organic Hulled Tahini 385g,$6.50,$1.69/100g,"https://cdn.metcash.media/image/upload/f_auto,c_limit,w_300,q_auto/igashop/images/20000002382"
OAK UHT Chocolate 6 Pack,$6.70,$1.12 each,"https://cdn.metcash.media/image/upload/f_auto,c_limit,w_300,q_auto/igashop/images/522706"
Campbell's Soup Country Ladle Hearty Beef & Vegetable 500g,$4.50,$0.90/100g,"https://cdn.metcash.media/image/upload/f_auto,c_limit,w_300,q_auto/igashop/images/335887"
Uncle Tobys Milk Modifiers Goodness Shake Mango 140g,$9.00,$6.43/100g,"https://cdn.metcash.media/image/upload/f_auto,c_limit,w_300,q_auto/igashop/images/578833"
Deliredi Jamon 100g,$7.50,$7.50/100g,"https://cdn.metcash.media/image/upload/f_auto,c_limit,w_300,q_auto/igashop/images/803296"
Birds Eye Salmon Portions Lemon Pepper 250g,$14.30,$5.72/100g,"https://cdn.metcash.media/image/upload/f_auto,c_limit,w_300,q_auto/igashop/images/404521"
Cadbury Caramilk Marvellous Creations 190g,$8.00,$4.21/100g,"https://cdn.metcash.media/image/upload/f_auto,c_limit,w_300,q_auto/igashop/images/224015"
Banana Boat Kids Smartmist Sunscreen Spray Spf50+ 200mL,$28.00,$14.00/100mL,"https://cdn.metcash.media/image/upload/f_auto,c_limit,w_300,q_auto/igashop/images/1800000068732"
Birds Eye Frozen Southern Blue Whiting In Original Crumb 1kg,$19.00,$19.00/kg,"https://cdn.metcash.media/image/upload/f_auto,c_limit,w_300,q_auto/igashop/images/357473"
Colgate Savacol Antiseptic Mouth & Throat Rinse 300mL,$12.00,$4.00/100mL,"https://cdn.metcash.media/image/upload/f_auto,c_limit,w_300,q_auto/igashop/images/47285"
Proper Crisps Sweet Smoked Paprika 150g,$6.49,$4.33/100g,"https://cdn.metcash.media/image/upload/f_auto,c_limit,w_300,q_auto/igashop/images/190000001605"
Comfort Laundry Fragrance Booster Paris 200g,$10.50,$5.25/100g,"https://cdn.metcash.media/image/upload/f_auto,c_limit,w_300,q_auto/igashop/images/180000006346"
Helga's Gluten Free 5 Seed Mini Loaf 500g,$7.80,$1.56/100g,"https://cdn.metcash.media/image/upload/f_auto,c_limit,w_300,q_auto/igashop/images/405226"
Cheer Aussie Jack Slices 250g,$6.00,$2.40/100g,"https://cdn.metcash.media/image/upload/f_auto,c_limit,w_300,q_auto/igashop/images/527060"
Keen's Mustard Powder 100g,$7.45,$7.45/100g,"https://cdn.metcash.media/image/upload/f_auto,c_limit,w_300,q_auto/igashop/images/9167"
Libra Regular Tampons 16 Pack,$3.90,$0.24 each,"https://cdn.metcash.media/image/upload/f_auto,c_limit,w_300,q_auto/igashop/images/20000003327"
U By Kotex Ultimate 41cm 6 Pack,$5.60,$0.93 each,"https://cdn.metcash.media/image/upload/f_auto,c_limit,w_300,q_auto/igashop/images/293789"
Palmolive Naturals Active Nourishment Shampoo 700mL,$7.00,$1.00/100mL,"https://cdn.metcash.media/image/upload/f_auto,c_limit,w_300,q_auto/igashop/images/328042"
Indomie Mi Goreng Instant Noodles 5 Pack,$3.95,$0.79 each,"https://cdn.metcash.media/image/upload/f_auto,c_limit,w_300,q_auto/igashop/images/835219"
Lindt Excellence Intense Organic 100g,$4.95,$4.95/100g,"https://cdn.metcash.media/image/upload/f_auto,c_limit,w_300,q_auto/igashop/images/342321"
Community Co Sliced Tasty Cheese 250g,$6.00,$2.40/100g,"https://cdn.metcash.media/image/upload/f_auto,c_limit,w_300,q_auto/igashop/images/921536"
Cheer Cheese Colby Cheese 32 Slices 500g,$11.00,$2.20/100g,"https://cdn.metcash.media/image/upload/f_auto,c_limit,w_300,q_auto/igashop/images/630614"
Dine Saucy Morsels Wet Cat Food Ocean Fish Tray 7 Pack,$10.00,$1.43 each,"https://cdn.metcash.media/image/upload/f_auto,c_limit,w_300,q_auto/igashop/images/51404"
Brookfarm Gluten Free Cranberry Macadamia Muesli Tub 50g,$2.79,$5.58/100g,"https://cdn.metcash.media/image/upload/f_auto,c_limit,w_300,q_auto/igashop/images/2000000052"
Tena Ultra Thin Pads Long Length 12 Pack,$5.45,$0.45 each,"https://cdn.metcash.media/image/upload/f_auto,c_limit,w_300,q_auto/igashop/images/687129"
Ivan's Rolls Sausage 300g,$13.50,$4.50/100g,"https://cdn.metcash.media/image/upload/f_auto,c_limit,w_300,q_auto/igashop/images/619192"
Community Co Ham Steaks 500g,$8.00,$1.60/100g,"https://cdn.metcash.media/image/upload/f_auto,c_limit,w_300,q_auto/igashop/images/180000001634"
Community Co Thai Green Chicken Curry 350g,$10.00,$2.86/100g,"https://cdn.metcash.media/image/upload/f_auto,c_limit,w_300,q_auto/igashop/images/229950"
Polly Waffle Milk Chocolate Santa 28g,$0.50,$1.79/100g,https://www.igashop.com.au/static/default-product-image.png
Praise Real Whole Egg Mayonnaise 445g,$6.00,$1.35/100g,"https://cdn.metcash.media/image/upload/f_auto,c_limit,w_300,q_auto/igashop/images/13833"
Scorched Peanut Bar Bites 140g,$5.50,$3.93/100g,"https://cdn.metcash.media/image/upload/f_auto,c_limit,w_300,q_auto/igashop/images/20000001475"
Four'N Twenty Cheeseburger Pie 700g,$9.50,$1.36/100g,"https://cdn.metcash.media/image/upload/f_auto,c_limit,w_300,q_auto/igashop/images/180000003002"
Pacchini Pesto Basil 190g,$5.20,$2.74/100g,"https://cdn.metcash.media/image/upload/f_auto,c_limit,w_300,q_auto/igashop/images/617292"
Pineapple Things 100g,$4.00,$4.00/100g,"https://cdn.metcash.media/image/upload/f_auto,c_limit,w_300,q_auto/igashop/images/20000006879"
Cornwell's Apple Cider Vinegar Cider 750mL,$4.50,$0.60/100mL,"https://cdn.metcash.media/image/upload/f_auto,c_limit,w_300,q_auto/igashop/images/36815"
Mirabella Globe LED Small Edison Screw Candle Clear 2 Watt 250 Lumens Warm White,$7.25,N/A,"https://cdn.metcash.media/image/upload/f_auto,c_limit,w_300,q_auto/igashop/images/769646"
On The Menu Roast Beef 320g,$6.75,$2.11/100g,https://www.igashop.com.au/static/default-product-image.png
Munchme Pumpkin Seed 120g,$5.50,$4.58/100g,"https://cdn.metcash.media/image/upload/f_auto,c_limit,w_300,q_auto/igashop/images/160000012481"
Babylove Beyond Nappies Size 3 46 Pack,$28.70,$0.62 each,"https://cdn.metcash.media/image/upload/f_auto,c_limit,w_300,q_auto/igashop/images/582515"
YouFoodz Creamy Coconut Chicken With Fried Shallots 326g,$10.95,$3.36/100g,"https://cdn.metcash.media/image/upload/f_auto,c_limit,w_300,q_auto/igashop/images/480080"
Tom Organic Ultra Thin Pads Super 10 Pack,$6.50,$0.65 each,"https://cdn.metcash.media/image/upload/f_auto,c_limit,w_300,q_auto/igashop/images/20000002064"
Violet Crumble Choc Honeycomb Dark 150g,$6.00,$4.00/100g,"https://cdn.metcash.media/image/upload/f_auto,c_limit,w_300,q_auto/igashop/images/253043"
Neutrogena Deep Clean Foaming Cleanser 150g,$18.00,$12.00/100g,https://www.igashop.com.au/static/default-product-image.png
Famous Soda Co Ginger Beer 330mL,$4.00,$1.21/100mL,"https://cdn.metcash.media/image/upload/f_auto,c_limit,w_300,q_auto/igashop/images/5800"
Palmolive Naturals Smooth & Shine Conditioner Macadamia Oil + Keratin 350mL,$5.00,$1.43/100mL,"https://cdn.metcash.media/image/upload/f_auto,c_limit,w_300,q_auto/igashop/images/160000001966"
Weight Watchers Chilli Con Carne 330g,$6.65,$2.02/100g,"https://cdn.metcash.media/image/upload/f_auto,c_limit,w_300,q_auto/igashop/images/740820"
Vileda Bucket & Wringer,$16.00,N/A,"https://cdn.metcash.media/image/upload/f_auto,c_limit,w_300,q_auto/igashop/images/204345"
Vittoria Decaffeinated Ground Coffee Espresso 200g,$11.00,$5.50/100g,"https://cdn.metcash.media/image/upload/f_auto,c_limit,w_300,q_auto/igashop/images/87484"
Oreo Cookie Golden 133g,$1.75,$1.32/100g,"https://cdn.metcash.media/image/upload/f_auto,c_limit,w_300,q_auto/igashop/images/20000003630"
Staedtler Rasoplast Eraser 2 Pack,$4.50,$2.25 each,"https://cdn.metcash.media/image/upload/f_auto,c_limit,w_300,q_auto/igashop/images/728886"
John West Salmon Slices Smoked 125g,$4.60,$3.68/100g,"https://cdn.metcash.media/image/upload/f_auto,c_limit,w_300,q_auto/igashop/images/80050"
Campbell's Bone Broth Beef 500mL,$7.00,$1.40/100mL,"https://cdn.metcash.media/image/upload/f_auto,c_limit,w_300,q_auto/igashop/images/237547"
Ben's Original Lightly Flavoured Garlic Rice 250g,$2.00,$0.80/100g,"https://cdn.metcash.media/image/upload/f_auto,c_limit,w_300,q_auto/igashop/images/784808"
Mumm Grand Cordon 750mL,$6.50,$0.87/100mL,"https://cdn.metcash.media/image/upload/f_auto,c_limit,w_300,q_auto/igashop/images/190000005612"
Golden Circle Tomato Juice 2L,$3.90,$1.95/1L,"https://cdn.metcash.media/image/upload/f_auto,c_limit,w_300,q_auto/igashop/images/777982"
Sirena Tuna in Springwater 185g,$4.70,$2.54/100g,"https://cdn.metcash.media/image/upload/f_auto,c_limit,w_300,q_auto/igashop/images/352384"
Big Lous Caramel Fudge Twin Pack 200g,$6.00,$3.00/100g,https://www.igashop.com.au/static/default-product-image.png
Johnson's Baby Wash Top To Toe Bath 500mL,$8.80,$1.76/100mL,"https://cdn.metcash.media/image/upload/f_auto,c_limit,w_300,q_auto/igashop/images/903884"
Dettol Protect Multipurpose Wipes Ocean Fresh 90 Pack,$13.00,$0.14 each,"https://cdn.metcash.media/image/upload/f_auto,c_limit,w_300,q_auto/igashop/images/245370"
HRVST ST Cold Pressed Juice Watermelon + Pear 1L,$10.99,$10.99/1L,"https://cdn.metcash.media/image/upload/f_auto,c_limit,w_300,q_auto/igashop/images/20000002100"
The Man Shake Strawberry 840g,$49.95,$5.95/100g,"https://cdn.metcash.media/image/upload/f_auto,c_limit,w_300,q_auto/igashop/images/190000005139"
Maggi Rich Gravy Mix Gluten Free 2kg,$38.30,$19.15/kg,"https://cdn.metcash.media/image/upload/f_auto,c_limit,w_300,q_auto/igashop/images/26006"
Connoisseur Salted Caramel Ice Cream Tub 1L,$9.00,$9.00/1L,"https://cdn.metcash.media/image/upload/f_auto,c_limit,w_300,q_auto/igashop/images/180000003546"
Old El Paso Chicken Tinga Spice Mix 35g,$3.00,$8.57/100g,https://www.igashop.com.au/static/default-product-image.png
Aegean Roasted Peanuts In Shell 350g,$4.50,$1.29/100g,https://www.igashop.com.au/static/default-product-image.png
Fountain Soy Sauce 250mL,$2.75,$1.10/100mL,"https://cdn.metcash.media/image/upload/f_auto,c_limit,w_300,q_auto/igashop/images/615643"
Mighty Soft Wholemeal 700g,$3.90,$0.56/100g,"https://cdn.metcash.media/image/upload/f_auto,c_limit,w_300,q_auto/igashop/images/860434"
McKenzie's Bi Carb Soda 1kg,$4.00,$4.00/kg,"https://cdn.metcash.media/image/upload/f_auto,c_limit,w_300,q_auto/igashop/images/408274"
Vannella Burrata Cheese 150g,$10.95,$7.30/100g,"https://cdn.metcash.media/image/upload/f_auto,c_limit,w_300,q_auto/igashop/images/160000017723"
Queen Fabulous Flamingo Sprinkles 110g,$3.50,$3.18/100g,"https://cdn.metcash.media/image/upload/f_auto,c_limit,w_300,q_auto/igashop/images/987346"
Korbond Elastic Braided 6mm X5m,$3.20,N/A,"https://cdn.metcash.media/image/upload/f_auto,c_limit,w_300,q_auto/igashop/images/250192"
Nestle Baking Chocolate Dark Chocolate Baking Block 170g,$6.00,$3.53/100g,https://www.igashop.com.au/static/default-product-image.png
John West Tuna with Lemon & Cracked Pepper Multipack 4 Pack,$7.00,$1.75 each,"https://cdn.metcash.media/image/upload/f_auto,c_limit,w_300,q_auto/igashop/images/190000002319"
Nescafe Cappuccino Coffee Mixes Strong Multipack 26 Pack,$12.50,$0.48 each,"https://cdn.metcash.media/image/upload/f_auto,c_limit,w_300,q_auto/igashop/images/180000006288"
Continental Surprise Garden Peas 100g,$4.60,$4.60/100g,"https://cdn.metcash.media/image/upload/f_auto,c_limit,w_300,q_auto/igashop/images/52471"
M&M's Crispy Speckled Egg Bucket 500g,$19.40,$3.88/100g,"https://cdn.metcash.media/image/upload/f_auto,c_limit,w_300,q_auto/igashop/images/412443"
Baxters Beetroot & Lime Relish 330g,$4.90,$1.48/100g,"https://cdn.metcash.media/image/upload/f_auto,c_limit,w_300,q_auto/igashop/images/636958"
Taste Express Spaghetti Bolognaise 340g,$12.20,$3.59/100g,https://www.igashop.com.au/static/default-product-image.png
Glad TuckAways Foil Trays with Lids Medium 4 Pack,$5.35,$1.34 each,"https://cdn.metcash.media/image/upload/f_auto,c_limit,w_300,q_auto/igashop/images/22052"
Korbond Dog Poo Pick Up Kit,$4.40,N/A,"https://cdn.metcash.media/image/upload/f_auto,c_limit,w_300,q_auto/igashop/images/230252"
Cadbury Marvellous Creations Bunny 33g,$2.00,$6.06/100g,"https://cdn.metcash.media/image/upload/f_auto,c_limit,w_300,q_auto/igashop/images/150000007959"
Mojo Kombucha Mango Lime 1L,$9.25,$9.25/1L,"https://cdn.metcash.media/image/upload/f_auto,c_limit,w_300,q_auto/igashop/images/20000005923"
Cadbury Freddo Cupcakes 6 Pack,$10.00,$1.67 each,"https://cdn.metcash.media/image/upload/f_auto,c_limit,w_300,q_auto/igashop/images/809108"
Invisible Zinc Sport Mineral Sunscreen SPF50+ 100mL,$20.95,$20.95/100mL,https://www.igashop.com.au/static/default-product-image.png
Schweppes Classic Mixers Soda Water 4 Pack,$3.50,$0.88 each,"https://cdn.metcash.media/image/upload/f_auto,c_limit,w_300,q_auto/igashop/images/460399"
Cottee's Cordial Fruit Cup Cordial 1L,$2.75,$2.75/1L,https://www.igashop.com.au/static/default-product-image.png
Carefree Tampons Flexia Regular 16 Pack,$3.25,$0.20 each,"https://cdn.metcash.media/image/upload/f_auto,c_limit,w_300,q_auto/igashop/images/323084"
Avofresh Avocado Lime & Black Pepper 160g,$5.95,$3.72/100g,https://www.igashop.com.au/static/default-product-image.png
Helga's Grains & Seeds Sourdough Loaf 750g,$5.20,$0.69/100g,"https://cdn.metcash.media/image/upload/f_auto,c_limit,w_300,q_auto/igashop/images/20000003062"
Arnott's Biscuits Cocoa & Oat Oaty Bites Snackright 150g,$6.00,$4.00/100g,"https://cdn.metcash.media/image/upload/f_auto,c_limit,w_300,q_auto/igashop/images/322431"
Chicken Drumsticks 500g,Final cost based on weight,$3.25/$6.50,"https://cdn.metcash.media/image/upload/f_auto,c_limit,w_300,q_auto/igashop/images/80080014"
Schwarzkopf Extra Care Ultimate Repair Strengthening Conditioner 400mL,$5.00,$1.25/100mL,"https://cdn.metcash.media/image/upload/f_auto,c_limit,w_300,q_auto/igashop/images/160000010174"
Pauls Zymil Regular Thickened Cream 300mL,$4.20,$1.40/100mL,"https://cdn.metcash.media/image/upload/f_auto,c_limit,w_300,q_auto/igashop/images/814069"
Green's Temptations Choc Chip Buttermilk Pancake Shake 335g,$4.50,$1.34/100g,"https://cdn.metcash.media/image/upload/f_auto,c_limit,w_300,q_auto/igashop/images/160000012907"
Mountain Dew Citrus Energised Soft Drink 30 Pack,$25.00,$0.83 each,"https://cdn.metcash.media/image/upload/f_auto,c_limit,w_300,q_auto/igashop/images/1800000067719"
Smith's Crinkle Cut Potato Chips Salt & Vinegar 170g,$3.75,$2.21/100g,"https://cdn.metcash.media/image/upload/f_auto,c_limit,w_300,q_auto/igashop/images/299073"
Beerenberg Australian Satsuma Plum Jam 300g,$6.15,$2.05/100g,"https://cdn.metcash.media/image/upload/f_auto,c_limit,w_300,q_auto/igashop/images/880183"
BFree Pita Pockets 6 Pack,$7.00,$1.17 each,"https://cdn.metcash.media/image/upload/f_auto,c_limit,w_300,q_auto/igashop/images/781407"
Vadilal Okra Cuts 312g,$3.50,$1.12/100g,"https://cdn.metcash.media/image/upload/f_auto,c_limit,w_300,q_auto/igashop/images/20000006996"
Dove Advanced Antiperspirant Aerosol Nourishing Coconut Jasmine 250mL,$5.50,$2.20/100mL,"https://cdn.metcash.media/image/upload/f_auto,c_limit,w_300,q_auto/igashop/images/662996"
Coca-Cola Classic Soft Drink Multipack Mini Cans 6 Pack,$10.00,$1.67 each,"https://cdn.metcash.media/image/upload/f_auto,c_limit,w_300,q_auto/igashop/images/674451"
Always Fresh Kalamata Olives Pitted 425g,$8.85,$2.08/100g,"https://cdn.metcash.media/image/upload/f_auto,c_limit,w_300,q_auto/igashop/images/641770"
Gillette Sensor3 Sensitive 4 Pack,$5.60,$1.40 each,"https://cdn.metcash.media/image/upload/f_auto,c_limit,w_300,q_auto/igashop/images/902760"
Slape & Sons Chipolata Country Style 480g,$7.50,$1.56/100g,"https://cdn.metcash.media/image/upload/f_auto,c_limit,w_300,q_auto/igashop/images/29855"
Your Bakery Lemon Slice 6 Pack,$7.45,$1.24 each,"https://cdn.metcash.media/image/upload/f_auto,c_limit,w_300,q_auto/igashop/images/605839"
La Morena Homemade Style Red Mexican Sauce 230g,$5.50,$2.39/100g,"https://cdn.metcash.media/image/upload/f_auto,c_limit,w_300,q_auto/igashop/images/190000002150"
Moki Dual USB Wall Charger White,$19.99,N/A,"https://cdn.metcash.media/image/upload/f_auto,c_limit,w_300,q_auto/igashop/images/616076"
Red Rock Deli Crostini Roast Garlic & Italian Herb 115g,$3.75,$3.26/100g,"https://cdn.metcash.media/image/upload/f_auto,c_limit,w_300,q_auto/igashop/images/539517"
Barossa Fine Foods Kabana Chicken 220g,$5.99,$2.72/100g,"https://cdn.metcash.media/image/upload/f_auto,c_limit,w_300,q_auto/igashop/images/660863"
El Pato Hot Sauce 355mL,$5.90,$1.66/100mL,"https://cdn.metcash.media/image/upload/f_auto,c_limit,w_300,q_auto/igashop/images/190000001502"
Moccona Ristretto Coffee Capsules 10 Pack,$5.00,$0.50 each,"https://cdn.metcash.media/image/upload/f_auto,c_limit,w_300,q_auto/igashop/images/425739"
Bic Highlighter Flat Assorted Neon 4 Pack,$9.00,$2.25 each,https://www.igashop.com.au/static/default-product-image.png
Edgell Mixed Vegetables 420g,$3.10,$0.74/100g,"https://cdn.metcash.media/image/upload/f_auto,c_limit,w_300,q_auto/igashop/images/393178"
Aleo Mate Original 1.5L,$5.20,$3.47/1L,"https://cdn.metcash.media/image/upload/f_auto,c_limit,w_300,q_auto/igashop/images/190000004219"
Cadbury Creme Egg Minis Egg Bag 110g,$7.50,$6.82/100g,"https://cdn.metcash.media/image/upload/f_auto,c_limit,w_300,q_auto/igashop/images/48566"
Saxa Iodised Table Salt Shaker 750g,$4.50,$0.60/100g,"https://cdn.metcash.media/image/upload/f_auto,c_limit,w_300,q_auto/igashop/images/40767"
Community Co Cranberry & Pumpkin Seed Gourmet Fruit Crackers 100g,$4.40,$4.40/100g,"https://cdn.metcash.media/image/upload/f_auto,c_limit,w_300,q_auto/igashop/images/545628"
Red Rock Deli Sweet Chilli & Sour Cream Potato Chips 90g,$3.70,$4.11/100g,"https://cdn.metcash.media/image/upload/f_auto,c_limit,w_300,q_auto/igashop/images/842761"
Ausfresh Olives Kalamata Pitted Marinated 150g,$4.10,$2.73/100g,https://www.igashop.com.au/static/default-product-image.png
Sirena Tuna Tomato & Onion 95g,$2.00,$2.11/100g,"https://cdn.metcash.media/image/upload/f_auto,c_limit,w_300,q_auto/igashop/images/77895"
Praise 99% Fat Free Squeeze Mayonnaise 555g,$4.50,$0.81/100g,"https://cdn.metcash.media/image/upload/f_auto,c_limit,w_300,q_auto/igashop/images/396087"
Fardoulis Chocolate Fruits of Love 250g,$29.95,$11.98/100g,"https://cdn.metcash.media/image/upload/f_auto,c_limit,w_300,q_auto/igashop/images/20000000627"
Red Rock Deli Chef Series Crispy Chicken with Garlic & Sweet Soy 150g,$6.00,$4.00/100g,"https://cdn.metcash.media/image/upload/f_auto,c_limit,w_300,q_auto/igashop/images/343872"
I&J Lightly Crumbed Fish Goujons 800g,$16.00,$2.00/100g,"https://cdn.metcash.media/image/upload/f_auto,c_limit,w_300,q_auto/igashop/images/1800000071990"
Betty Crocker Apple & Cinnamon 97% Fat Free Muffin Mix 500g,$3.50,$0.70/100g,"https://cdn.metcash.media/image/upload/f_auto,c_limit,w_300,q_auto/igashop/images/975653"
Mum's Favourites Banana & Honey Cake 600g,$7.50,$1.25/100g,"https://cdn.metcash.media/image/upload/f_auto,c_limit,w_300,q_auto/igashop/images/20000005498"
Nuttelex Lite Margarine Spread 500g,$5.20,$1.04/100g,"https://cdn.metcash.media/image/upload/f_auto,c_limit,w_300,q_auto/igashop/images/731619"
Liddells Lactose Free Colby Cheese Slices 250g,$6.75,$2.70/100g,"https://cdn.metcash.media/image/upload/f_auto,c_limit,w_300,q_auto/igashop/images/190000002351"
The Natural Confectionery Co. Fruity Chews 180g,$5.00,$2.78/100g,"https://cdn.metcash.media/image/upload/f_auto,c_limit,w_300,q_auto/igashop/images/356765"
Sakata Rice Crackers Classic BBQ 100g,$2.30,$2.30/100g,"https://cdn.metcash.media/image/upload/f_auto,c_limit,w_300,q_auto/igashop/images/21137"
Nudie Veggie Blend Immunity Hit 1L,$5.00,$5.00/1L,"https://cdn.metcash.media/image/upload/f_auto,c_limit,w_300,q_auto/igashop/images/160000018114"
Remedy Kombucha Ginger Lemon 330mL,$2.50,$0.76/100mL,"https://cdn.metcash.media/image/upload/f_auto,c_limit,w_300,q_auto/igashop/images/180000000120"
McCain Man Size Bangers & Mash 500g,$9.50,$1.90/100g,"https://cdn.metcash.media/image/upload/f_auto,c_limit,w_300,q_auto/igashop/images/847203"
Dine Desire Wet Cat Food Flaked Tuna & Shredded Crab Can 6 Pack,$13.75,$2.29 each,"https://cdn.metcash.media/image/upload/f_auto,c_limit,w_300,q_auto/igashop/images/25160"
Lurpak Slightly Salted Danish Butter 250g,$7.25,$2.90/100g,"https://cdn.metcash.media/image/upload/f_auto,c_limit,w_300,q_auto/igashop/images/994453"
Borg's Puff Pastry 660g,$4.60,$0.70/100g,"https://cdn.metcash.media/image/upload/f_auto,c_limit,w_300,q_auto/igashop/images/180000003855"
Lindt Christmas Milk Chocolate Teddy 10g,$1.40,$14.00/100g,"https://cdn.metcash.media/image/upload/f_auto,c_limit,w_300,q_auto/igashop/images/27840"
H2Coco 100% Natural Pure Coconut Water 1L,$4.00,$4.00/1L,"https://cdn.metcash.media/image/upload/f_auto,c_limit,w_300,q_auto/igashop/images/198832"
Knorr Chicken Powder 227g,$8.00,$3.52/100g,https://www.igashop.com.au/static/default-product-image.png
Simply Tasty Beef Chow Mein 400g,$10.70,$2.68/100g,"https://cdn.metcash.media/image/upload/f_auto,c_limit,w_300,q_auto/igashop/images/436853"
Bakers Oven All Butter Croissant 840g,$11.75,$1.40/100g,https://www.igashop.com.au/static/default-product-image.png
Nanna's Snack Apricot Pies 4 Pack,$6.50,$1.63 each,"https://cdn.metcash.media/image/upload/f_auto,c_limit,w_300,q_auto/igashop/images/170839"
YoPRO Perform Yoghurt Mixed Berries Pouch 175g,$3.90,$2.23/100g,"https://cdn.metcash.media/image/upload/f_auto,c_limit,w_300,q_auto/igashop/images/1800000069854"
Darrell Lea Christmas Gift Pack,$20.40,N/A,https://www.igashop.com.au/static/default-product-image.png
Cadbury Humpty Egg 150g,$11.50,$7.67/100g,"https://cdn.metcash.media/image/upload/f_auto,c_limit,w_300,q_auto/igashop/images/1800000069026"
Dove Go Fresh Antiperspirant Roll On Deodorant Cucumber & Green Tea 50mL,$4.50,$9.00/100mL,"https://cdn.metcash.media/image/upload/f_auto,c_limit,w_300,q_auto/igashop/images/336867"
Sakata Rice Crackers Chicken 100g,$2.30,$2.30/100g,"https://cdn.metcash.media/image/upload/f_auto,c_limit,w_300,q_auto/igashop/images/349909"
MasterFoods Creamy Chicken & Mushroom Cooking Sauce 490g,$4.50,$0.92/100g,"https://cdn.metcash.media/image/upload/f_auto,c_limit,w_300,q_auto/igashop/images/404461"
Vital Strength High Protein Chocolate Flavour 750g,$52.00,$6.93/100g,"https://cdn.metcash.media/image/upload/f_auto,c_limit,w_300,q_auto/igashop/images/180000006470"
Riverina Dairy Co Plain Greek Style Fetta 200g,$4.70,$2.35/100g,"https://cdn.metcash.media/image/upload/f_auto,c_limit,w_300,q_auto/igashop/images/20000006513"
Pepe Saya Ghee 190mL,$16.99,$8.94/100mL,"https://cdn.metcash.media/image/upload/f_auto,c_limit,w_300,q_auto/igashop/images/20000000746"
Barker's Cranberry Jelly 275g,$7.00,$2.55/100g,"https://cdn.metcash.media/image/upload/f_auto,c_limit,w_300,q_auto/igashop/images/160000012542"
Up & Go Liquid Breakfast Choc Ice 12 Pack,$18.00,$1.50 each,"https://cdn.metcash.media/image/upload/f_auto,c_limit,w_300,q_auto/igashop/images/335361"
Rexona Women Clinical Summer Strength 180mL,$6.00,$3.33/100mL,"https://cdn.metcash.media/image/upload/f_auto,c_limit,w_300,q_auto/igashop/images/236729"
Magnum Ice Cream Classic 4 Pack,$12.00,$3.00 each,"https://cdn.metcash.media/image/upload/f_auto,c_limit,w_300,q_auto/igashop/images/608586"
Whiskas 1+ Years Wet Cat Food Chicken Mince 400g,$2.70,$0.68/100g,"https://cdn.metcash.media/image/upload/f_auto,c_limit,w_300,q_auto/igashop/images/488868"
Kraft Grated Parmesan Cheese Cannister 250g,$10.30,$4.12/100g,"https://cdn.metcash.media/image/upload/f_auto,c_limit,w_300,q_auto/igashop/images/28707"
Bakers Collection Skiparoos Berry Milkshake 165g,$6.50,$3.94/100g,https://www.igashop.com.au/static/default-product-image.png
Only Organic Mango Chicken & Coconut Rice 170g,$2.90,$1.71/100g,"https://cdn.metcash.media/image/upload/f_auto,c_limit,w_300,q_auto/igashop/images/967040"
S-26 Alula Gold Follow-On Formula Stage 2 900g,$28.50,$3.17/100g,"https://cdn.metcash.media/image/upload/f_auto,c_limit,w_300,q_auto/igashop/images/933452"
Community Co Coconut Water 1L,$2.85,$2.85/1L,"https://cdn.metcash.media/image/upload/f_auto,c_limit,w_300,q_auto/igashop/images/964123"
Australian Gold Longlife Creamy Brie 115g,$4.50,$3.91/100g,"https://cdn.metcash.media/image/upload/f_auto,c_limit,w_300,q_auto/igashop/images/183688"
Mediterranean Olive Mix 1kg,Final cost based on weight,$25.50/$25.50,"https://cdn.metcash.media/image/upload/f_auto,c_limit,w_300,q_auto/igashop/images/80072034"
Alula S-26 Original Stage 2 Follow-On Formula 6-12 Months 900g,$19.00,$2.11/100g,"https://cdn.metcash.media/image/upload/f_auto,c_limit,w_300,q_auto/igashop/images/170000004675"
Campbells Real Stock Beef Unsalted 1L,$3.50,$3.50/1L,"https://cdn.metcash.media/image/upload/f_auto,c_limit,w_300,q_auto/igashop/images/997061"
Fussy Cat Grain Free Beef and Kangaroo with Sweet Potato Dry Cat Food 500g,$6.50,$1.30/100g,"https://cdn.metcash.media/image/upload/f_auto,c_limit,w_300,q_auto/igashop/images/331422"
Schwarzkopf Live Colour Ultra Brights Magnetic Purple 75mL,$14.00,$18.67/100mL,"https://cdn.metcash.media/image/upload/f_auto,c_limit,w_300,q_auto/igashop/images/577358"
Cenovis Cold Sore Complex 30 Pack,$16.70,$0.56 each,"https://cdn.metcash.media/image/upload/f_auto,c_limit,w_300,q_auto/igashop/images/80725"
K-Roo Kangaroo Fillets 400g,$15.00,$3.75/100g,"https://cdn.metcash.media/image/upload/f_auto,c_limit,w_300,q_auto/igashop/images/588155"
Cadbury Baking Melts White Chocolate 225g,$4.50,$2.00/100g,"https://cdn.metcash.media/image/upload/f_auto,c_limit,w_300,q_auto/igashop/images/170000001070"
Difflam Plus Lozenge Honey & Lemon 8 Pack,$5.20,$0.65 each,https://www.igashop.com.au/static/default-product-image.png
Tiger Prawns 1kg,Final cost based on weight,$49.95/$49.95,"https://cdn.metcash.media/image/upload/f_auto,c_limit,w_300,q_auto/igashop/images/80072115"
Mirabella LED 9W Cool White GLS Edison Screw Globe,$4.10,N/A,"https://cdn.metcash.media/image/upload/f_auto,c_limit,w_300,q_auto/igashop/images/223271"
Guzzi's Linguine 375g,$5.95,$1.59/100g,"https://cdn.metcash.media/image/upload/f_auto,c_limit,w_300,q_auto/igashop/images/848495"
Kraft Cheddar Cheese 500g,$8.35,$1.67/100g,"https://cdn.metcash.media/image/upload/f_auto,c_limit,w_300,q_auto/igashop/images/965713"
Devondale Smart Plus Milk 1L,$2.05,$2.05/1L,"https://cdn.metcash.media/image/upload/f_auto,c_limit,w_300,q_auto/igashop/images/422422"
Community Co Hand Wash Foam Pomegranate 250mL,$2.20,$0.88/100mL,https://www.igashop.com.au/static/default-product-image.png
The Gourmet Sausage Company Country Style Beef Sausages 500g,$11.00,$2.20/100g,"https://cdn.metcash.media/image/upload/f_auto,c_limit,w_300,q_auto/igashop/images/981049"
Food Guru Sieve 180mm,$5.50,N/A,"https://cdn.metcash.media/image/upload/f_auto,c_limit,w_300,q_auto/igashop/images/831215"
Holland House Caviar Black 50g,$6.00,$12.00/100g,"https://cdn.metcash.media/image/upload/f_auto,c_limit,w_300,q_auto/igashop/images/160567"
Dove Hair Shampoo Daily Deep Clean 2 in 1 300mL,$5.00,$1.67/100mL,"https://cdn.metcash.media/image/upload/f_auto,c_limit,w_300,q_auto/igashop/images/395468"
Harvest Snaps Pea Crisps Original Salted 30g,$1.50,$5.00/100g,https://www.igashop.com.au/static/default-product-image.png
Nature Valley Protein Bar Peanut & Chocolate 152g,$6.00,$3.95/100g,"https://cdn.metcash.media/image/upload/f_auto,c_limit,w_300,q_auto/igashop/images/639121"
Ghost Drops Original 120g,$2.45,$2.04/100g,https://www.igashop.com.au/static/default-product-image.png
Black & Gold Juice Lemon 500mL,$1.65,$0.33/100mL,"https://cdn.metcash.media/image/upload/f_auto,c_limit,w_300,q_auto/igashop/images/675787"
Nescafe Coffee Caramel Decaf Latte 170g,$8.00,$4.71/100g,"https://cdn.metcash.media/image/upload/f_auto,c_limit,w_300,q_auto/igashop/images/180000003145"
Sabco Duex Scrub & Wipe Kitchen Sponge 3 Pack,$6.25,$2.08 each,"https://cdn.metcash.media/image/upload/f_auto,c_limit,w_300,q_auto/igashop/images/700472"
Bertolli Five Brothers Pasta Sauce Garlic & Wine 500g,$4.60,$0.92/100g,"https://cdn.metcash.media/image/upload/f_auto,c_limit,w_300,q_auto/igashop/images/29834"
Garofalo #36 Gnocchi Sardi Pasta 500g,$3.95,$0.79/100g,"https://cdn.metcash.media/image/upload/f_auto,c_limit,w_300,q_auto/igashop/images/160000013914"
Red Rock Deli Style Potato Chips Selection 10 Pack,$8.00,$0.80 each,"https://cdn.metcash.media/image/upload/f_auto,c_limit,w_300,q_auto/igashop/images/349959"
Schick Xtreme 3 Sensitive 10 Pack,$10.15,$1.02 each,"https://cdn.metcash.media/image/upload/f_auto,c_limit,w_300,q_auto/igashop/images/322902"
Cadbury Boost Chocolate Bar King Size 77g,$2.75,$3.57/100g,"https://cdn.metcash.media/image/upload/f_auto,c_limit,w_300,q_auto/igashop/images/387070"
Beak & Sons Smoked BBQ Brisket Burnt Ends 800g,$24.50,$3.06/100g,"https://cdn.metcash.media/image/upload/f_auto,c_limit,w_300,q_auto/igashop/images/190000009880"
Massel Stock Chicken 168g,$4.00,$2.38/100g,"https://cdn.metcash.media/image/upload/f_auto,c_limit,w_300,q_auto/igashop/images/623735"
White Wings Premium All Purpose Plain Flour 1kg,$2.70,$2.70/kg,"https://cdn.metcash.media/image/upload/f_auto,c_limit,w_300,q_auto/igashop/images/39211"
"Pringles Veggie Creations Potato, Tomato, Mozzarella & Herbs 119g",$5.00,$4.20/100g,"https://cdn.metcash.media/image/upload/f_auto,c_limit,w_300,q_auto/igashop/images/150000000244"
Community Co Gluten Free English Muffins 390g,$8.15,$2.09/100g,"https://cdn.metcash.media/image/upload/f_auto,c_limit,w_300,q_auto/igashop/images/439835"
Energizer Specialty E96 AAAA 2 Pack,$12.00,$6.00 each,"https://cdn.metcash.media/image/upload/f_auto,c_limit,w_300,q_auto/igashop/images/640651"
Cool Ridge Raspberry Sparkling Water 750mL,$3.40,$0.45/100mL,"https://cdn.metcash.media/image/upload/f_auto,c_limit,w_300,q_auto/igashop/images/924429"
Bakers Collection Freckle Tarts 200g,$7.50,$3.75/100g,"https://cdn.metcash.media/image/upload/f_auto,c_limit,w_300,q_auto/igashop/images/20000000896"
True Thai Teriyaki Sauce 300mL,$3.60,$1.20/100mL,"https://cdn.metcash.media/image/upload/f_auto,c_limit,w_300,q_auto/igashop/images/160000012457"
V Energy Drink 500mL,$4.25,$0.85/100mL,"https://cdn.metcash.media/image/upload/f_auto,c_limit,w_300,q_auto/igashop/images/390324"
Roza's Gourmet Bernaise Sauce 240mL,$9.30,$3.88/100mL,"https://cdn.metcash.media/image/upload/f_auto,c_limit,w_300,q_auto/igashop/images/7927"
GAIA Baby Moisturiser 250mL,$10.00,$4.00/100mL,"https://cdn.metcash.media/image/upload/f_auto,c_limit,w_300,q_auto/igashop/images/228661"
Mrs Tran's Kitchen Chinese Sandwich Bun Regular 400g,$7.50,$1.88/100g,"https://cdn.metcash.media/image/upload/f_auto,c_limit,w_300,q_auto/igashop/images/20000006991"
Bickford's Cordial Pineapple & Passionfruit 750mL,$5.00,$6.67/1L,"https://cdn.metcash.media/image/upload/f_auto,c_limit,w_300,q_auto/igashop/images/586747"
Arnott's Fruit Roll Slices Spicy 250g,$4.20,$1.68/100g,"https://cdn.metcash.media/image/upload/f_auto,c_limit,w_300,q_auto/igashop/images/309137"
Christmas Milk Chocolate Hello Kitty With Strawberry Centre 28g,$1.75,$6.25/100g,"https://cdn.metcash.media/image/upload/f_auto,c_limit,w_300,q_auto/igashop/images/180000005595"
Baked Provisions Steak Pepper Pie 440g,$8.50,$1.93/100g,"https://cdn.metcash.media/image/upload/f_auto,c_limit,w_300,q_auto/igashop/images/1800000068794"
Blackmores Nail Hair + Skin 60 Pack,$15.50,$0.26 each,"https://cdn.metcash.media/image/upload/f_auto,c_limit,w_300,q_auto/igashop/images/720697"
Cadbury Dairy Milk Easter Bunny 80g,$8.15,$10.19/100g,"https://cdn.metcash.media/image/upload/f_auto,c_limit,w_300,q_auto/igashop/images/143620"
The Cake Shop Biscuit Melting Moments 210g,$4.80,$2.29/100g,https://www.igashop.com.au/static/default-product-image.png
Carefree Procomfort Tampons Mini 16 Pack,$7.45,$0.47 each,"https://cdn.metcash.media/image/upload/f_auto,c_limit,w_300,q_auto/igashop/images/95966"
Lucas' Papaw Lip Care Ointment 25g,$10.00,$40.00/100g,"https://cdn.metcash.media/image/upload/f_auto,c_limit,w_300,q_auto/igashop/images/371309"
"Nature's Gift Dog Food Meat Balls with Chicken, Garden Veg & Brown RIce 700g",$6.50,$0.93/100g,"https://cdn.metcash.media/image/upload/f_auto,c_limit,w_300,q_auto/igashop/images/180000002018"
Mojo Activated Kombucha Passionfruit 1L,$9.25,$9.25/1L,"https://cdn.metcash.media/image/upload/f_auto,c_limit,w_300,q_auto/igashop/images/764638"
Community Co Semolina 375g,$2.30,$0.61/100g,"https://cdn.metcash.media/image/upload/f_auto,c_limit,w_300,q_auto/igashop/images/799162"
Yeo's Sauce Sambal Oelek 250mL,$5.65,$2.26/100mL,"https://cdn.metcash.media/image/upload/f_auto,c_limit,w_300,q_auto/igashop/images/836273"
Boss Coffee Drink Iced Vanilla Latte 4 Pack,$11.20,$2.80 each,"https://cdn.metcash.media/image/upload/f_auto,c_limit,w_300,q_auto/igashop/images/581828"
Birds Eye Supreme Mix 850g,$5.50,$0.65/100g,"https://cdn.metcash.media/image/upload/f_auto,c_limit,w_300,q_auto/igashop/images/166631"
Beef Scotch Fillet 600g,Final cost based on weight,$33.00/$55.00,"https://cdn.metcash.media/image/upload/f_auto,c_limit,w_300,q_auto/igashop/images/80080008"
Natureland Peppermint Tea Bags 20 Pack,$3.10,$0.16 each,"https://cdn.metcash.media/image/upload/f_auto,c_limit,w_300,q_auto/igashop/images/20000000260"
Airborne Creamed Honey 500g,$8.00,$1.60/100g,"https://cdn.metcash.media/image/upload/f_auto,c_limit,w_300,q_auto/igashop/images/869331"
Chobani Fit Greek Yogurt Strawberry Pouch 150g,$3.00,$2.00/100g,"https://cdn.metcash.media/image/upload/f_auto,c_limit,w_300,q_auto/igashop/images/1800000068917"
Big Lous Strawberries & Cream Twin Pack 200g,$6.90,$3.45/100g,https://www.igashop.com.au/static/default-product-image.png
Dairy Farmers Protein Smoothie Mango 400mL,$3.40,$0.85/100mL,https://www.igashop.com.au/static/default-product-image.png
Maltesers 400g,$7.75,$1.94/100g,"https://cdn.metcash.media/image/upload/f_auto,c_limit,w_300,q_auto/igashop/images/59452"
Mainland Swiss Cheese 200g,$6.00,$3.00/100g,"https://cdn.metcash.media/image/upload/f_auto,c_limit,w_300,q_auto/igashop/images/158455"
Gotzinger Chorizo Spanish Sausages 400g,$11.40,$2.85/100g,"https://cdn.metcash.media/image/upload/f_auto,c_limit,w_300,q_auto/igashop/images/828872"
Alter Eco Organic 70% Dark Chocolate Sea Salt 80g,$7.50,$9.38/100g,"https://cdn.metcash.media/image/upload/f_auto,c_limit,w_300,q_auto/igashop/images/240707"
Sunbeam Nuts Natural Cashews 150g,$6.65,$4.43/100g,"https://cdn.metcash.media/image/upload/f_auto,c_limit,w_300,q_auto/igashop/images/160000018201"
Impulse Body Spray Into Glamour Perfume 75mL,$6.00,$8.00/100mL,"https://cdn.metcash.media/image/upload/f_auto,c_limit,w_300,q_auto/igashop/images/139980"
Beerenberg Relish Burger 260g,$6.45,$2.48/100g,"https://cdn.metcash.media/image/upload/f_auto,c_limit,w_300,q_auto/igashop/images/738019"
Ostelin Calcium & Vitamin D3 Chewable Tablets 60 Pack,$17.54,$0.29 each,"https://cdn.metcash.media/image/upload/f_auto,c_limit,w_300,q_auto/igashop/images/472671"
Armor All Car Care Glass Cleaner 500mL,$16.00,$3.20/100mL,"https://cdn.metcash.media/image/upload/f_auto,c_limit,w_300,q_auto/igashop/images/236164"
Thursday Plantation Walkabout Insect Repellent 50mL,$9.15,$18.30/100mL,"https://cdn.metcash.media/image/upload/f_auto,c_limit,w_300,q_auto/igashop/images/837114"
Glad Snap Lock Sandwich Bags 100 Pack,$5.45,$0.05 each,"https://cdn.metcash.media/image/upload/f_auto,c_limit,w_300,q_auto/igashop/images/491609"
Napro Palette Intensive Creme Colour Permanent 6 - 888 Intensive Red,$9.50,N/A,"https://cdn.metcash.media/image/upload/f_auto,c_limit,w_300,q_auto/igashop/images/185062"
Rexona Men Body Wash Sport 400mL,$4.25,$1.06/100mL,https://www.igashop.com.au/static/default-product-image.png
Air Wick Air Freshener Spray Vanilla 237g,$3.50,$1.48/100g,"https://cdn.metcash.media/image/upload/f_auto,c_limit,w_300,q_auto/igashop/images/318851"
Duck Blue Plus Primary Toilet Cleaner 40g,$3.00,$7.50/100g,"https://cdn.metcash.media/image/upload/f_auto,c_limit,w_300,q_auto/igashop/images/460608"
Gravox Gravy Mix Mushroom & Garlic 29g,$1.50,$5.17/100g,"https://cdn.metcash.media/image/upload/f_auto,c_limit,w_300,q_auto/igashop/images/414364"
Cadbury Sour Patch Kids Gift Box 160g,$13.75,$8.59/100g,"https://cdn.metcash.media/image/upload/f_auto,c_limit,w_300,q_auto/igashop/images/180000005530"
Schwarzkopf Extra Care Strong Styling Mousse 150g,$10.00,$6.67/100g,"https://cdn.metcash.media/image/upload/f_auto,c_limit,w_300,q_auto/igashop/images/88155"
Signature Desserts Mango Cheesecake 100g,$3.30,$3.30/100g,https://www.igashop.com.au/static/default-product-image.png
Dilmah Premium Quality Tea Bags 100 Pack,$7.20,$0.07 each,"https://cdn.metcash.media/image/upload/f_auto,c_limit,w_300,q_auto/igashop/images/339904"
GARNIER Micellar Water Infused Oil 400mL,$16.00,$4.00/100mL,"https://cdn.metcash.media/image/upload/f_auto,c_limit,w_300,q_auto/igashop/images/976421"
Ritz Mini Original Crackers 160g,$2.50,$1.56/100g,"https://cdn.metcash.media/image/upload/f_auto,c_limit,w_300,q_auto/igashop/images/408245"
Magnum Almond Non-dairy Frozen Dessert 3 Pack,$10.00,$3.33 each,"https://cdn.metcash.media/image/upload/f_auto,c_limit,w_300,q_auto/igashop/images/228577"
Community Co Walnut 130g,$6.00,$4.62/100g,"https://cdn.metcash.media/image/upload/f_auto,c_limit,w_300,q_auto/igashop/images/851142"
Cadbury Hazelnut & Fruit Gift Box 450g,$15.00,$3.33/100g,"https://cdn.metcash.media/image/upload/f_auto,c_limit,w_300,q_auto/igashop/images/453004"
Raid One Shot Surface Odourless Crawling Insect Spray 375g,$9.60,$2.56/100g,"https://cdn.metcash.media/image/upload/f_auto,c_limit,w_300,q_auto/igashop/images/150000000589"
The British Sausage Co English Breakfast 500g,$9.65,$1.93/100g,"https://cdn.metcash.media/image/upload/f_auto,c_limit,w_300,q_auto/igashop/images/180000001422"
Ben's Original Coconut Basmati Rice 250g,$4.00,$1.60/100g,"https://cdn.metcash.media/image/upload/f_auto,c_limit,w_300,q_auto/igashop/images/180000000451"
Schick Hydro 3 Razor Kit +6 Value Pack 6 Pack,$19.00,$3.17 each,"https://cdn.metcash.media/image/upload/f_auto,c_limit,w_300,q_auto/igashop/images/1800000067839"
Greenies Original Petite Dental Dog Treat 10 Pack,$19.00,$1.90 each,"https://cdn.metcash.media/image/upload/f_auto,c_limit,w_300,q_auto/igashop/images/945462"
Peckish Puff Bites Soy Chicken Rice Crackers 80g,$3.00,$3.75/100g,"https://cdn.metcash.media/image/upload/f_auto,c_limit,w_300,q_auto/igashop/images/160000000832"
Wet Ones Antibacterial Hand Wipes Be Gentle Canister 50 Pack,$5.25,$0.11 each,https://www.igashop.com.au/static/default-product-image.png
Ingham Chicken Breast Tenders 400g,$5.50,$1.38/100g,"https://cdn.metcash.media/image/upload/f_auto,c_limit,w_300,q_auto/igashop/images/169024"
Hans Striker Pepperoni Hot Rocket 15g,$1.00,$6.67/100g,"https://cdn.metcash.media/image/upload/f_auto,c_limit,w_300,q_auto/igashop/images/180000000288"
Cadbury Eggcellent Easter Assortment Gift Box 530g,$20.40,$3.85/100g,"https://cdn.metcash.media/image/upload/f_auto,c_limit,w_300,q_auto/igashop/images/677205"
Old El Paso Chunky Salsa Dip Mild 312g,$5.00,$1.60/100g,"https://cdn.metcash.media/image/upload/f_auto,c_limit,w_300,q_auto/igashop/images/639299"
San Remo Lasagne Pasta Large 250g,$2.70,$1.08/100g,"https://cdn.metcash.media/image/upload/f_auto,c_limit,w_300,q_auto/igashop/images/1959"
Heinz Baked Beans Reduced Salt 555g,$3.00,$0.54/100g,"https://cdn.metcash.media/image/upload/f_auto,c_limit,w_300,q_auto/igashop/images/899459"
Pana Organic Mint Gluten Free Ice Cream 3 Pack,$13.50,$4.50 each,"https://cdn.metcash.media/image/upload/f_auto,c_limit,w_300,q_auto/igashop/images/8197"
Ingham Chicken Nuggets 400g,$5.50,$1.38/100g,"https://cdn.metcash.media/image/upload/f_auto,c_limit,w_300,q_auto/igashop/images/141131"
Panadol Children Chewable 7+ Years Cherry 12 Pack,$5.40,$0.45 each,"https://cdn.metcash.media/image/upload/f_auto,c_limit,w_300,q_auto/igashop/images/160000002015"
Nestlé Munchies Tube 100g,$2.50,$2.50/100g,"https://cdn.metcash.media/image/upload/f_auto,c_limit,w_300,q_auto/igashop/images/150000007945"
Peters Polar Pie 6 Pack,$6.75,$1.13 each,https://www.igashop.com.au/static/default-product-image.png
Kehoes Kitchen Organic Sauerkraut Traditional 410g,$13.95,$3.40/100g,"https://cdn.metcash.media/image/upload/f_auto,c_limit,w_300,q_auto/igashop/images/20000006245"
Patties Mini Combo Pack Party Pies & Sausage Rolls 1kg,$11.50,$11.50/kg,"https://cdn.metcash.media/image/upload/f_auto,c_limit,w_300,q_auto/igashop/images/111178"
Youfoodz Fuel'D Chicken Pesto Pasta 405g,$10.80,$2.67/100g,https://www.igashop.com.au/static/default-product-image.png
Dari’s Classic Pumpkin Soup 550g,$7.50,$1.36/100g,"https://cdn.metcash.media/image/upload/f_auto,c_limit,w_300,q_auto/igashop/images/190000001242"
South Cape Camembert Wheel 125g,$4.60,$3.68/100g,https://www.igashop.com.au/static/default-product-image.png
Musashi Crisp White Chocolate 60g,$2.45,$4.08/100g,"https://cdn.metcash.media/image/upload/f_auto,c_limit,w_300,q_auto/igashop/images/180000002793"
Chobani Fit Flip Yogurt Banana Choc Peanut 140g,$4.50,$3.21/100g,https://www.igashop.com.au/static/default-product-image.png
Nestlé KitKat Packed With Milo Block 165g,$5.25,$3.18/100g,"https://cdn.metcash.media/image/upload/f_auto,c_limit,w_300,q_auto/igashop/images/657695"
U By Kotex Maxi Overnight Pad Long 8 Pack,$5.60,$0.70 each,"https://cdn.metcash.media/image/upload/f_auto,c_limit,w_300,q_auto/igashop/images/497375"
Black & Gold Cooking Salt 2kg,$3.50,$1.75/kg,"https://cdn.metcash.media/image/upload/f_auto,c_limit,w_300,q_auto/igashop/images/36239"
Shale Point Creamy Cheese Cheddar Black Wax 500g,$21.00,$4.20/100g,"https://cdn.metcash.media/image/upload/f_auto,c_limit,w_300,q_auto/igashop/images/9245"
Slape & Sons Beef Chevapchichi 480g,$9.50,$1.98/100g,"https://cdn.metcash.media/image/upload/f_auto,c_limit,w_300,q_auto/igashop/images/20000004971"
L'Or Espresso Supremo Capsules 50 Pack,$29.00,$0.58 each,"https://cdn.metcash.media/image/upload/f_auto,c_limit,w_300,q_auto/igashop/images/1800000067681"
Bluo Liquid Laundry Brightener 250mL,$3.85,$1.54/100mL,"https://cdn.metcash.media/image/upload/f_auto,c_limit,w_300,q_auto/igashop/images/323602"
Freedom Foods Messy Monkeys Whole Grain Bites Burger 8 Pack,$7.00,$0.88 each,"https://cdn.metcash.media/image/upload/f_auto,c_limit,w_300,q_auto/igashop/images/32476"
Canon Chicken Burger 510g,$8.60,$1.69/100g,"https://cdn.metcash.media/image/upload/f_auto,c_limit,w_300,q_auto/igashop/images/134045"
Nestle Milo Breakfast Cereal Mackenzie Arnold 340g,$7.00,$2.06/100g,"https://cdn.metcash.media/image/upload/f_auto,c_limit,w_300,q_auto/igashop/images/1800000067742"
L'Or Espresso Breakfast Variety Capsules 50 Pack,$29.00,$0.58 each,"https://cdn.metcash.media/image/upload/f_auto,c_limit,w_300,q_auto/igashop/images/1800000067679"
The Cobbler Company Kids Scuff Shoe Polish Black 75mL,$4.10,$5.47/100mL,https://www.igashop.com.au/static/default-product-image.png
Olay Moisturising Lotion For Sensitive Skin 150mL,$17.00,$11.33/100mL,"https://cdn.metcash.media/image/upload/f_auto,c_limit,w_300,q_auto/igashop/images/926303"
Lipton Intense Black Tea Bags 100 Pack,$4.00,$0.04 each,"https://cdn.metcash.media/image/upload/f_auto,c_limit,w_300,q_auto/igashop/images/415336"
Sorbent Silky White Tissues 250 Pack,$3.20,$0.01 each,"https://cdn.metcash.media/image/upload/f_auto,c_limit,w_300,q_auto/igashop/images/982804"
Dove Deodorant Roll On Classic 50mL,$5.00,$10.00/100mL,https://www.igashop.com.au/static/default-product-image.png
CC's Corn Chips Cheezels 175g,$4.00,$2.29/100g,"https://cdn.metcash.media/image/upload/f_auto,c_limit,w_300,q_auto/igashop/images/1800000068982"
Roza's Gourmet Roasted Garlic & Tomato Stir Through 240g,$10.50,$4.38/100g,"https://cdn.metcash.media/image/upload/f_auto,c_limit,w_300,q_auto/igashop/images/190000002467"
Cadbury Dairy Milk Caramello Bites 270g,$7.50,$2.78/100g,"https://cdn.metcash.media/image/upload/f_auto,c_limit,w_300,q_auto/igashop/images/519342"
Abbotts Bakery Bread Sourdough White 760g,$5.50,$0.72/100g,"https://cdn.metcash.media/image/upload/f_auto,c_limit,w_300,q_auto/igashop/images/328102"
Kellogg's LCMs Treatz Cookie & Cream 130g,$6.00,$4.62/100g,"https://cdn.metcash.media/image/upload/f_auto,c_limit,w_300,q_auto/igashop/images/1800000069730"
Careme All Butter Puff Pastry 375g,$11.00,$2.93/100g,"https://cdn.metcash.media/image/upload/f_auto,c_limit,w_300,q_auto/igashop/images/190000004296"
Sukin Brightening Radiance Gel Cleanser Pump 125mL,$16.30,$13.04/100mL,"https://cdn.metcash.media/image/upload/f_auto,c_limit,w_300,q_auto/igashop/images/516190"
"Colgate 360° Whole Mouth Clean Manual Toothbrush, Medium Bristles",$5.50,N/A,"https://cdn.metcash.media/image/upload/f_auto,c_limit,w_300,q_auto/igashop/images/4648"
SPC Prepared Meals Spagasauras 4 Pack,$6.50,$1.63 each,"https://cdn.metcash.media/image/upload/f_auto,c_limit,w_300,q_auto/igashop/images/273755"
The Natural Confectionery Co. Sour Patch 220g,$2.00,$0.91/100g,"https://cdn.metcash.media/image/upload/f_auto,c_limit,w_300,q_auto/igashop/images/232225"
Tasmanian Heritage Mild Blue Cheese 120g,$7.35,$6.13/100g,"https://cdn.metcash.media/image/upload/f_auto,c_limit,w_300,q_auto/igashop/images/695428"
Nutella & Go with Breadsticks 48g,$2.80,$5.83/100g,"https://cdn.metcash.media/image/upload/f_auto,c_limit,w_300,q_auto/igashop/images/342541"
Streets Ice Confection Pink Party Pack 6 Pack,$12.75,$2.13 each,https://www.igashop.com.au/static/default-product-image.png
Command 3M Large Adhesive Hook,$7.30,N/A,"https://cdn.metcash.media/image/upload/f_auto,c_limit,w_300,q_auto/igashop/images/20000000010"
McKenzie's Dried Peas 375g,$2.60,$0.69/100g,"https://cdn.metcash.media/image/upload/f_auto,c_limit,w_300,q_auto/igashop/images/190000003801"
Rexona Antiperspirant Aerosol Deodorant Advanced Protection Peach Spark + Lemongrass Scent for Women 220mL,$6.00,$2.73/100mL,"https://cdn.metcash.media/image/upload/f_auto,c_limit,w_300,q_auto/igashop/images/150000002087"
Robert Timms Cafe Series Instant Freeze Dried Coffee Intense 90g,$8.40,$9.33/100g,"https://cdn.metcash.media/image/upload/f_auto,c_limit,w_300,q_auto/igashop/images/628421"
Tru Blu Club Soda Water 1.25L,$1.90,$1.52/1L,"https://cdn.metcash.media/image/upload/f_auto,c_limit,w_300,q_auto/igashop/images/11954"
Santa Vittoria Sparkling Mineral Water 750mL,$2.25,$0.30/100mL,"https://cdn.metcash.media/image/upload/f_auto,c_limit,w_300,q_auto/igashop/images/88257"
Air Wick Floor Carpet Deodorant Vanilla 500g,$5.00,$1.00/100g,"https://cdn.metcash.media/image/upload/f_auto,c_limit,w_300,q_auto/igashop/images/302135"
Dove Deodorant Roll On Cucumber & Green Tea Zero Aluminium 50mL,$4.20,$8.40/100mL,"https://cdn.metcash.media/image/upload/f_auto,c_limit,w_300,q_auto/igashop/images/170000003765"
Clean & Clear Deep Action Daily Scrub 150mL,$10.30,$6.87/100mL,"https://cdn.metcash.media/image/upload/f_auto,c_limit,w_300,q_auto/igashop/images/344226"
Caffe Aurora Italian Style Ground Coffee 250g,$10.90,$4.36/100g,"https://cdn.metcash.media/image/upload/f_auto,c_limit,w_300,q_auto/igashop/images/160000018186"
Fountain Soy & Honey Sauce 250mL,$3.40,$1.36/100mL,"https://cdn.metcash.media/image/upload/f_auto,c_limit,w_300,q_auto/igashop/images/355573"
Arnott's Monte Carlo 250g,$2.80,$1.12/100g,"https://cdn.metcash.media/image/upload/f_auto,c_limit,w_300,q_auto/igashop/images/309030"
Purina One Adult Pet Food Small Breed Dry Chicken 2.5kg,$12.00,$4.80/kg,"https://cdn.metcash.media/image/upload/f_auto,c_limit,w_300,q_auto/igashop/images/180000005637"
Bakers Collection Premium Festive Fruit Ring Cake 650g,$28.00,$4.31/100g,"https://cdn.metcash.media/image/upload/f_auto,c_limit,w_300,q_auto/igashop/images/180000002056"
Ham Off The Bone 1kg,Final cost based on weight,$29.50/$29.50,"https://cdn.metcash.media/image/upload/f_auto,c_limit,w_300,q_auto/igashop/images/80072001"
Coca-Cola Classic Soft Drink Bottle 2L,$3.50,$1.75/1L,"https://cdn.metcash.media/image/upload/f_auto,c_limit,w_300,q_auto/igashop/images/9300675001007_0"
Multix Greener Ocean Plastic Tidy Bags Large 24 Pack,$5.70,$0.24 each,"https://cdn.metcash.media/image/upload/f_auto,c_limit,w_300,q_auto/igashop/images/606212"
Sirena Ready To Eat Meal Tuna Sweet Chilli Rice 170g,$4.30,$2.53/100g,"https://cdn.metcash.media/image/upload/f_auto,c_limit,w_300,q_auto/igashop/images/670339"
San Remo Fresh Traditional Egg Fettuccine 375g,$5.85,$1.56/100g,"https://cdn.metcash.media/image/upload/f_auto,c_limit,w_300,q_auto/igashop/images/119045"
The Happy Muffin Co Apple & Cinnamon Muffins 4 Pack,$4.50,$1.13 each,"https://cdn.metcash.media/image/upload/f_auto,c_limit,w_300,q_auto/igashop/images/20000006889"
Australia's Own Organic Coconut Milk Unsweetened 1L,$3.20,$3.20/1L,"https://cdn.metcash.media/image/upload/f_auto,c_limit,w_300,q_auto/igashop/images/31218"
Toscano Tiramisu 500g,$10.00,$2.00/100g,"https://cdn.metcash.media/image/upload/f_auto,c_limit,w_300,q_auto/igashop/images/190000009874"
Food Guru Grater 4 Sided,$4.00,N/A,"https://cdn.metcash.media/image/upload/f_auto,c_limit,w_300,q_auto/igashop/images/831150"
Yumi's Kalamata Olive Dip 200g,$4.50,$2.25/100g,"https://cdn.metcash.media/image/upload/f_auto,c_limit,w_300,q_auto/igashop/images/190000004843"
MasterFoods Smokey BBQ Marinade 375g,$3.60,$0.96/100g,"https://cdn.metcash.media/image/upload/f_auto,c_limit,w_300,q_auto/igashop/images/394815"
Farex Baby Food 4 Months+ Rice Cereal 125g,$3.00,$2.40/100g,"https://cdn.metcash.media/image/upload/f_auto,c_limit,w_300,q_auto/igashop/images/70945"
Slape And Sons Beef Steaketts 480g,$9.50,$1.98/100g,https://www.igashop.com.au/static/default-product-image.png
Niulife Naked Coconut Amino Sauce 250mL,$11.95,$4.78/100mL,"https://cdn.metcash.media/image/upload/f_auto,c_limit,w_300,q_auto/igashop/images/20000006747"
Kellogg's Nutri-Grain Iron Man Food Value Pack 805g,$8.50,$1.06/100g,"https://cdn.metcash.media/image/upload/f_auto,c_limit,w_300,q_auto/igashop/images/483274"
Golden Circle Lemon Cordial 2L,$4.50,$2.25/1L,"https://cdn.metcash.media/image/upload/f_auto,c_limit,w_300,q_auto/igashop/images/694207"
Community Co Paper Cups Compostable 10 Pack,$3.00,$0.30 each,https://www.igashop.com.au/static/default-product-image.png
Cancer Council Day Wear Water Resistant SPF 50+ 75mL,$16.00,$21.33/100mL,"https://cdn.metcash.media/image/upload/f_auto,c_limit,w_300,q_auto/igashop/images/748035"
Crest Surge 6 Socket Switch Power Board,$30.00,N/A,"https://cdn.metcash.media/image/upload/f_auto,c_limit,w_300,q_auto/igashop/images/899742"
Cottee's Strawberry Jam 375g,$3.50,$0.93/100g,"https://cdn.metcash.media/image/upload/f_auto,c_limit,w_300,q_auto/igashop/images/271876"
Magnum Almond Ice Cream Dessert Stick,$6.00,N/A,"https://cdn.metcash.media/image/upload/f_auto,c_limit,w_300,q_auto/igashop/images/180000000222"
Peters Original Vanilla 4L,$8.70,$2.18/1L,"https://cdn.metcash.media/image/upload/f_auto,c_limit,w_300,q_auto/igashop/images/122551"
Pandaroo Teriyaki Sesame Onion Sauce 250mL,$3.90,$1.56/100mL,"https://cdn.metcash.media/image/upload/f_auto,c_limit,w_300,q_auto/igashop/images/190000003138"
Old El Paso Gluten Free Tortilla 6 Pack,$6.00,$1.00 each,"https://cdn.metcash.media/image/upload/f_auto,c_limit,w_300,q_auto/igashop/images/925886"
Jones & Co Free Range Eggs Large 600g,$9.95,$1.66/100g,"https://cdn.metcash.media/image/upload/f_auto,c_limit,w_300,q_auto/igashop/images/190000009772"
Aloe Mate Aloe Vera Mango 500mL,$3.40,$0.68/100mL,"https://cdn.metcash.media/image/upload/f_auto,c_limit,w_300,q_auto/igashop/images/20000003315"
Old El Paso Mexican Wholegrain Tortillas 6 Pack,$4.50,$0.75 each,"https://cdn.metcash.media/image/upload/f_auto,c_limit,w_300,q_auto/igashop/images/48862"
I Choose Re-Use Jute Bag,$3.50,N/A,"https://cdn.metcash.media/image/upload/f_auto,c_limit,w_300,q_auto/igashop/images/180000002206"
Birds Eye Air Baked Barramundi 250g,$10.00,$4.00/100g,"https://cdn.metcash.media/image/upload/f_auto,c_limit,w_300,q_auto/igashop/images/180000003506"
Suimin Hot & Spicy Noodle Cup 70g,$1.85,$2.64/100g,"https://cdn.metcash.media/image/upload/f_auto,c_limit,w_300,q_auto/igashop/images/485268"
Pauls Zymil Full Cream Milk 3L,$9.50,$3.17/1L,"https://cdn.metcash.media/image/upload/f_auto,c_limit,w_300,q_auto/igashop/images/160000000939"
Aeroplane Jelly Souz Blue Raspberry 85g,$1.80,$2.12/100g,https://www.igashop.com.au/static/default-product-image.png
Fairy Dish Wash Spray Lemon 450mL,$12.00,$2.67/100mL,"https://cdn.metcash.media/image/upload/f_auto,c_limit,w_300,q_auto/igashop/images/570398"
Lauria Specialty Sweets Classic Shortbread 190g,$5.99,$3.15/100g,"https://cdn.metcash.media/image/upload/f_auto,c_limit,w_300,q_auto/igashop/images/20000000945"
Tampax Regular Light flow tampons with applicator 20 Pack,$9.00,$0.45 each,"https://cdn.metcash.media/image/upload/f_auto,c_limit,w_300,q_auto/igashop/images/392559"
In A Biskit Loaded Cheese 160g,$4.00,$2.50/100g,"https://cdn.metcash.media/image/upload/f_auto,c_limit,w_300,q_auto/igashop/images/786135"
Community Co Tasty Cheese Block 750g,$11.25,$1.50/100g,"https://cdn.metcash.media/image/upload/f_auto,c_limit,w_300,q_auto/igashop/images/827614"
Creative Gourmet Mixed Berries 300g,$4.00,$1.33/100g,"https://cdn.metcash.media/image/upload/f_auto,c_limit,w_300,q_auto/igashop/images/672161"
Lo Bros Kombucha Passionfruit 330mL,$3.60,$1.09/100mL,"https://cdn.metcash.media/image/upload/f_auto,c_limit,w_300,q_auto/igashop/images/814836"
Campbell's Soup Country Ladle Farmhouse Vegetables 495g,$4.50,$0.91/100g,"https://cdn.metcash.media/image/upload/f_auto,c_limit,w_300,q_auto/igashop/images/337790"
Edgell Four Bean Mix 4 Pack,$3.80,$0.95 each,"https://cdn.metcash.media/image/upload/f_auto,c_limit,w_300,q_auto/igashop/images/3113"
My Dog Shredded Meals Beef 6 Pack,$8.00,$1.33 each,"https://cdn.metcash.media/image/upload/f_auto,c_limit,w_300,q_auto/igashop/images/327025"
Pauls Zymil Low Fat Milk 2L,$6.80,$3.40/1L,"https://cdn.metcash.media/image/upload/f_auto,c_limit,w_300,q_auto/igashop/images/88812"
SunRice Steamed Rice Brown Rice & Quinoa 450g,$3.95,$0.88/100g,"https://cdn.metcash.media/image/upload/f_auto,c_limit,w_300,q_auto/igashop/images/160000004656"
BIC Razor Disposable Twin Easy Sensitive 10 Pack,$2.75,$0.28 each,"https://cdn.metcash.media/image/upload/f_auto,c_limit,w_300,q_auto/igashop/images/80458"
Nurofen Zavance Fast Pain Relief Liquid Capsules 200mg Ibuprofen 20 Pack,$8.50,$0.43 each,"https://cdn.metcash.media/image/upload/f_auto,c_limit,w_300,q_auto/igashop/images/22243"
Korbond Christmas Bon Bons Luxury 6 Pack,$25.00,$4.17 each,"https://cdn.metcash.media/image/upload/f_auto,c_limit,w_300,q_auto/igashop/images/774719"
Uncle Tobys Muesli Bars Chewy Apricot 6 Pack,$4.00,$0.67 each,"https://cdn.metcash.media/image/upload/f_auto,c_limit,w_300,q_auto/igashop/images/435297"
Moulin Pepper Corn Green 55g,$4.20,$7.64/100g,"https://cdn.metcash.media/image/upload/f_auto,c_limit,w_300,q_auto/igashop/images/375942"
Thins Potato Chips Cheddar Cheese 150g,$1.95,$1.30/100g,"https://cdn.metcash.media/image/upload/f_auto,c_limit,w_300,q_auto/igashop/images/556462"
Emmaline’s Dark Chocolate Apricots 230g,$10.99,$4.78/100g,"https://cdn.metcash.media/image/upload/f_auto,c_limit,w_300,q_auto/igashop/images/150000007636"
Dare Iced Coffee Double Espresso 2L,$7.50,$3.75/1L,"https://cdn.metcash.media/image/upload/f_auto,c_limit,w_300,q_auto/igashop/images/997244"
Community Co Body Wash Coco Honey 500mL,$4.50,$0.90/100mL,"https://cdn.metcash.media/image/upload/f_auto,c_limit,w_300,q_auto/igashop/images/989615"
Cadbury Dairy Milk Egg 170g,$11.60,$6.82/100g,"https://cdn.metcash.media/image/upload/f_auto,c_limit,w_300,q_auto/igashop/images/1800000069023"
Lynx Men Body Wash Excite 400mL,$6.50,$1.63/100mL,"https://cdn.metcash.media/image/upload/f_auto,c_limit,w_300,q_auto/igashop/images/80788"
Pine O Cleen Antibacterial Disinfectant Liquid Lemon 500mL,$4.10,$0.82/100mL,"https://cdn.metcash.media/image/upload/f_auto,c_limit,w_300,q_auto/igashop/images/64135"
Your Bakery Chocolate Orange Cake 370g,$5.95,$1.61/100g,"https://cdn.metcash.media/image/upload/f_auto,c_limit,w_300,q_auto/igashop/images/615106"
Byron Bay Chilli Co. Smokin Mango Chilli Sauce 250mL,$5.75,$2.30/100mL,"https://cdn.metcash.media/image/upload/f_auto,c_limit,w_300,q_auto/igashop/images/160000013681"
Bosisto's Kakadu Plum And Lemon Myrtle Body Wash 1L,$18.00,$18.00/1L,"https://cdn.metcash.media/image/upload/f_auto,c_limit,w_300,q_auto/igashop/images/260257"
Chobani Yoghurt Fit X Rocky Road Rumble 140g,$3.49,$2.49/100g,"https://cdn.metcash.media/image/upload/f_auto,c_limit,w_300,q_auto/igashop/images/180000000045"
K-9 Cuisine Treats 3 Lamb Ears 3 Pack,$7.00,$2.33 each,"https://cdn.metcash.media/image/upload/f_auto,c_limit,w_300,q_auto/igashop/images/406230"
Mum's Favourites Honey Roll 500g,$7.50,$1.50/100g,"https://cdn.metcash.media/image/upload/f_auto,c_limit,w_300,q_auto/igashop/images/20000005308"
Heinz Tortellini Three Cheese with Creamy Mushroom & Bacon 350g,$4.50,$1.29/100g,"https://cdn.metcash.media/image/upload/f_auto,c_limit,w_300,q_auto/igashop/images/160000011394"
Medix Electrolyte Effervescent Tablets Strawberry 20 Pack,$8.15,$0.41 each,https://www.igashop.com.au/static/default-product-image.png
Trident Dried Pitted Dates 500g,$4.05,$0.81/100g,"https://cdn.metcash.media/image/upload/f_auto,c_limit,w_300,q_auto/igashop/images/428321"
Philips LED Bayonet Capt White 14W,$10.00,N/A,"https://cdn.metcash.media/image/upload/f_auto,c_limit,w_300,q_auto/igashop/images/20000000479"
Logan Farm Baby Peas and Super Sweet Corn 500g,$4.55,$0.91/100g,"https://cdn.metcash.media/image/upload/f_auto,c_limit,w_300,q_auto/igashop/images/135782"
Vittoria Espresso Nespresso Compatible Coffee Capsules 10 Pack,$6.00,$0.60 each,"https://cdn.metcash.media/image/upload/f_auto,c_limit,w_300,q_auto/igashop/images/160000014197"
OMO Ultimate 3 in 1 Laundry Capsules 28 Pack,$17.50,$0.62 each,"https://cdn.metcash.media/image/upload/f_auto,c_limit,w_300,q_auto/igashop/images/516690"
Youjuice Pink Collagen Glow 350mL,$4.40,$12.57/1L,"https://cdn.metcash.media/image/upload/f_auto,c_limit,w_300,q_auto/igashop/images/254727"
Cadbury Dream Easter Egg Bag 110g,$7.50,$6.82/100g,"https://cdn.metcash.media/image/upload/f_auto,c_limit,w_300,q_auto/igashop/images/143366"
Optimum Adult Lamb & Rice Wet Dog Food 24 Pack,$29.50,$1.23 each,"https://cdn.metcash.media/image/upload/f_auto,c_limit,w_300,q_auto/igashop/images/313440_1"
Black & Gold Scourer 5 Pack,$0.85,$0.17 each,"https://cdn.metcash.media/image/upload/f_auto,c_limit,w_300,q_auto/igashop/images/343042"
Nice & Natural Fruit Snacks 4D Blocks 120g,$4.50,$3.75/100g,"https://cdn.metcash.media/image/upload/f_auto,c_limit,w_300,q_auto/igashop/images/180000004781"
Anna's Almond Thins 150g,$3.50,$2.33/100g,"https://cdn.metcash.media/image/upload/f_auto,c_limit,w_300,q_auto/igashop/images/947236"
Lion Butter Cake Mix 340g,$1.65,$0.49/100g,https://www.igashop.com.au/static/default-product-image.png
Bonds Women's Brief Hipster Bikini Black or White Size 14 2 Pack,$24.00,$12.00 each,"https://cdn.metcash.media/image/upload/f_auto,c_limit,w_300,q_auto/igashop/images/180000001368"
M&M's Peanut Specked Egg Gift Box 165g,$10.00,$6.06/100g,"https://cdn.metcash.media/image/upload/f_auto,c_limit,w_300,q_auto/igashop/images/866896"
Community Co Salted Carmel Ice Cream 1L,$6.50,$6.50/1L,"https://cdn.metcash.media/image/upload/f_auto,c_limit,w_300,q_auto/igashop/images/273894"
MasterFoods Garlic Salt 210g,$6.50,$3.10/100g,"https://cdn.metcash.media/image/upload/f_auto,c_limit,w_300,q_auto/igashop/images/16289"
Connoisseur Mango & Coconut Ice Cream Ice Cream 4 Pack,$5.50,$1.38 each,"https://cdn.metcash.media/image/upload/f_auto,c_limit,w_300,q_auto/igashop/images/20000006566"
Tasmanian Heritage Trilogy Club Vintage 80g,$4.50,$5.63/100g,"https://cdn.metcash.media/image/upload/f_auto,c_limit,w_300,q_auto/igashop/images/279620"
First Response Pregnancy Test Instream Test 3 Pack,$17.00,$5.67 each,"https://cdn.metcash.media/image/upload/f_auto,c_limit,w_300,q_auto/igashop/images/4897"
Canesten Athlete's Foot Cream 50g,$17.00,$34.00/100g,"https://cdn.metcash.media/image/upload/f_auto,c_limit,w_300,q_auto/igashop/images/381074"
SPC Whole Prunes in Juice 425g,$3.50,$0.82/100g,"https://cdn.metcash.media/image/upload/f_auto,c_limit,w_300,q_auto/igashop/images/348610"
Luv-A-Duck Roasted Duck Breast 380g,$16.50,$4.34/100g,https://www.igashop.com.au/static/default-product-image.png
Quilton Classic White Facial Tissues,$2.30,N/A,"https://cdn.metcash.media/image/upload/f_auto,c_limit,w_300,q_auto/igashop/images/430962"
John West Salmon Tempters Salmon With Lime Ginger And Chilli 95g,$1.75,$1.84/100g,"https://cdn.metcash.media/image/upload/f_auto,c_limit,w_300,q_auto/igashop/images/462919"
Ayam Black Bean Sauce 210mL,$4.00,$1.90/100mL,"https://cdn.metcash.media/image/upload/f_auto,c_limit,w_300,q_auto/igashop/images/160000014138"
Carman's Classic Fruit & Nut Muesli 500g,$6.00,$1.20/100g,"https://cdn.metcash.media/image/upload/f_auto,c_limit,w_300,q_auto/igashop/images/975543"
Bellamy's Organic Baby Rice With Prebiotic 125g,$4.40,$3.52/100g,"https://cdn.metcash.media/image/upload/f_auto,c_limit,w_300,q_auto/igashop/images/968499"
BIC Cristal Assorted 10 Pack,$2.75,$0.28 each,"https://cdn.metcash.media/image/upload/f_auto,c_limit,w_300,q_auto/igashop/images/769552"
Bref Power Active Flower Blossom Rim Block Toilet Cleaner 100g,$5.50,$5.50/100g,"https://cdn.metcash.media/image/upload/f_auto,c_limit,w_300,q_auto/igashop/images/851134"
OMO Quickwash Laundry Liquid Odour Refresh 1.18L,$15.00,$12.71/1L,"https://cdn.metcash.media/image/upload/f_auto,c_limit,w_300,q_auto/igashop/images/1800000067763"
On The Menu Lamb Shrank 320g,$6.75,$2.11/100g,"https://cdn.metcash.media/image/upload/f_auto,c_limit,w_300,q_auto/igashop/images/645570"
Samboy Atomic Tomato Potato Chips 175g,$4.00,$2.29/100g,"https://cdn.metcash.media/image/upload/f_auto,c_limit,w_300,q_auto/igashop/images/27146"
Bounty Ice Cream Bar 6 Pack,$8.50,$1.42 each,"https://cdn.metcash.media/image/upload/f_auto,c_limit,w_300,q_auto/igashop/images/360654"
Rexona Travel Minis Mens Freshen Up,$14.40,N/A,"https://cdn.metcash.media/image/upload/f_auto,c_limit,w_300,q_auto/igashop/images/45212"
Nescafe Gold Short Black Espresso Instant Coffee 100g,$14.50,$14.50/100g,"https://cdn.metcash.media/image/upload/f_auto,c_limit,w_300,q_auto/igashop/images/190000000985"
Norco Organic Full Cream Milk 2L,$6.50,$3.25/1L,"https://cdn.metcash.media/image/upload/f_auto,c_limit,w_300,q_auto/igashop/images/20000001457"
TRESemmé Shampoo Repair & Protect 350mL,$9.00,$2.57/100mL,"https://cdn.metcash.media/image/upload/f_auto,c_limit,w_300,q_auto/igashop/images/431531"
Sunbites Grain Waves Wheat Snacks Sour Cream And Chive 150g,$5.50,$3.67/100g,https://www.igashop.com.au/static/default-product-image.png
Campbell's Chunky Canned Soup Roast Chicken & Vegetable 505g,$4.50,$0.89/100g,"https://cdn.metcash.media/image/upload/f_auto,c_limit,w_300,q_auto/igashop/images/378843"
Strepsils Herbal Immune Support Lozenges Elderberry & Echinacea 16 Pack,$6.50,$0.41 each,"https://cdn.metcash.media/image/upload/f_auto,c_limit,w_300,q_auto/igashop/images/162378"
My Berries Frozen Mango 300g,$9.95,$3.32/100g,"https://cdn.metcash.media/image/upload/f_auto,c_limit,w_300,q_auto/igashop/images/20000005318"
Prinetti Toaster 2 Slice,$20.00,N/A,"https://cdn.metcash.media/image/upload/f_auto,c_limit,w_300,q_auto/igashop/images/360104"
Nature's Way Complete Daily Multivitamin Tablets 200 Pack,$17.85,$0.09 each,"https://cdn.metcash.media/image/upload/f_auto,c_limit,w_300,q_auto/igashop/images/917118"
Dove Antiperspirant Aerosol Powder 250mL,$9.50,$3.80/100mL,https://www.igashop.com.au/static/default-product-image.png
Korbond Number 1 Birthday Candle,$1.60,N/A,"https://cdn.metcash.media/image/upload/f_auto,c_limit,w_300,q_auto/igashop/images/265972"
Weis Dairy Free Frozen Dessert Raspberry Coconut 4 Pack,$9.50,$2.38 each,"https://cdn.metcash.media/image/upload/f_auto,c_limit,w_300,q_auto/igashop/images/733653"
Well Naturally Bar Milk 90g,$7.00,$7.78/100g,"https://cdn.metcash.media/image/upload/f_auto,c_limit,w_300,q_auto/igashop/images/701944"
Green's Triple Chocolate Fudge Brownie Mix 500g,$5.50,$1.10/100g,"https://cdn.metcash.media/image/upload/f_auto,c_limit,w_300,q_auto/igashop/images/630423"
Barambah Organics Real Passionfruit Yoghurt 200g,$3.55,$1.78/100g,"https://cdn.metcash.media/image/upload/f_auto,c_limit,w_300,q_auto/igashop/images/20000001973"
Gillette Venus Comfortglide White Tea Razor Blades 4 Pack,$20.00,$5.00 each,"https://cdn.metcash.media/image/upload/f_auto,c_limit,w_300,q_auto/igashop/images/13812"
Princi Smallgoods Sicilian Salami 100g,$6.50,$6.50/100g,"https://cdn.metcash.media/image/upload/f_auto,c_limit,w_300,q_auto/igashop/images/190000004996"
Sard Power Eucalyptus Stain Remover Stick 100g,$6.00,$6.00/100g,"https://cdn.metcash.media/image/upload/f_auto,c_limit,w_300,q_auto/igashop/images/464131"
Swisspers Eco Aloe Vera Biodegradable Facial Wipes 25 Pack,$5.85,$0.23 each,"https://cdn.metcash.media/image/upload/f_auto,c_limit,w_300,q_auto/igashop/images/990616"
Colgate Plax Alcohol Free Mouthwash Freshmint 1L,$6.00,$6.00/1L,"https://cdn.metcash.media/image/upload/f_auto,c_limit,w_300,q_auto/igashop/images/66491"
Dari's Chicken and Corn Soup 550g,$7.50,$1.36/100g,"https://cdn.metcash.media/image/upload/f_auto,c_limit,w_300,q_auto/igashop/images/150000008174"
Your Bakery Cherry Slices 6 Pack,$7.45,$1.24 each,https://www.igashop.com.au/static/default-product-image.png
Community Co Gluten Free Yogurt Swirl 120g,$3.80,$3.17/100g,"https://cdn.metcash.media/image/upload/f_auto,c_limit,w_300,q_auto/igashop/images/871079"
Tic Tac Mini 62 Pack,$3.00,$0.05 each,"https://cdn.metcash.media/image/upload/f_auto,c_limit,w_300,q_auto/igashop/images/363987"
Lean Cuisine Chicken Fettuccine With Broccoli & Sunflower Seeds 350g,$7.90,$2.26/100g,https://www.igashop.com.au/static/default-product-image.png
Ajax Professional Antibacterial Disinfectant Bathroom Clean 500mL,$5.50,$1.10/100mL,"https://cdn.metcash.media/image/upload/f_auto,c_limit,w_300,q_auto/igashop/images/392740"
Mr Brownie Chocolate Brownie 200g,$6.50,$3.25/100g,"https://cdn.metcash.media/image/upload/f_auto,c_limit,w_300,q_auto/igashop/images/20000001686"
Pigadees Snacks Cheese & Bacon 80g,$4.35,$5.44/100g,"https://cdn.metcash.media/image/upload/f_auto,c_limit,w_300,q_auto/igashop/images/217398"
Kellogg's All-Bran High Fibre 350g,$6.50,$1.86/100g,"https://cdn.metcash.media/image/upload/f_auto,c_limit,w_300,q_auto/igashop/images/72536"
Gippsland Dairy Mixed Berry Yoghurt 160g,$3.00,$1.88/100g,"https://cdn.metcash.media/image/upload/f_auto,c_limit,w_300,q_auto/igashop/images/20000007154"
MeadowLea Original Margarine Spread 1kg,$6.65,$6.65/kg,"https://cdn.metcash.media/image/upload/f_auto,c_limit,w_300,q_auto/igashop/images/100282"
Bonds Zippy Wondersuit Girl/Boy/Basic,$26.00,N/A,https://www.igashop.com.au/static/default-product-image.png
Nice & Natural Chocolate Roasted Nut Bar 6 Pack,$5.50,$0.92 each,"https://cdn.metcash.media/image/upload/f_auto,c_limit,w_300,q_auto/igashop/images/26640"
Mayver's Tahini Unhulled 385g,$6.50,$1.69/100g,"https://cdn.metcash.media/image/upload/f_auto,c_limit,w_300,q_auto/igashop/images/14326"
Dettol Multipurpose Wipes Crisp Apple 110 Pack,$8.40,$0.08 each,"https://cdn.metcash.media/image/upload/f_auto,c_limit,w_300,q_auto/igashop/images/235558"
Balfours Donut Jam Ball 120g,$3.25,$2.71/100g,"https://cdn.metcash.media/image/upload/f_auto,c_limit,w_300,q_auto/igashop/images/121534"
Pods Mars Chocolate Share Pack 160g,$7.00,$4.38/100g,"https://cdn.metcash.media/image/upload/f_auto,c_limit,w_300,q_auto/igashop/images/622695"
Warwick Meats Gourmet Beef Burgers 560g,$10.80,$1.93/100g,https://www.igashop.com.au/static/default-product-image.png
Dutch Gouda 1kg,Final cost based on weight,$34.95/$34.95,"https://cdn.metcash.media/image/upload/f_auto,c_limit,w_300,q_auto/igashop/images/80072142"
King Oscar Sardines in Extra Virgin Olive Oil 105g,$2.85,$2.71/100g,"https://cdn.metcash.media/image/upload/f_auto,c_limit,w_300,q_auto/igashop/images/386139"
Fantastic Delites Honey Baked Ham 100g,$2.80,$2.80/100g,"https://cdn.metcash.media/image/upload/f_auto,c_limit,w_300,q_auto/igashop/images/959966"
Reese's Chocolate Peanut Butter Cup White 39g,$3.00,$7.69/100g,https://www.igashop.com.au/static/default-product-image.png
Masterfoods Herbs And Spices Garlic Herb No Salt 42g,$3.50,$8.33/100g,"https://cdn.metcash.media/image/upload/f_auto,c_limit,w_300,q_auto/igashop/images/180000005700"
Pauls Plus Protein Banoffee Yoghurt 150g,$3.10,$2.07/100g,https://www.igashop.com.au/static/default-product-image.png
Dynamo Professional Fresh Machine Laundry Detergent Liquid 2L,$14.50,$7.25/1L,"https://cdn.metcash.media/image/upload/f_auto,c_limit,w_300,q_auto/igashop/images/408591"
Mr Brownie Blondies 200g,$6.50,$3.25/100g,"https://cdn.metcash.media/image/upload/f_auto,c_limit,w_300,q_auto/igashop/images/20000001687"
OAK Vanilla Malt Flavoured Milk 600mL,$4.20,$0.70/100mL,"https://cdn.metcash.media/image/upload/f_auto,c_limit,w_300,q_auto/igashop/images/908347"
Red Bull Energy Drink Apricot Sugar Free 250mL,$3.20,$12.80/1L,"https://cdn.metcash.media/image/upload/f_auto,c_limit,w_300,q_auto/igashop/images/437142"
Western Star Unsalted Butter 250g,$4.70,$1.88/100g,"https://cdn.metcash.media/image/upload/f_auto,c_limit,w_300,q_auto/igashop/images/871948"
Cadbury Eclairs Gift Box 420g,$10.00,$2.38/100g,"https://cdn.metcash.media/image/upload/f_auto,c_limit,w_300,q_auto/igashop/images/453664"
Morning Fresh Dishwasher Powder Lemon 1kg,$11.50,$11.50/kg,"https://cdn.metcash.media/image/upload/f_auto,c_limit,w_300,q_auto/igashop/images/20000005292"
Rafferty's Garden Food 4 Months+ Pear & Apricot 120g,$1.90,$1.58/100g,"https://cdn.metcash.media/image/upload/f_auto,c_limit,w_300,q_auto/igashop/images/48794"
Manicare Cuticle Scissors Curved,$12.55,N/A,"https://cdn.metcash.media/image/upload/f_auto,c_limit,w_300,q_auto/igashop/images/160000002668"
Berocca Immune Daily Defence Vitamin Supplement Blackcurrant Effervescent Tablets 15 Pack,$5.50,$0.37 each,"https://cdn.metcash.media/image/upload/f_auto,c_limit,w_300,q_auto/igashop/images/670012"
Ultimates Indulge Planet Aware Tuna With Prawn 85g,$1.60,$1.88/100g,"https://cdn.metcash.media/image/upload/f_auto,c_limit,w_300,q_auto/igashop/images/695169"
Ayam Thai Yellow Curry Paste 185g,$4.00,$2.16/100g,"https://cdn.metcash.media/image/upload/f_auto,c_limit,w_300,q_auto/igashop/images/160000012190"
Huggies Crawler Boys 44 Pack,$13.00,$0.30 each,"https://cdn.metcash.media/image/upload/f_auto,c_limit,w_300,q_auto/igashop/images/3731"
Colgate Toothpaste Optic White Purple 100g,$10.00,$10.00/100g,"https://cdn.metcash.media/image/upload/f_auto,c_limit,w_300,q_auto/igashop/images/527926"
Community Co Pumpkin Spinach & Feta Quiche 700g,$14.00,$2.00/100g,"https://cdn.metcash.media/image/upload/f_auto,c_limit,w_300,q_auto/igashop/images/388628"
Impressed Essentials Orange Juice With Pulp 425mL,$3.00,$0.71/100mL,"https://cdn.metcash.media/image/upload/f_auto,c_limit,w_300,q_auto/igashop/images/180000003595"
Black & Gold Lemon 1.25L,$1.15,$0.92/1L,"https://cdn.metcash.media/image/upload/f_auto,c_limit,w_300,q_auto/igashop/images/374263"
Tuscany Dairy Free Cheddar Block 250g,$8.85,$3.54/100g,https://www.igashop.com.au/static/default-product-image.png
Birds Eye Steam Fresh Peas Corn Carrot Mix 450g,$3.60,$0.80/100g,"https://cdn.metcash.media/image/upload/f_auto,c_limit,w_300,q_auto/igashop/images/104079"
Cadbury Scorched Sultanas 340g,$5.00,$1.47/100g,"https://cdn.metcash.media/image/upload/f_auto,c_limit,w_300,q_auto/igashop/images/181385"
Heinz Spaghetti & Sausages & Tomato Sauce 420g,$3.15,$0.75/100g,"https://cdn.metcash.media/image/upload/f_auto,c_limit,w_300,q_auto/igashop/images/362423"
Skittles Fruits Chewy Lollies Tube 30g,$1.50,$5.00/100g,https://www.igashop.com.au/static/default-product-image.png
Continental Nutrish Snack Pot Moroccan The Kazbah 80g,$3.00,$3.75/100g,"https://cdn.metcash.media/image/upload/f_auto,c_limit,w_300,q_auto/igashop/images/890560"
Streets Paddle Pop Ice Confection Frozen Treat Rainbow No Artificial Colours,$3.00,N/A,"https://cdn.metcash.media/image/upload/f_auto,c_limit,w_300,q_auto/igashop/images/180000000224"
Kraft Cheddar Cheese 250g,$5.25,$2.10/100g,"https://cdn.metcash.media/image/upload/f_auto,c_limit,w_300,q_auto/igashop/images/965755"
Band-aid Tough Strips Brand 40 Pack,$5.45,$0.14 each,"https://cdn.metcash.media/image/upload/f_auto,c_limit,w_300,q_auto/igashop/images/72057"
Duracell Coppertop Batteries AAA 4 Pack,$8.00,$2.00 each,"https://cdn.metcash.media/image/upload/f_auto,c_limit,w_300,q_auto/igashop/images/931968"
Max's Cat Litter 4kg,$9.50,$2.38/kg,"https://cdn.metcash.media/image/upload/f_auto,c_limit,w_300,q_auto/igashop/images/683866"
Mike & Ike Confectionery Mega Mix Sour V Box 120g,$4.95,$4.13/100g,https://www.igashop.com.au/static/default-product-image.png
Cadbury Old Gold Peanut Brittle 175g,$8.00,$4.57/100g,"https://cdn.metcash.media/image/upload/f_auto,c_limit,w_300,q_auto/igashop/images/215618"
Nestlé Sunshine Milk Powder Full Cream 400g,$8.85,$2.21/100g,"https://cdn.metcash.media/image/upload/f_auto,c_limit,w_300,q_auto/igashop/images/355471"
Playette Blankie Friend Assorted,$12.60,N/A,https://www.igashop.com.au/static/default-product-image.png
Pitango Organic Minestrone Soup 600g,$7.45,$1.24/100g,"https://cdn.metcash.media/image/upload/f_auto,c_limit,w_300,q_auto/igashop/images/150000000091"
Diet Rite Cordial Fruit Cocktail 1L,$3.50,$3.50/1L,"https://cdn.metcash.media/image/upload/f_auto,c_limit,w_300,q_auto/igashop/images/861074"
Ines Rosa Olive Oil Tortilla 180g,$7.50,$4.17/100g,"https://cdn.metcash.media/image/upload/f_auto,c_limit,w_300,q_auto/igashop/images/649870"
Vicks VapoDrops Xtra Strong Lemon Menthol Blast 16 Pack,$8.65,$0.54 each,"https://cdn.metcash.media/image/upload/f_auto,c_limit,w_300,q_auto/igashop/images/190000010416"
Lindt Gold Bunny Easter Milk Chocolate 10g,$1.80,$18.00/100g,"https://cdn.metcash.media/image/upload/f_auto,c_limit,w_300,q_auto/igashop/images/165960"
Primo Duos Cabanossi & Cheese 40g,$2.70,$6.75/100g,"https://cdn.metcash.media/image/upload/f_auto,c_limit,w_300,q_auto/igashop/images/737411"
Old El Paso Gluten Free Mild 8 Soft Taco Kit 418g,$9.50,$2.27/100g,"https://cdn.metcash.media/image/upload/f_auto,c_limit,w_300,q_auto/igashop/images/945226"
Cobs Drizzl'D Popcorn Dark Salt 70g,$4.50,$6.43/100g,"https://cdn.metcash.media/image/upload/f_auto,c_limit,w_300,q_auto/igashop/images/190994"
Cadbury Caramello Egg Bag 117g,$7.50,$6.41/100g,"https://cdn.metcash.media/image/upload/f_auto,c_limit,w_300,q_auto/igashop/images/898657"
Europe Chocolate Bitesize Summer Roll Bags 150g,$3.50,$2.33/100g,"https://cdn.metcash.media/image/upload/f_auto,c_limit,w_300,q_auto/igashop/images/158183"
Australia's Own Kid's Milk Strawberry 6 Pack,$6.20,$1.03 each,"https://cdn.metcash.media/image/upload/f_auto,c_limit,w_300,q_auto/igashop/images/452184"
Sensodyne Sens & Enamel Whitening 100g,$12.30,$12.30/100g,https://www.igashop.com.au/static/default-product-image.png
Wild Breads Maison Milk Bun 150g,$3.99,$2.66/100g,"https://cdn.metcash.media/image/upload/f_auto,c_limit,w_300,q_auto/igashop/images/599211"
CSR Icing Sugar Soft Mixture 500g,$2.50,$0.50/100g,"https://cdn.metcash.media/image/upload/f_auto,c_limit,w_300,q_auto/igashop/images/404932"
Waxworks Mozzie Coils With Terracotta Holder 6 Pack,$9.00,$1.50 each,"https://cdn.metcash.media/image/upload/f_auto,c_limit,w_300,q_auto/igashop/images/259984"
Sistema Klip It Plus Rectangle 2.2L,$4.40,N/A,"https://cdn.metcash.media/image/upload/f_auto,c_limit,w_300,q_auto/igashop/images/897960"
Pauls Full Cream White Milk 1L,$2.95,$2.95/1L,"https://cdn.metcash.media/image/upload/f_auto,c_limit,w_300,q_auto/igashop/images/161000"
Sorbent Double Length Toilet Tissue 4 Pack,$5.50,$1.38 each,"https://cdn.metcash.media/image/upload/f_auto,c_limit,w_300,q_auto/igashop/images/779390"
Bic Soleil Razor CoL'Oreal Collection 8 Pack,$6.25,$0.78 each,"https://cdn.metcash.media/image/upload/f_auto,c_limit,w_300,q_auto/igashop/images/678808"
Queen Natural Vanilla Concentrated Extract 50mL,$6.50,$13.00/100mL,"https://cdn.metcash.media/image/upload/f_auto,c_limit,w_300,q_auto/igashop/images/384721"
MasterFoods Hot English Mustard 175g,$3.30,$1.89/100g,"https://cdn.metcash.media/image/upload/f_auto,c_limit,w_300,q_auto/igashop/images/343204"
Energizer Max AAA Batteries 14 Pack,$14.30,$1.02 each,"https://cdn.metcash.media/image/upload/f_auto,c_limit,w_300,q_auto/igashop/images/824873"
D'Orsogna Maple Glazed Streaky Bacon 200g,$7.00,$3.50/100g,"https://cdn.metcash.media/image/upload/f_auto,c_limit,w_300,q_auto/igashop/images/20000002237"
Paul Newman's Own Dressings Creamy Caesar 250mL,$4.50,$1.80/100mL,"https://cdn.metcash.media/image/upload/f_auto,c_limit,w_300,q_auto/igashop/images/190000004576"
Continental Pasta & Sauce Mushroom & Bacon 80g,$1.50,$1.88/100g,https://www.igashop.com.au/static/default-product-image.png
Yes You Can Red Velvet Cupcake Mix 450g,$7.80,$1.73/100g,"https://cdn.metcash.media/image/upload/f_auto,c_limit,w_300,q_auto/igashop/images/160000017875"
Happy Cake Co Blueberry Slice 500g,$8.20,$1.64/100g,https://www.igashop.com.au/static/default-product-image.png
Allen's Jaffas Gift Box 180g,$12.25,$6.81/100g,"https://cdn.metcash.media/image/upload/f_auto,c_limit,w_300,q_auto/igashop/images/180000004489"
Vicks Vaporub Xtra Strong 50g,$11.90,$23.80/100g,"https://cdn.metcash.media/image/upload/f_auto,c_limit,w_300,q_auto/igashop/images/161796"
Jen's Traditional Freckle Face Biscuits 300g,$10.50,$3.50/100g,https://www.igashop.com.au/static/default-product-image.png
Organic Care Naturals Hard Gel Extreme Hold 250g,$2.95,$1.18/100g,"https://cdn.metcash.media/image/upload/f_auto,c_limit,w_300,q_auto/igashop/images/972809"
Golden Days Fruit Snacks Fruit Salad Bites 175g,$5.10,$2.91/100g,"https://cdn.metcash.media/image/upload/f_auto,c_limit,w_300,q_auto/igashop/images/688227"
Continental Cup A Soup Italian Minestrone 52g,$2.50,$4.81/100g,"https://cdn.metcash.media/image/upload/f_auto,c_limit,w_300,q_auto/igashop/images/134710"
Golden Circle Fruit Juices Grape Juice 2L,$4.80,$2.40/1L,"https://cdn.metcash.media/image/upload/f_auto,c_limit,w_300,q_auto/igashop/images/190000003655"
Smply Tasty Mac And Cheese 800g,$17.95,$2.24/100g,https://www.igashop.com.au/static/default-product-image.png
Food Guru Wing Can Opener,$3.00,N/A,"https://cdn.metcash.media/image/upload/f_auto,c_limit,w_300,q_auto/igashop/images/832889"
Fancy Feast Adult Petit Cuisine Chicken and Turkey Grilled Wet Cat Food 6 Pack,$5.50,$0.92 each,"https://cdn.metcash.media/image/upload/f_auto,c_limit,w_300,q_auto/igashop/images/190000000319"
Dilmah Premium Ceylon Tea Bag 25 Pack,$2.34,$0.09 each,"https://cdn.metcash.media/image/upload/f_auto,c_limit,w_300,q_auto/igashop/images/625363"
Empire Food Co Vegetable Pizza 600g,$12.00,$2.00/100g,"https://cdn.metcash.media/image/upload/f_auto,c_limit,w_300,q_auto/igashop/images/20000006393"
Dilmah Iced Tea Blood Orange 330mL,$4.10,$1.24/100mL,https://www.igashop.com.au/static/default-product-image.png
Whiskas 1+ Dry Cat Food Chicken & Rabbit Flavours 3kg,$17.50,$5.83/kg,"https://cdn.metcash.media/image/upload/f_auto,c_limit,w_300,q_auto/igashop/images/150000006395"
Continental Pasta & Sauce Sour Cream & Chives 85g,$3.00,$3.53/100g,"https://cdn.metcash.media/image/upload/f_auto,c_limit,w_300,q_auto/igashop/images/48985"
Voss Still Water 800mL,$5.70,$0.71/100mL,"https://cdn.metcash.media/image/upload/f_auto,c_limit,w_300,q_auto/igashop/images/613057"
Busy Bees Raspberry & White Choc Biscuits 195g,$7.50,$3.85/100g,"https://cdn.metcash.media/image/upload/f_auto,c_limit,w_300,q_auto/igashop/images/160000012734"
Christmas Festive Novelty Headband,$1.00,N/A,"https://cdn.metcash.media/image/upload/f_auto,c_limit,w_300,q_auto/igashop/images/279829"
Nestlé Carnation Lite Cooking Cream 300mL,$3.50,$1.17/100mL,"https://cdn.metcash.media/image/upload/f_auto,c_limit,w_300,q_auto/igashop/images/20000002206"
Sunbites Grainwaves Sour Cream & Chives 176g,$4.50,$2.56/100g,https://www.igashop.com.au/static/default-product-image.png
Bakers Maison Banh Mi Rolls 140g,$2.65,$1.89/100g,https://www.igashop.com.au/static/default-product-image.png
Coca-Cola Zero Sugar Soft Drink Mini Can 250mL,$2.45,$0.98/100mL,"https://cdn.metcash.media/image/upload/f_auto,c_limit,w_300,q_auto/igashop/images/848673"
Listerine Citrus Fruits 500mL,$6.50,$1.30/100mL,"https://cdn.metcash.media/image/upload/f_auto,c_limit,w_300,q_auto/igashop/images/522269"
Western Star Spreadable Soft 'N' Less Salt 500g,$7.90,$1.58/100g,"https://cdn.metcash.media/image/upload/f_auto,c_limit,w_300,q_auto/igashop/images/145737"
Lean Cuisine Green Chicken Curry With Rice 280g,$6.00,$2.14/100g,https://www.igashop.com.au/static/default-product-image.png
Terry's Chocolate Orange Milk Ball 145g,$8.00,$5.52/100g,"https://cdn.metcash.media/image/upload/f_auto,c_limit,w_300,q_auto/igashop/images/1800000069015"
Ben's Originals Coconut Chilli and Lemongrass Microwave Rice Pouch 250g,$2.00,$0.80/100g,"https://cdn.metcash.media/image/upload/f_auto,c_limit,w_300,q_auto/igashop/images/9310012060321"
Lolly Bag Mixed 100g,$2.20,$2.20/100g,https://www.igashop.com.au/static/default-product-image.png
San Remo Filled Gnocchi Tomato & Ricotta 400g,$5.40,$1.35/100g,https://www.igashop.com.au/static/default-product-image.png
Pepsi Cola Soft Drink 30 Pack,$25.00,$0.83 each,"https://cdn.metcash.media/image/upload/f_auto,c_limit,w_300,q_auto/igashop/images/1800000067776"
Voltaren Emulgel 20g,$8.25,$41.25/100g,"https://cdn.metcash.media/image/upload/f_auto,c_limit,w_300,q_auto/igashop/images/90474"
Green's Baking Mix Chocolate Pudding 260g,$5.60,$2.15/100g,"https://cdn.metcash.media/image/upload/f_auto,c_limit,w_300,q_auto/igashop/images/359815_1"
Sistema Klip It 3 Pack,$7.75,$2.58 each,"https://cdn.metcash.media/image/upload/f_auto,c_limit,w_300,q_auto/igashop/images/897724"
Natures Organics Turning Point 2-in-1 Normal 400mL,$2.70,$0.68/100mL,"https://cdn.metcash.media/image/upload/f_auto,c_limit,w_300,q_auto/igashop/images/423127"
Magnum Dulce De Leche Frozen Mini Ice Cream Dessert Sticks 6 Pack,$12.00,$2.00 each,"https://cdn.metcash.media/image/upload/f_auto,c_limit,w_300,q_auto/igashop/images/977192"
Equal Low Calorie Sweetener Tablets 100 Pack,$4.20,$0.04 each,"https://cdn.metcash.media/image/upload/f_auto,c_limit,w_300,q_auto/igashop/images/55306"
Ratsak Naturals Rodenticide Pellets 100g,$11.50,$11.50/100g,https://www.igashop.com.au/static/default-product-image.png
Nong Shim Shin Cup Noodle Soup 68g,$2.50,$3.68/100g,"https://cdn.metcash.media/image/upload/f_auto,c_limit,w_300,q_auto/igashop/images/190000001319"
Stingose Antiseptic Spray 25mL,$8.95,$35.80/100mL,"https://cdn.metcash.media/image/upload/f_auto,c_limit,w_300,q_auto/igashop/images/380476"
Red Rock Deli Sweet Chilli & Sour Cream Chips 165g,$6.00,$3.64/100g,"https://cdn.metcash.media/image/upload/f_auto,c_limit,w_300,q_auto/igashop/images/24025"
Pauls Full Cream Milk 500mL,$2.10,$0.42/100mL,"https://cdn.metcash.media/image/upload/f_auto,c_limit,w_300,q_auto/igashop/images/190000004733"
Prime Pantry Chicken Jerky 100g,$9.00,$9.00/100g,"https://cdn.metcash.media/image/upload/f_auto,c_limit,w_300,q_auto/igashop/images/968193"
Sakata Wholegrain Original Rice Crackers 80g,$2.50,$3.13/100g,"https://cdn.metcash.media/image/upload/f_auto,c_limit,w_300,q_auto/igashop/images/675533"
King Island Dairy Stokes Point Smoked Cheddar Cheese 170g,$10.95,$6.44/100g,"https://cdn.metcash.media/image/upload/f_auto,c_limit,w_300,q_auto/igashop/images/993559"
John West Tuna Beans Capsicum Corn & Chilli 185g,$4.60,$2.49/100g,"https://cdn.metcash.media/image/upload/f_auto,c_limit,w_300,q_auto/igashop/images/405894"
Carmans Protein Bars Coconut Yoghurt & Roasted Nut 200g,$8.50,$4.25/100g,"https://cdn.metcash.media/image/upload/f_auto,c_limit,w_300,q_auto/igashop/images/641518"
Maybelline Lash Sensational Sky High Washable 9.5mL,$26.00,$273.68/100mL,"https://cdn.metcash.media/image/upload/f_auto,c_limit,w_300,q_auto/igashop/images/966866"
Kiddylicious Wafers Raspberry 16g,$2.85,$17.81/100g,"https://cdn.metcash.media/image/upload/f_auto,c_limit,w_300,q_auto/igashop/images/294573"
The Fix Cold Pressed Juice Summer Fix 250mL,$4.20,$1.68/100mL,"https://cdn.metcash.media/image/upload/f_auto,c_limit,w_300,q_auto/igashop/images/735168"
Christmas Advent Calendar 90g,$4.50,$5.00/100g,"https://cdn.metcash.media/image/upload/f_auto,c_limit,w_300,q_auto/igashop/images/596292"
TRESemmé Conditioner Salon Silk 900mL,$10.50,$1.17/100mL,"https://cdn.metcash.media/image/upload/f_auto,c_limit,w_300,q_auto/igashop/images/359823"
Manicare Precision Tweezers Pink,$13.50,N/A,"https://cdn.metcash.media/image/upload/f_auto,c_limit,w_300,q_auto/igashop/images/160000002632"
Dandy Middle Bacon 1kg,$11.50,$11.50/kg,"https://cdn.metcash.media/image/upload/f_auto,c_limit,w_300,q_auto/igashop/images/177815"
Norco Real Iced Chocolate Ultimate 750mL,$4.60,$0.61/100mL,"https://cdn.metcash.media/image/upload/f_auto,c_limit,w_300,q_auto/igashop/images/190000004026"
Arnott's Vita-Weat Cracker Sesame & Poppy Seeds 130g,$2.00,$1.54/100g,"https://cdn.metcash.media/image/upload/f_auto,c_limit,w_300,q_auto/igashop/images/10767"
SKARA Chorizo Salami 100g,$8.95,$8.95/100g,"https://cdn.metcash.media/image/upload/f_auto,c_limit,w_300,q_auto/igashop/images/190000005111"
Vittoria Espresso Ground Coffee 500g,$30.50,$6.10/100g,"https://cdn.metcash.media/image/upload/f_auto,c_limit,w_300,q_auto/igashop/images/900030"
Western Star Chef's Choice Unsalted Cultured Butter 500g,$8.90,$1.78/100g,"https://cdn.metcash.media/image/upload/f_auto,c_limit,w_300,q_auto/igashop/images/195091"
Birds Eye Deli Roast Mixed Veg 600g,$7.00,$1.17/100g,"https://cdn.metcash.media/image/upload/f_auto,c_limit,w_300,q_auto/igashop/images/127988"
Queen Dr Oetker Ready To Roll Icing White 600g,$6.00,$1.00/100g,"https://cdn.metcash.media/image/upload/f_auto,c_limit,w_300,q_auto/igashop/images/677909"
Pauls Plus Chocolate Flavoured Milk 400mL,$4.40,$1.10/100mL,"https://cdn.metcash.media/image/upload/f_auto,c_limit,w_300,q_auto/igashop/images/180000006365"
Nice & Natural Deluxe Protein Bars Almond & Chocolate 200g,$5.00,$2.50/100g,"https://cdn.metcash.media/image/upload/f_auto,c_limit,w_300,q_auto/igashop/images/180000004830"
ZoOSh Prawn & Crab Dip 185g,$3.55,$1.92/100g,"https://cdn.metcash.media/image/upload/f_auto,c_limit,w_300,q_auto/igashop/images/164095"
Dove Conditioner Daily Care 820mL,$8.50,$1.04/100mL,"https://cdn.metcash.media/image/upload/f_auto,c_limit,w_300,q_auto/igashop/images/513922"
Family Favourites Party Mix 1kg,$13.00,$13.00/kg,"https://cdn.metcash.media/image/upload/f_auto,c_limit,w_300,q_auto/igashop/images/86768"
Black & Gold Toilet Roll 2ply 4 Pack,$3.10,$0.78 each,"https://cdn.metcash.media/image/upload/f_auto,c_limit,w_300,q_auto/igashop/images/705333"
Cadbury Christmas Friend 20g,$1.00,$5.00/100g,https://www.igashop.com.au/static/default-product-image.png
Grinders Crema Coffee Beans 1kg,$32.00,$32.00/kg,"https://cdn.metcash.media/image/upload/f_auto,c_limit,w_300,q_auto/igashop/images/473952"
Schmackos Mini Strapz Puppy Chicken And Milk 120g,$5.00,$4.17/100g,https://www.igashop.com.au/static/default-product-image.png
Huggies Drynites Bed Mats 7 Pack,$11.20,$1.60 each,"https://cdn.metcash.media/image/upload/f_auto,c_limit,w_300,q_auto/igashop/images/331016"
My Muscle Chef Butter Chicken With Saffron Pilaf 360g,$11.95,$3.32/100g,"https://cdn.metcash.media/image/upload/f_auto,c_limit,w_300,q_auto/igashop/images/568325"
Armor All Air Freshener Card Frangipani,$2.30,N/A,"https://cdn.metcash.media/image/upload/f_auto,c_limit,w_300,q_auto/igashop/images/222136"
Oreo Original Sandwich Biscuit Family Pack 358g,$4.50,$1.26/100g,"https://cdn.metcash.media/image/upload/f_auto,c_limit,w_300,q_auto/igashop/images/673573"
Marvels Popcorn Original Glazed Donut 100g,$4.30,$4.30/100g,"https://cdn.metcash.media/image/upload/f_auto,c_limit,w_300,q_auto/igashop/images/1800000070734"
"Heinz 8 Months+ Apple, Blueberry & Strawberry 120g",$1.50,$1.25/100g,"https://cdn.metcash.media/image/upload/f_auto,c_limit,w_300,q_auto/igashop/images/69583"
Quorn Gluten Free Pieces 300g,$7.50,$2.50/100g,"https://cdn.metcash.media/image/upload/f_auto,c_limit,w_300,q_auto/igashop/images/251936"
Latina Fresh Lasagna Ravioli 625g,$8.00,$1.28/100g,"https://cdn.metcash.media/image/upload/f_auto,c_limit,w_300,q_auto/igashop/images/180000006446"
Steggles Frozen Turkey Breast Roast 1kg,$6.50,$6.50/kg,"https://cdn.metcash.media/image/upload/f_auto,c_limit,w_300,q_auto/igashop/images/102153"
Leggo's Pesto Traditional Basil 190g,$4.50,$2.37/100g,"https://cdn.metcash.media/image/upload/f_auto,c_limit,w_300,q_auto/igashop/images/663866"
Chobani No Sugar Added Greek Yoghurt Strawberry 680g,$6.80,$1.00/100g,"https://cdn.metcash.media/image/upload/f_auto,c_limit,w_300,q_auto/igashop/images/160000018311"
Gillette Venus Comfortglide White Tea Women's Razor Handle 2 Pack,$18.00,$9.00 each,"https://cdn.metcash.media/image/upload/f_auto,c_limit,w_300,q_auto/igashop/images/160000006055"
"Rafferty's Garden Food 4 Months+ Banana, Pear & Mango 120g",$2.15,$1.79/100g,"https://cdn.metcash.media/image/upload/f_auto,c_limit,w_300,q_auto/igashop/images/350560"
Enzo's Meat Lasagna Small 360g,$10.95,$3.04/100g,"https://cdn.metcash.media/image/upload/f_auto,c_limit,w_300,q_auto/igashop/images/190000000969"
Vitasoy Almond Milky 1L,$2.00,$2.00/1L,"https://cdn.metcash.media/image/upload/f_auto,c_limit,w_300,q_auto/igashop/images/433339"
Community Co Butter Chicken With Rice 350g,$10.00,$2.86/100g,"https://cdn.metcash.media/image/upload/f_auto,c_limit,w_300,q_auto/igashop/images/231915"
Mainland Buttersoft Salt Reduced Spreadable Butter 375g,$9.90,$2.64/100g,"https://cdn.metcash.media/image/upload/f_auto,c_limit,w_300,q_auto/igashop/images/168222"
KR Castlemaine Bacon Middle Rasher Rindless 2.5kg,$19.40,$7.76/kg,https://www.igashop.com.au/static/default-product-image.png
Tyrrell's Chips Cheddar & Chives 165g,$3.80,$2.30/100g,"https://cdn.metcash.media/image/upload/f_auto,c_limit,w_300,q_auto/igashop/images/160000017707"
Dilmah Extra Strength Tea Bags 50 Pack,$4.80,$0.10 each,"https://cdn.metcash.media/image/upload/f_auto,c_limit,w_300,q_auto/igashop/images/332805"
Campbell's Tartan Scottie Dogs 150g,$17.00,$11.33/100g,"https://cdn.metcash.media/image/upload/f_auto,c_limit,w_300,q_auto/igashop/images/204968"
BIC Intensity Bold Black,$3.50,N/A,"https://cdn.metcash.media/image/upload/f_auto,c_limit,w_300,q_auto/igashop/images/812156"
Fussy Cat Indoor Dry Cat Food 500g,$6.50,$1.30/100g,https://www.igashop.com.au/static/default-product-image.png
Cadbury Picnic Cookie 46g,$3.00,$6.52/100g,"https://cdn.metcash.media/image/upload/f_auto,c_limit,w_300,q_auto/igashop/images/180000005354"
Pauls Full Cream Milk 3L,$6.80,$2.27/1L,"https://cdn.metcash.media/image/upload/f_auto,c_limit,w_300,q_auto/igashop/images/174574"
Fanta Orange Zero Sugar Soft Drink Multipack Bottles 12 Pack,$12.00,$1.00 each,"https://cdn.metcash.media/image/upload/f_auto,c_limit,w_300,q_auto/igashop/images/580254"
Sandhurst White Asparagus 330g,$5.95,$1.80/100g,"https://cdn.metcash.media/image/upload/f_auto,c_limit,w_300,q_auto/igashop/images/5920"
Nescafe Ready to Drink Mocha 250mL,$3.50,$1.40/100mL,"https://cdn.metcash.media/image/upload/f_auto,c_limit,w_300,q_auto/igashop/images/160000013903"
Whole Red Cabbage,$7.95,N/A,"https://cdn.metcash.media/image/upload/f_auto,c_limit,w_300,q_auto/igashop/images/80050122"
The Bar Counter High Protein Chocolate Brownie 40g,$4.00,$10.00/100g,"https://cdn.metcash.media/image/upload/f_auto,c_limit,w_300,q_auto/igashop/images/344323"
Dilmah Premium Tea Bags 50 Pack,$4.50,$0.09 each,"https://cdn.metcash.media/image/upload/f_auto,c_limit,w_300,q_auto/igashop/images/681042"
Community Co Crunchy Noodle Salad Kit 450g,$4.50,$1.00/100g,"https://cdn.metcash.media/image/upload/f_auto,c_limit,w_300,q_auto/igashop/images/170000004668"
Norco Double Shot Real Iced Coffee 500mL,$3.20,$0.64/100mL,"https://cdn.metcash.media/image/upload/f_auto,c_limit,w_300,q_auto/igashop/images/190000004036"
V Refresh Energy Drink Green Apple Lemonade 4 Pack,$16.75,$4.19 each,"https://cdn.metcash.media/image/upload/f_auto,c_limit,w_300,q_auto/igashop/images/180000002898"
Norsca Aloe Vera Lemon Myrtle Anti-Perspirant Deodorant 130g,$4.25,$3.27/100g,https://www.igashop.com.au/static/default-product-image.png
Bega Cream Cheese Spread Original 500g,$7.00,$1.40/100g,"https://cdn.metcash.media/image/upload/f_auto,c_limit,w_300,q_auto/igashop/images/527507"
Carman's Original Fruit Free Muesli Bars 6 Pack,$6.00,$1.00 each,"https://cdn.metcash.media/image/upload/f_auto,c_limit,w_300,q_auto/igashop/images/975577"
Violet Crumble Choc Honeycomb Peppermint 130g,$6.00,$4.62/100g,https://www.igashop.com.au/static/default-product-image.png
Dove Beauty Cream Bar Original Soap 4 Pack,$4.75,$1.19 each,"https://cdn.metcash.media/image/upload/f_auto,c_limit,w_300,q_auto/igashop/images/618471"
Bickford's Cordial Pink Grape Fruit 750mL,$5.00,$0.67/100mL,"https://cdn.metcash.media/image/upload/f_auto,c_limit,w_300,q_auto/igashop/images/670672"
Quilton Ecoply 3 Ply Toilet Tissue 10 Pack,$8.90,$0.89 each,https://www.igashop.com.au/static/default-product-image.png
Smarties Giant Tube 120g,$6.30,$5.25/100g,"https://cdn.metcash.media/image/upload/f_auto,c_limit,w_300,q_auto/igashop/images/150000007943"
Black & Gold Shaving Foam 250g,$3.00,$1.20/100g,"https://cdn.metcash.media/image/upload/f_auto,c_limit,w_300,q_auto/igashop/images/51938"
Cenovis Women's Multi + Energy Boost 50 Pack,$20.90,$0.42 each,"https://cdn.metcash.media/image/upload/f_auto,c_limit,w_300,q_auto/igashop/images/676694"
Energizer A76 1.5V Alkaline Batteries 2 Pack,$8.00,$4.00 each,"https://cdn.metcash.media/image/upload/f_auto,c_limit,w_300,q_auto/igashop/images/20000007330"
Youfoodz Chocolate Brownie Bites Twin Pack 80g,$5.00,$6.25/100g,"https://cdn.metcash.media/image/upload/f_auto,c_limit,w_300,q_auto/igashop/images/485530"
Birds Eye Deli Scalloped Potato With Paprika 600g,$6.80,$1.13/100g,"https://cdn.metcash.media/image/upload/f_auto,c_limit,w_300,q_auto/igashop/images/180000005057"
Smith's Crinkle Sizzling Steak & Onion Potato Chips 150g,$4.80,$3.20/100g,"https://cdn.metcash.media/image/upload/f_auto,c_limit,w_300,q_auto/igashop/images/463172"
Celsius Sunset Vibe Sparkling Mango Passionfruit Flavour 330mL,$4.00,$1.21/100mL,"https://cdn.metcash.media/image/upload/f_auto,c_limit,w_300,q_auto/igashop/images/1800000070574"
Palmolive Aromatherapy Anti-stress Body Wash Ylang Ylang & Iris 500mL,$4.50,$0.90/100mL,"https://cdn.metcash.media/image/upload/f_auto,c_limit,w_300,q_auto/igashop/images/334394"
Bluey Milk Chocolate Christmas Character 20g,$0.50,$2.50/100g,https://www.igashop.com.au/static/default-product-image.png
Earthwise Orange & Eucalyptus Laundry Liquid 4L,$34.00,$8.50/1L,"https://cdn.metcash.media/image/upload/f_auto,c_limit,w_300,q_auto/igashop/images/180000002754"
Cadbury Dairy Milk with Pascall Clinkers Chocolate Block 170g,$4.00,$2.35/100g,"https://cdn.metcash.media/image/upload/f_auto,c_limit,w_300,q_auto/igashop/images/405399"
Chobani Greek Yoghurt Tropical 160g,$2.70,$1.69/100g,"https://cdn.metcash.media/image/upload/f_auto,c_limit,w_300,q_auto/igashop/images/160000018302"
SKARA Smoked Flat Pancetta 100g,$8.50,$8.50/100g,"https://cdn.metcash.media/image/upload/f_auto,c_limit,w_300,q_auto/igashop/images/190000005110"
Coca-Cola Vanilla Soft Drink Can 250mL,$2.45,$0.98/100mL,"https://cdn.metcash.media/image/upload/f_auto,c_limit,w_300,q_auto/igashop/images/187108"
Youfoodz Fuel'd BBQ Beef & Mash 450g,$10.80,$2.40/100g,"https://cdn.metcash.media/image/upload/f_auto,c_limit,w_300,q_auto/igashop/images/150000007625"
Pope 2 Hour Tap Timer,$16.90,N/A,"https://cdn.metcash.media/image/upload/f_auto,c_limit,w_300,q_auto/igashop/images/708323"
Community Co Chicken Poppers 400g,$9.00,$2.25/100g,"https://cdn.metcash.media/image/upload/f_auto,c_limit,w_300,q_auto/igashop/images/_984709"
"McCain Mixed Vegetables Peas, Corns & Carrots 500g",$4.50,$0.90/100g,"https://cdn.metcash.media/image/upload/f_auto,c_limit,w_300,q_auto/igashop/images/146034"
Method Cleaner All Purpose Antibacterial Wild Rhubarb 490mL,$5.00,$1.02/100mL,"https://cdn.metcash.media/image/upload/f_auto,c_limit,w_300,q_auto/igashop/images/726355"
Fountain Thick Mint Sauce 250mL,$3.80,$1.52/100mL,"https://cdn.metcash.media/image/upload/f_auto,c_limit,w_300,q_auto/igashop/images/615724"
Sard Super Power Stain Remover Spray Our Strongest Stain Remover Spray 420mL,$4.00,$0.95/100mL,"https://cdn.metcash.media/image/upload/f_auto,c_limit,w_300,q_auto/igashop/images/20000006304"
The Natural Confectionery Co. Dinosaurs 220g,$3.50,$1.59/100g,"https://cdn.metcash.media/image/upload/f_auto,c_limit,w_300,q_auto/igashop/images/696157"
Johnson's Baby Conditioning Shampoo 500mL,$10.00,$2.00/100mL,"https://cdn.metcash.media/image/upload/f_auto,c_limit,w_300,q_auto/igashop/images/160000010818"
Purina One Adult Pet Food Ocean Fish Multipack 70g,$11.80,$16.86/100g,"https://cdn.metcash.media/image/upload/f_auto,c_limit,w_300,q_auto/igashop/images/695046"
Trident Dates Pitted 250g,$2.90,$1.16/100g,"https://cdn.metcash.media/image/upload/f_auto,c_limit,w_300,q_auto/igashop/images/20000002499"
Enoki Mushrooms 300g,$4.90,$1.63/100g,https://www.igashop.com.au/static/default-product-image.png
Bluebird Originals Potato Chips Green Onion 150g,$4.80,$3.20/100g,"https://cdn.metcash.media/image/upload/f_auto,c_limit,w_300,q_auto/igashop/images/190000005220"
Jack Hammer Door Wedge Jumbo,$2.00,N/A,"https://cdn.metcash.media/image/upload/f_auto,c_limit,w_300,q_auto/igashop/images/213093"
Ben's Original Taste of Takeaway PeriPeri Microwave Rice Pouch 240g,$2.00,$0.83/100g,"https://cdn.metcash.media/image/upload/f_auto,c_limit,w_300,q_auto/igashop/images/190000005254"
Kellogg's LCM's Rice Bubbles Choc Chip 240g,$7.50,$3.13/100g,"https://cdn.metcash.media/image/upload/f_auto,c_limit,w_300,q_auto/igashop/images/263221"
Goodman Fielder Pies Pepper 380g,$17.80,$4.68/100g,https://www.igashop.com.au/static/default-product-image.png
Dine Slices With Tender Turkey In Gravy 7 Pack,$8.00,$1.14 each,"https://cdn.metcash.media/image/upload/f_auto,c_limit,w_300,q_auto/igashop/images/49643"
Nutty Bruce Salted Caramel Nut Butter Balls 70g,$2.99,$4.27/100g,"https://cdn.metcash.media/image/upload/f_auto,c_limit,w_300,q_auto/igashop/images/7274"
Active Expert Laundry Liquid 2L,$6.00,$3.00/1L,"https://cdn.metcash.media/image/upload/f_auto,c_limit,w_300,q_auto/igashop/images/329182"
Hans Spanish Chorizo Deli 250g,$9.05,$3.62/100g,"https://cdn.metcash.media/image/upload/f_auto,c_limit,w_300,q_auto/igashop/images/1800000070771"
G-FRESH Mustard Seeds Yellow 135g,$4.13,$3.06/100g,"https://cdn.metcash.media/image/upload/f_auto,c_limit,w_300,q_auto/igashop/images/918839"
Darlac Tool Telescopic Edging Shears,$56.95,N/A,"https://cdn.metcash.media/image/upload/f_auto,c_limit,w_300,q_auto/igashop/images/874695"
Libra Ultra Thin Pads Super with Wings 12 Pack,$6.50,$0.54 each,"https://cdn.metcash.media/image/upload/f_auto,c_limit,w_300,q_auto/igashop/images/57023"
Community Co Baby Spinach & Rocket 100g,$2.70,$2.70/100g,"https://cdn.metcash.media/image/upload/f_auto,c_limit,w_300,q_auto/igashop/images/685850"
Streets Golden Gaytime Ice Cream Bites 16 Pack,$11.00,$0.69 each,"https://cdn.metcash.media/image/upload/f_auto,c_limit,w_300,q_auto/igashop/images/571378"
Ayam Chilli Sauce Hot 275mL,$4.00,$1.45/100mL,"https://cdn.metcash.media/image/upload/f_auto,c_limit,w_300,q_auto/igashop/images/160000012222"
Youfoodz Fuel'D Beef Stroganoff 405g,$10.80,$2.67/100g,https://www.igashop.com.au/static/default-product-image.png
Bragg Seasoning Nutritional Yeast 127g,$19.95,$15.71/100g,"https://cdn.metcash.media/image/upload/f_auto,c_limit,w_300,q_auto/igashop/images/800117"
Life Savers Bananas 160g,$2.50,$1.56/100g,"https://cdn.metcash.media/image/upload/f_auto,c_limit,w_300,q_auto/igashop/images/150000008029"
Musashi Energy Bar Peanut Butter 58g,$4.90,$8.45/100g,"https://cdn.metcash.media/image/upload/f_auto,c_limit,w_300,q_auto/igashop/images/180000002795"
Poise Thin & Discreet Ultra Long Pads,$6.50,N/A,"https://cdn.metcash.media/image/upload/f_auto,c_limit,w_300,q_auto/igashop/images/150000000159"
Haribo Happy Cherries,$2.00,N/A,"https://cdn.metcash.media/image/upload/f_auto,c_limit,w_300,q_auto/igashop/images/628549"
Oakwood Everyday Leather Wipes 170mm x 300mm 20 Pack,$5.55,$0.28 each,"https://cdn.metcash.media/image/upload/f_auto,c_limit,w_300,q_auto/igashop/images/630952"
B Honey 750g,$13.90,$1.85/100g,"https://cdn.metcash.media/image/upload/f_auto,c_limit,w_300,q_auto/igashop/images/696631"
Cocobella Coconut Yoghurt Vanilla 900g,$9.50,$1.06/100g,"https://cdn.metcash.media/image/upload/f_auto,c_limit,w_300,q_auto/igashop/images/160000012120"
Purina One Adult Pet Food Dry Chicken & Rice 6kg,$35.00,$5.83/kg,"https://cdn.metcash.media/image/upload/f_auto,c_limit,w_300,q_auto/igashop/images/180000005639"
Edgell Corn Kernels 420g,$1.95,$0.46/100g,"https://cdn.metcash.media/image/upload/f_auto,c_limit,w_300,q_auto/igashop/images/393102"
Black & Gold Cat Litter 9kg,$7.35,$0.82/kg,"https://cdn.metcash.media/image/upload/f_auto,c_limit,w_300,q_auto/igashop/images/346359"
McCain's Pea's and Corn 500g,$4.50,$0.90/100g,"https://cdn.metcash.media/image/upload/f_auto,c_limit,w_300,q_auto/igashop/images/146042"
Perfect Italiano Ricotta Light Cheese 500g,$5.60,$1.12/100g,"https://cdn.metcash.media/image/upload/f_auto,c_limit,w_300,q_auto/igashop/images/160000000868"
Air Wick Botanica Non-Aerosol Air Freshener Starter Kit Vanilla Magnolia Prime 224mL,$26.00,$11.61/100mL,"https://cdn.metcash.media/image/upload/f_auto,c_limit,w_300,q_auto/igashop/images/215838"
Kellogg's Sultana Bran 700g,$9.50,$1.36/100g,"https://cdn.metcash.media/image/upload/f_auto,c_limit,w_300,q_auto/igashop/images/514795"
Bega Farmers' Tasty Natural Cheese Slices 45 Pack,$14.00,$0.31 each,"https://cdn.metcash.media/image/upload/f_auto,c_limit,w_300,q_auto/igashop/images/160000011854"
Fancy Feast Adult Medleys White Meat Chicken Florentine With Garden Greens In A Delicate Sauce Wet Cat Food 85g,$2.30,$2.71/100g,"https://cdn.metcash.media/image/upload/f_auto,c_limit,w_300,q_auto/igashop/images/412846"
Medix Electrolyte Effervescent Tablets Orange 20 Pack,$10.10,$0.51 each,"https://cdn.metcash.media/image/upload/f_auto,c_limit,w_300,q_auto/igashop/images/662501"
Community Co Baby Spinach 100g,$2.40,$2.40/100g,"https://cdn.metcash.media/image/upload/f_auto,c_limit,w_300,q_auto/igashop/images/689757"
Nestlé Milo Xtra Drinking Chocolate 395g,$8.80,$2.23/100g,"https://cdn.metcash.media/image/upload/f_auto,c_limit,w_300,q_auto/igashop/images/834831"
Herron Blue Ibuprofen Tabsules 25 Pack,$5.90,$0.24 each,"https://cdn.metcash.media/image/upload/f_auto,c_limit,w_300,q_auto/igashop/images/47654"
Colgate Interdental Size 3 Soft 8 Pack,$7.15,$0.89 each,"https://cdn.metcash.media/image/upload/f_auto,c_limit,w_300,q_auto/igashop/images/798946"
Berocca Immune Daily Defence Vitamin Supplement Orange Effervescent Tablets 30 Pack,$19.90,$0.66 each,https://www.igashop.com.au/static/default-product-image.png
Nice Rice Medium Grain White Rice 1kg,$4.50,$4.50/kg,https://www.igashop.com.au/static/default-product-image.png
Ben's Original Tex-Mex Style Brown Rice Quinoa & Beans 240g,$4.00,$1.67/100g,"https://cdn.metcash.media/image/upload/f_auto,c_limit,w_300,q_auto/igashop/images/784811"
Dynamo Professional Odour Eliminating Laundry Detergent Capsules 28 Pack,$16.00,$0.57 each,"https://cdn.metcash.media/image/upload/f_auto,c_limit,w_300,q_auto/igashop/images/20000006391"
Optimum Adult with Lamb & Rice Wet Dog Food Tray 100g,$1.90,$1.90/100g,"https://cdn.metcash.media/image/upload/f_auto,c_limit,w_300,q_auto/igashop/images/424424_1"
Continental Pasta & Sauce Bacon Carbonara 145g,$3.80,$2.62/100g,"https://cdn.metcash.media/image/upload/f_auto,c_limit,w_300,q_auto/igashop/images/1800000067480"
Nyal Paracetamol Capsules 20 Pack,$3.70,$0.19 each,"https://cdn.metcash.media/image/upload/f_auto,c_limit,w_300,q_auto/igashop/images/160000001328"
U By Kotex Brief Encased Elastic Super,$20.00,N/A,https://www.igashop.com.au/static/default-product-image.png
Black Swan Corn Relish Dip 200g,$3.90,$1.95/100g,"https://cdn.metcash.media/image/upload/f_auto,c_limit,w_300,q_auto/igashop/images/157310"
Ritter Sport White Whole Hazelnuts 100g,$6.00,$6.00/100g,"https://cdn.metcash.media/image/upload/f_auto,c_limit,w_300,q_auto/igashop/images/20000003389"
Clairol Nice N Easy Natural Light Ash Blonde 9A,$9.00,N/A,"https://cdn.metcash.media/image/upload/f_auto,c_limit,w_300,q_auto/igashop/images/34669"
Dettol Healthy Touch Instant Hand Sanitiser 200mL,$9.20,$4.60/100mL,"https://cdn.metcash.media/image/upload/f_auto,c_limit,w_300,q_auto/igashop/images/20000003250"
Smith's Extra Crunchy Potato Chips Salt And Vinegar 150g,$5.00,$3.33/100g,https://www.igashop.com.au/static/default-product-image.png
Maggi Chicken Chasseur Recipe Base 35g,$1.85,$5.29/100g,"https://cdn.metcash.media/image/upload/f_auto,c_limit,w_300,q_auto/igashop/images/626665"
Roza's Gourmet Crackers Chia & Linseed 120g,$5.00,$4.17/100g,"https://cdn.metcash.media/image/upload/f_auto,c_limit,w_300,q_auto/igashop/images/190000002466"
Dove Deodorant Roll On Original 50mL,$6.00,$12.00/100mL,"https://cdn.metcash.media/image/upload/f_auto,c_limit,w_300,q_auto/igashop/images/180000005769"
Closer To Nature Bottle 2 Pack,$22.40,$11.20 each,"https://cdn.metcash.media/image/upload/f_auto,c_limit,w_300,q_auto/igashop/images/454039"
Schick Extreme 3 Womens Sensitive Disposable Razor 4 Pack,$6.50,$1.63 each,"https://cdn.metcash.media/image/upload/f_auto,c_limit,w_300,q_auto/igashop/images/190000002950"
The Country Chef Bakery Co. Red Velvet Cupcake 240g,$7.65,$3.19/100g,https://www.igashop.com.au/static/default-product-image.png
Hercules Sustain Plant Based Kitchen Tidy Bags Medium 25 Pack,$3.70,$0.15 each,https://www.igashop.com.au/static/default-product-image.png
Yumi's Falafel Sesame 225g,$5.60,$2.49/100g,"https://cdn.metcash.media/image/upload/f_auto,c_limit,w_300,q_auto/igashop/images/2555"
Cadbury Milk Coated Scorched Peanuts 120g,$5.20,$4.33/100g,"https://cdn.metcash.media/image/upload/f_auto,c_limit,w_300,q_auto/igashop/images/1800000071703"
OMO Laundry Liquid Detergent Front & Top Loader 4L,$27.00,$6.75/1L,"https://cdn.metcash.media/image/upload/f_auto,c_limit,w_300,q_auto/igashop/images/624817"
Wokka Flat Noodle 400g,$3.00,$0.75/100g,"https://cdn.metcash.media/image/upload/f_auto,c_limit,w_300,q_auto/igashop/images/673777"
Snickers Chocolate Medium Party Share Bag 216g 12 Pack,$5.00,$0.42 each,"https://cdn.metcash.media/image/upload/f_auto,c_limit,w_300,q_auto/igashop/images/622030"
Well & Good Cheesy Mac Traditional Cheddar Flavour 110g,$5.95,$5.41/100g,"https://cdn.metcash.media/image/upload/f_auto,c_limit,w_300,q_auto/igashop/images/150000006348"
GARNIER Fructis Coconut Water Conditioner 315mL,$4.00,$1.27/100mL,"https://cdn.metcash.media/image/upload/f_auto,c_limit,w_300,q_auto/igashop/images/271868"
Black & Gold Tasty Shredded 500g,$8.30,$1.66/100g,"https://cdn.metcash.media/image/upload/f_auto,c_limit,w_300,q_auto/igashop/images/105711"
Parsons Cockles Jar 155g,$8.20,$5.29/100g,"https://cdn.metcash.media/image/upload/f_auto,c_limit,w_300,q_auto/igashop/images/190000001418"
Mentos Sugar Confectionery Fruit Share Bag 150g,$3.50,$2.33/100g,"https://cdn.metcash.media/image/upload/f_auto,c_limit,w_300,q_auto/igashop/images/180000006233"
Happy Hippie Smoothie Cleanse 350mL,$5.95,$17.00/1L,"https://cdn.metcash.media/image/upload/f_auto,c_limit,w_300,q_auto/igashop/images/89737"
Aerogard Repellents 40% Deet 300g,$18.75,$6.25/100g,"https://cdn.metcash.media/image/upload/f_auto,c_limit,w_300,q_auto/igashop/images/421879"
Devondale Unsalted Butter 500g,$8.50,$1.70/100g,"https://cdn.metcash.media/image/upload/f_auto,c_limit,w_300,q_auto/igashop/images/222513"
Deeko Sugar Cane Bowl 500ml 6 Pack,$3.75,$0.63 each,"https://cdn.metcash.media/image/upload/f_auto,c_limit,w_300,q_auto/igashop/images/180000004735"
Nescafe Coffee 98% Sugar Free Latte 26 Pack,$12.50,$0.48 each,"https://cdn.metcash.media/image/upload/f_auto,c_limit,w_300,q_auto/igashop/images/1800000067734"
Chris' Homestyle Dip Sweet Chilli 200g,$4.75,$2.38/100g,"https://cdn.metcash.media/image/upload/f_auto,c_limit,w_300,q_auto/igashop/images/785168"
Birds Eye Country Harvest Peas Corn & Carrot 1kg,$6.50,$6.50/kg,"https://cdn.metcash.media/image/upload/f_auto,c_limit,w_300,q_auto/igashop/images/198497"
Colgate Twister Deep Cleaning Toothbrush with Spiral Bristles Soft,$2.50,N/A,"https://cdn.metcash.media/image/upload/f_auto,c_limit,w_300,q_auto/igashop/images/388660"
Community Co Butter Popcorn 100g,$2.30,$2.30/100g,"https://cdn.metcash.media/image/upload/f_auto,c_limit,w_300,q_auto/igashop/images/411439"
"Carman's Gluten Free Cranberry, Honey & Cinnamon Bars 210g",$5.00,$2.38/100g,"https://cdn.metcash.media/image/upload/f_auto,c_limit,w_300,q_auto/igashop/images/93414"
Christmas Giant Yowie 250g,$6.00,$2.40/100g,"https://cdn.metcash.media/image/upload/f_auto,c_limit,w_300,q_auto/igashop/images/185821"
Arnott's Biscuits Mint Slice Family Pack 365g,$6.90,$1.89/100g,"https://cdn.metcash.media/image/upload/f_auto,c_limit,w_300,q_auto/igashop/images/637514"
Gillette Venus Extra Smooth Women's Razor Handle 2 Pack,$20.05,$10.03 each,"https://cdn.metcash.media/image/upload/f_auto,c_limit,w_300,q_auto/igashop/images/160000006061"
Schwarzkopf Live Colour Ultra Brights Pillar Box Red 75mL,$14.00,$18.67/100mL,"https://cdn.metcash.media/image/upload/f_auto,c_limit,w_300,q_auto/igashop/images/577691"
Joe's Classics Juice Apple 350mL,$3.65,$1.04/100mL,"https://cdn.metcash.media/image/upload/f_auto,c_limit,w_300,q_auto/igashop/images/20000002767"
Nerada Organics Peppermint Tea Bags 20 Pack,$4.25,$0.21 each,"https://cdn.metcash.media/image/upload/f_auto,c_limit,w_300,q_auto/igashop/images/160000012875"
INGHAM'S The Ultimate 3 Bird Roast With Cranberry And Orange Stuffing Wrapped In Bacon Lattice 1.5kg,$50.00,$33.33/kg,"https://cdn.metcash.media/image/upload/f_auto,c_limit,w_300,q_auto/igashop/images/950218"
Anchor Breadcrumbs 750g,$5.60,$0.75/100g,"https://cdn.metcash.media/image/upload/f_auto,c_limit,w_300,q_auto/igashop/images/432972"
San Remo Pasta Sauce Carbonara 400g,$6.30,$1.58/100g,"https://cdn.metcash.media/image/upload/f_auto,c_limit,w_300,q_auto/igashop/images/146673"
The Food Company Tahini 375g,$7.55,$2.01/100g,"https://cdn.metcash.media/image/upload/f_auto,c_limit,w_300,q_auto/igashop/images/20000005977"
Uncle Tobys Cheerios Wholegrain Breakfast Cereal 560g,$5.80,$1.04/100g,"https://cdn.metcash.media/image/upload/f_auto,c_limit,w_300,q_auto/igashop/images/301972"
Australian Botanical Soap Goats Milk 200g,$4.20,$2.10/100g,"https://cdn.metcash.media/image/upload/f_auto,c_limit,w_300,q_auto/igashop/images/301998"
Jack Link's Beef Jerky Sweet & Hot 50g,$6.30,$12.60/100g,"https://cdn.metcash.media/image/upload/f_auto,c_limit,w_300,q_auto/igashop/images/438232"
EASEaCOLD Tablets Day & Night 30 Pack,$15.00,$0.50 each,"https://cdn.metcash.media/image/upload/f_auto,c_limit,w_300,q_auto/igashop/images/11959"
Purina Total Care Flea Treatment Heartworm Allworm Large 3 Pack,$44.00,$14.67 each,"https://cdn.metcash.media/image/upload/f_auto,c_limit,w_300,q_auto/igashop/images/685499"
Gatorade Fast Twitch Cool Blue Energy 350mL,$4.20,$1.20/100mL,https://www.igashop.com.au/static/default-product-image.png
White King Power Clean Lemon 1L,$4.40,$4.40/1L,"https://cdn.metcash.media/image/upload/f_auto,c_limit,w_300,q_auto/igashop/images/160000018273"
Community Co Almond Flaked 120g,$5.40,$4.50/100g,"https://cdn.metcash.media/image/upload/f_auto,c_limit,w_300,q_auto/igashop/images/853306"
Moccona Freeze Dried Instant Coffee Classic Dark Roast 100g,$14.50,$14.50/100g,"https://cdn.metcash.media/image/upload/f_auto,c_limit,w_300,q_auto/igashop/images/450954"
Tamar Valley Dairy Greek Style Vanilla Bean Yoghurt 700g,$7.20,$1.03/100g,"https://cdn.metcash.media/image/upload/f_auto,c_limit,w_300,q_auto/igashop/images/901971"
Balfours Christmas Pudding 700g,$13.50,$1.93/100g,"https://cdn.metcash.media/image/upload/f_auto,c_limit,w_300,q_auto/igashop/images/151432"
Harris Smokehouse Hot Smoked Ocean Trout 150g,$13.50,$9.00/100g,"https://cdn.metcash.media/image/upload/f_auto,c_limit,w_300,q_auto/igashop/images/7969"
Ferrero Rocher Boxed Easter Egg 137.5g,$24.50,$17.82/100g,"https://cdn.metcash.media/image/upload/f_auto,c_limit,w_300,q_auto/igashop/images/190000009738"
Plumrose Skinless Cocktail Franks 400g,$5.00,$1.25/100g,"https://cdn.metcash.media/image/upload/f_auto,c_limit,w_300,q_auto/igashop/images/150000000116"
Bref Active Gel Deluxe Delicate Magnolia Toilet Cleaner Liquid 450mL,$5.00,$1.11/100mL,"https://cdn.metcash.media/image/upload/f_auto,c_limit,w_300,q_auto/igashop/images/274557"
Boost Juice Mango Sunshine Juice 350mL,$4.20,$1.20/100mL,"https://cdn.metcash.media/image/upload/f_auto,c_limit,w_300,q_auto/igashop/images/160000012059"
Royal Gala Apples 160g,Final cost based on weight,$0.78/$4.90,"https://cdn.metcash.media/image/upload/f_auto,c_limit,w_300,q_auto/igashop/images/80060076"
Pork Belly 400g,Final cost based on weight,$8.00/$20.00,"https://cdn.metcash.media/image/upload/f_auto,c_limit,w_300,q_auto/igashop/images/80080112"
Biozet Attack Front & Top Loader Regular Laundry Liquid 2L,$24.00,$12.00/1L,"https://cdn.metcash.media/image/upload/f_auto,c_limit,w_300,q_auto/igashop/images/595212"
My Muscle Chef Honey Soy Chicken With Basmati Rice & Vegetables 330g,$11.95,$3.62/100g,"https://cdn.metcash.media/image/upload/f_auto,c_limit,w_300,q_auto/igashop/images/686733"
Clif Bar Energy Bar Crunchy Peanut Butter 68g,$3.40,$5.00/100g,"https://cdn.metcash.media/image/upload/f_auto,c_limit,w_300,q_auto/igashop/images/160000012139"
Aeroplane Jelly Lite Mango Passionfruit 2 Pack,$2.50,$1.25 each,"https://cdn.metcash.media/image/upload/f_auto,c_limit,w_300,q_auto/igashop/images/180000000165"
Community Co Greek Style Fetta 200g,$3.50,$1.75/100g,https://www.igashop.com.au/static/default-product-image.png
Safcol Premium Salmon Soy & Ginger 95g,$2.00,$2.11/100g,"https://cdn.metcash.media/image/upload/f_auto,c_limit,w_300,q_auto/igashop/images/968591"
Madame Wong Tapioca Pearl 400g,$2.95,$0.74/100g,https://www.igashop.com.au/static/default-product-image.png
Rufus & Coco Clean & Chew Dental Toys,$13.20,N/A,"https://cdn.metcash.media/image/upload/f_auto,c_limit,w_300,q_auto/igashop/images/162577"
White Wings Milk Moist Chocolate Cake Mix 370g,$3.00,$0.81/100g,"https://cdn.metcash.media/image/upload/f_auto,c_limit,w_300,q_auto/igashop/images/41886"
Ozcare Instant Hand Sanitiser Spray 50mL,$16.00,$32.00/100mL,"https://cdn.metcash.media/image/upload/f_auto,c_limit,w_300,q_auto/igashop/images/160000012316"
MasterFoods Mixed Spice 30g,$3.50,$11.67/100g,"https://cdn.metcash.media/image/upload/f_auto,c_limit,w_300,q_auto/igashop/images/364844"
Fab Perfume Indulgence Gold Absolute Powder Laundry Washing Detergent 1.8kg,$9.00,$5.00/kg,"https://cdn.metcash.media/image/upload/f_auto,c_limit,w_300,q_auto/igashop/images/425860"
Fab Fresh Frangipani Laundry Powder Detergent 4kg,$9.50,$2.38/kg,"https://cdn.metcash.media/image/upload/f_auto,c_limit,w_300,q_auto/igashop/images/425742"
So Good Barista Soy Milk 1L,$3.50,$3.50/1L,"https://cdn.metcash.media/image/upload/f_auto,c_limit,w_300,q_auto/igashop/images/150000007847"
Schwarzkopf Live Colour Silver Toner 75mL,$14.00,$18.67/100mL,"https://cdn.metcash.media/image/upload/f_auto,c_limit,w_300,q_auto/igashop/images/254858"
Only Organic Baby Food Blueberry Apple Rice Cakes 20g,$2.30,$11.50/100g,"https://cdn.metcash.media/image/upload/f_auto,c_limit,w_300,q_auto/igashop/images/292466"
Mutti Sugo Semplice Parmigiano Reggiano Pasta Sauce 400g,$4.80,$1.20/100g,"https://cdn.metcash.media/image/upload/f_auto,c_limit,w_300,q_auto/igashop/images/509753"
Aegean Stamina Mix 500g,$9.90,$1.98/100g,https://www.igashop.com.au/static/default-product-image.png
Sweetworld Strawberry Fairy Floss 50g,$2.75,$5.50/100g,"https://cdn.metcash.media/image/upload/f_auto,c_limit,w_300,q_auto/igashop/images/190000003989"
Glen 20 Spray Disinfectant All-In-One Citrus Breeze 300g,$5.50,$1.83/100g,"https://cdn.metcash.media/image/upload/f_auto,c_limit,w_300,q_auto/igashop/images/13799"
Curash Gentle Shampoo & Conditioner 400mL,$7.50,$1.88/100mL,"https://cdn.metcash.media/image/upload/f_auto,c_limit,w_300,q_auto/igashop/images/584371"
Green's Original Pancake Mix Shaker 200g,$2.20,$1.10/100g,"https://cdn.metcash.media/image/upload/f_auto,c_limit,w_300,q_auto/igashop/images/601246"
Community Co Beef Meatball Penne 1kg,$13.95,$13.95/kg,"https://cdn.metcash.media/image/upload/f_auto,c_limit,w_300,q_auto/igashop/images/180000004987"
Colgate Total Floss Pick 35 Pack,$3.60,$0.10 each,"https://cdn.metcash.media/image/upload/f_auto,c_limit,w_300,q_auto/igashop/images/976007"
Eat Pasta Tagliatelle 375g,$6.50,$1.73/100g,"https://cdn.metcash.media/image/upload/f_auto,c_limit,w_300,q_auto/igashop/images/9265"
Old El Paso Soft Taco Kit Mild 10 Pack,$10.80,$1.08 each,"https://cdn.metcash.media/image/upload/f_auto,c_limit,w_300,q_auto/igashop/images/160000014010"
Birds Eye Deli Cheesy Bakes Three Cauliflower Bake 600g,$6.80,$1.13/100g,"https://cdn.metcash.media/image/upload/f_auto,c_limit,w_300,q_auto/igashop/images/180000005053"
Whole Rockmelon,$3.50,N/A,"https://cdn.metcash.media/image/upload/f_auto,c_limit,w_300,q_auto/igashop/images/80050029"
Simply Potato Chips Sour Cream & Chives 120g,$3.75,$3.13/100g,"https://cdn.metcash.media/image/upload/f_auto,c_limit,w_300,q_auto/igashop/images/539850"
Darrell Lea Liqourice Twist Milk Chocolate Raspberry 200g,$6.00,$3.00/100g,"https://cdn.metcash.media/image/upload/f_auto,c_limit,w_300,q_auto/igashop/images/459542"
Maggi Roast Meat Gravy Mix 27g,$1.25,$4.63/100g,"https://cdn.metcash.media/image/upload/f_auto,c_limit,w_300,q_auto/igashop/images/475289"
Koala Jasmine Fragrant Rice 2kg,$8.20,$4.10/kg,"https://cdn.metcash.media/image/upload/f_auto,c_limit,w_300,q_auto/igashop/images/624781"
Method Anti-bacterial Kitchen Cleaner Sunny Citrus 490mL,$5.00,$1.02/100mL,"https://cdn.metcash.media/image/upload/f_auto,c_limit,w_300,q_auto/igashop/images/726457"
iCare Wipex Recycled Paper Towel White 2 Pack,$1.90,$0.95 each,"https://cdn.metcash.media/image/upload/f_auto,c_limit,w_300,q_auto/igashop/images/431793"
Ben's Original Long Grain Microwave Rice Pouch 250g,$3.40,$1.36/100g,"https://cdn.metcash.media/image/upload/f_auto,c_limit,w_300,q_auto/igashop/images/190000005247"
Golden Days Sesame Snaps 3 Pack,$3.00,$1.00 each,"https://cdn.metcash.media/image/upload/f_auto,c_limit,w_300,q_auto/igashop/images/338908"
MasterFoods Fennel Seeds Whole 26g,$3.50,$13.46/100g,"https://cdn.metcash.media/image/upload/f_auto,c_limit,w_300,q_auto/igashop/images/827363"
Koala Natural Hand Wash Lemon Scented Eucalyptus & Rosemary 500mL,$15.90,$3.18/100mL,"https://cdn.metcash.media/image/upload/f_auto,c_limit,w_300,q_auto/igashop/images/190000001935"
Multix Recycled Garbage Bags 12 Pack,$3.60,$0.30 each,"https://cdn.metcash.media/image/upload/f_auto,c_limit,w_300,q_auto/igashop/images/676380"
Swisse Ultiboost Vitamin D 60 Pack,$15.00,$0.25 each,"https://cdn.metcash.media/image/upload/f_auto,c_limit,w_300,q_auto/igashop/images/57968"
Continental Chicken Stock Powder Salt Reduced 120g,$4.00,$3.33/100g,"https://cdn.metcash.media/image/upload/f_auto,c_limit,w_300,q_auto/igashop/images/646314"
L'OR Espresso Onyx Capsules 20 Pack,$13.00,$0.65 each,"https://cdn.metcash.media/image/upload/f_auto,c_limit,w_300,q_auto/igashop/images/425718"
Robert Timms Arabica Dark Roast Coffee Bag 10 Pack,$6.60,$0.66 each,"https://cdn.metcash.media/image/upload/f_auto,c_limit,w_300,q_auto/igashop/images/871846"
Powerade Zero Sugar Grape 600mL,$4.40,$0.73/100mL,"https://cdn.metcash.media/image/upload/f_auto,c_limit,w_300,q_auto/igashop/images/180000002419"
Nestlé Milo Choc-Malt 200g,$5.90,$2.95/100g,"https://cdn.metcash.media/image/upload/f_auto,c_limit,w_300,q_auto/igashop/images/39685"
McKenzie's Black Eye Beans 375g,$3.65,$0.97/100g,"https://cdn.metcash.media/image/upload/f_auto,c_limit,w_300,q_auto/igashop/images/180000005532"
Korbond Berry Pins 40 Pack,$3.50,$0.09 each,"https://cdn.metcash.media/image/upload/f_auto,c_limit,w_300,q_auto/igashop/images/241185"
Energizer Lithium 1632 Battery,$7.00,N/A,"https://cdn.metcash.media/image/upload/f_auto,c_limit,w_300,q_auto/igashop/images/842766"
Bref Scent Switch Floral Apple/Water Lily Toilet Cleaner 50g,$7.00,$14.00/100g,"https://cdn.metcash.media/image/upload/f_auto,c_limit,w_300,q_auto/igashop/images/683324"
Nestlé Milky Bar 180g,$6.00,$3.33/100g,"https://cdn.metcash.media/image/upload/f_auto,c_limit,w_300,q_auto/igashop/images/92104"
Golden CircleFruit Cup Cordial 2L,$4.50,$2.25/1L,"https://cdn.metcash.media/image/upload/f_auto,c_limit,w_300,q_auto/igashop/images/7159"
Duck Deep Action Gel Marine 750mL,$7.85,$1.05/100mL,"https://cdn.metcash.media/image/upload/f_auto,c_limit,w_300,q_auto/igashop/images/16470"
Tamar Valley Dairy Mangoes & Cream Yoghurt 700g,$7.20,$1.03/100g,"https://cdn.metcash.media/image/upload/f_auto,c_limit,w_300,q_auto/igashop/images/20000005979"
Philips LED Edison Screw Cool Daylight 14W,$10.00,N/A,"https://cdn.metcash.media/image/upload/f_auto,c_limit,w_300,q_auto/igashop/images/20000000480"
Oates Mop Tiltamatic Squeeze,$18.20,N/A,"https://cdn.metcash.media/image/upload/f_auto,c_limit,w_300,q_auto/igashop/images/221486"
Chef's Choice Pomegranate Molasses 250mL,$8.95,$3.58/100mL,"https://cdn.metcash.media/image/upload/f_auto,c_limit,w_300,q_auto/igashop/images/150000008199"
U By Kotex Regular Designer Series Ultrathins With Wings 22 Pack,$9.50,$0.43 each,"https://cdn.metcash.media/image/upload/f_auto,c_limit,w_300,q_auto/igashop/images/29389"
Remedy Sodaly Raspberry 250mL,$3.00,$12.00/1L,"https://cdn.metcash.media/image/upload/f_auto,c_limit,w_300,q_auto/igashop/images/514321"
Bic 4 Colours Smooth Ballpen Bp1,$5.50,N/A,https://www.igashop.com.au/static/default-product-image.png
Vittoria Cappuccino Coffee Sachets 8 Pack,$6.00,$0.75 each,"https://cdn.metcash.media/image/upload/f_auto,c_limit,w_300,q_auto/igashop/images/1800000068869"
Elastoplast Flexible Fabric 40 Pack,$4.80,$0.12 each,"https://cdn.metcash.media/image/upload/f_auto,c_limit,w_300,q_auto/igashop/images/170000004035"
Glen 20 24H Protection Surface Spray Disinfectant Original 300g,$9.50,$3.17/100g,"https://cdn.metcash.media/image/upload/f_auto,c_limit,w_300,q_auto/igashop/images/190000011682"
Thursday Plantation Tea Tree Oil 100% 25mL,$13.25,$53.00/100mL,"https://cdn.metcash.media/image/upload/f_auto,c_limit,w_300,q_auto/igashop/images/425530"
Jase's Kitchen Gluten Free Chicken Pesto Pizza 185g,$10.95,$5.92/100g,"https://cdn.metcash.media/image/upload/f_auto,c_limit,w_300,q_auto/igashop/images/20000005259"
L'Oreal Excellence 8 Blonde,$27.00,N/A,"https://cdn.metcash.media/image/upload/f_auto,c_limit,w_300,q_auto/igashop/images/250150"
Solo Lemon Soft Drink 275mL,$6.00,$2.18/100mL,https://www.igashop.com.au/static/default-product-image.png
Colgate Sensitive Prorelief Whitening Teeth Pain Toothpaste 110g,$7.00,$6.36/100g,"https://cdn.metcash.media/image/upload/f_auto,c_limit,w_300,q_auto/igashop/images/54046"
Korbond Christmas Premium Foil Disposable Tableware Sets,$3.50,N/A,"https://cdn.metcash.media/image/upload/f_auto,c_limit,w_300,q_auto/igashop/images/990263"
La Tosca Beef Ravioli 500g,$7.40,$1.48/100g,"https://cdn.metcash.media/image/upload/f_auto,c_limit,w_300,q_auto/igashop/images/8029"
MasterFoods Moroccan Seasoning 160g,$6.00,$3.75/100g,"https://cdn.metcash.media/image/upload/f_auto,c_limit,w_300,q_auto/igashop/images/885094"
Fanta Raspberry Soft Drink Multipack Bottles 12 Pack,$12.00,$1.00 each,"https://cdn.metcash.media/image/upload/f_auto,c_limit,w_300,q_auto/igashop/images/374682"
GARNIER Skin Naturals Micellar Cleansing Water For Sensitive Skin 125mL,$4.25,$3.40/100mL,"https://cdn.metcash.media/image/upload/f_auto,c_limit,w_300,q_auto/igashop/images/612933"
Harris Coffee Ground Smooth 1kg,$37.00,$37.00/kg,"https://cdn.metcash.media/image/upload/f_auto,c_limit,w_300,q_auto/igashop/images/858283"
Koala Natural Dish Soap Lemon Myrtle & Mandarin 500mL,$13.10,$2.62/100mL,"https://cdn.metcash.media/image/upload/f_auto,c_limit,w_300,q_auto/igashop/images/190000001945"
Poise Pads Super 28 Pack,$11.80,$0.42 each,"https://cdn.metcash.media/image/upload/f_auto,c_limit,w_300,q_auto/igashop/images/365332"
Tena Men Absorbent Protector Level 2 Medium 10 Pack,$8.00,$0.80 each,"https://cdn.metcash.media/image/upload/f_auto,c_limit,w_300,q_auto/igashop/images/939398"
Red Rock Deli Potato Chips Spicy Chilli Sriracha 165g,$6.00,$3.64/100g,"https://cdn.metcash.media/image/upload/f_auto,c_limit,w_300,q_auto/igashop/images/180000005751"
Elephant In The Room Merlot 750mL,$0.99,$0.13/100mL,"https://cdn.metcash.media/image/upload/f_auto,c_limit,w_300,q_auto/igashop/images/6602145"
La Tosca Fresh Lasagne Sheets 500g,$6.50,$1.30/100g,"https://cdn.metcash.media/image/upload/f_auto,c_limit,w_300,q_auto/igashop/images/8688"
Ritz Breakz Original 250g,$2.50,$1.00/100g,"https://cdn.metcash.media/image/upload/f_auto,c_limit,w_300,q_auto/igashop/images/927621"
Magnum Ice Cream Tub 440mL,$12.00,$2.73/100mL,"https://cdn.metcash.media/image/upload/f_auto,c_limit,w_300,q_auto/igashop/images/854213"
Garnier Skinactive Vitamin C Brightening Serum 30mL,$37.75,$125.83/100mL,"https://cdn.metcash.media/image/upload/f_auto,c_limit,w_300,q_auto/igashop/images/678861"
Jack Hammer Claw Hammer Fluro,$10.85,N/A,"https://cdn.metcash.media/image/upload/f_auto,c_limit,w_300,q_auto/igashop/images/716326"
Slape & Sons BBQ Sausages 480g,$6.00,$1.25/100g,"https://cdn.metcash.media/image/upload/f_auto,c_limit,w_300,q_auto/igashop/images/966162"
Pascall Jet Planes 180g,$2.50,$1.39/100g,"https://cdn.metcash.media/image/upload/f_auto,c_limit,w_300,q_auto/igashop/images/160000000806"
Organic Ginger 150g,$6.95,$4.63/100g,https://www.igashop.com.au/static/default-product-image.png
The Paw Grocer Lamb Hearts 90g,$13.00,$14.44/100g,"https://cdn.metcash.media/image/upload/f_auto,c_limit,w_300,q_auto/igashop/images/206795"
VitaPet Jerhigh Chicken Tenders For Dogs 100g,$9.00,$9.00/100g,"https://cdn.metcash.media/image/upload/f_auto,c_limit,w_300,q_auto/igashop/images/225037"
Vicks Inhaler Lavender,$8.90,N/A,https://www.igashop.com.au/static/default-product-image.png
Oso Cling Wrap 60m x 33cm,$3.50,N/A,"https://cdn.metcash.media/image/upload/f_auto,c_limit,w_300,q_auto/igashop/images/54083"
San Remo La Pasta Carbonara Pasta & Sauce 80g,$1.40,$1.75/100g,"https://cdn.metcash.media/image/upload/f_auto,c_limit,w_300,q_auto/igashop/images/65945"
Gillette Mach 3 Shaving Blade Refill 5 Pack,$30.10,$6.02 each,"https://cdn.metcash.media/image/upload/f_auto,c_limit,w_300,q_auto/igashop/images/903716"
Ingham's Turkey Thigh Roast Cranberry Apple 1kg,Final cost based on weight,$18.25/$18.25,"https://cdn.metcash.media/image/upload/f_auto,c_limit,w_300,q_auto/igashop/images/180000036"
Iceberg Lettuce,$3.20,N/A,"https://cdn.metcash.media/image/upload/f_auto,c_limit,w_300,q_auto/igashop/images/80050038"
Lo Bros Organic Kombucha Raspberry & Lemon 330mL,$2.50,$0.76/100mL,"https://cdn.metcash.media/image/upload/f_auto,c_limit,w_300,q_auto/igashop/images/762322"
Ally Salmon Pink 105g,$3.20,$3.05/100g,"https://cdn.metcash.media/image/upload/f_auto,c_limit,w_300,q_auto/igashop/images/18786"
Dove Invisible Crystal Antiperspirant Roll On Peach Blossom And Lush Apple 50mL,$5.00,$10.00/100mL,"https://cdn.metcash.media/image/upload/f_auto,c_limit,w_300,q_auto/igashop/images/324705"
Korbond Birthday Candle Number 0,$1.60,N/A,"https://cdn.metcash.media/image/upload/f_auto,c_limit,w_300,q_auto/igashop/images/265964"
Aunty Kath's Gingerbread Cookie Dough 450g,$8.50,$1.89/100g,"https://cdn.metcash.media/image/upload/f_auto,c_limit,w_300,q_auto/igashop/images/683183"
Two Boys Brew Energy Tea Melon & Lychee 330mL,$4.60,$1.39/100mL,"https://cdn.metcash.media/image/upload/f_auto,c_limit,w_300,q_auto/igashop/images/1800000069882"
Cuddly Aroma Collections Fabric Softener Sachet Relaxing 300mL,$4.00,$1.33/100mL,"https://cdn.metcash.media/image/upload/f_auto,c_limit,w_300,q_auto/igashop/images/1917"
SunRice Microwave Fragrant Brown Rice Family Pack 450g,$3.95,$0.88/100g,"https://cdn.metcash.media/image/upload/f_auto,c_limit,w_300,q_auto/igashop/images/318013"
Antoniou Fillo Pastry 375g,$5.00,$1.33/100g,"https://cdn.metcash.media/image/upload/f_auto,c_limit,w_300,q_auto/igashop/images/146474"
Feline Cuisine Seafood Cocktail Can 400g,$2.00,$0.50/100g,"https://cdn.metcash.media/image/upload/f_auto,c_limit,w_300,q_auto/igashop/images/190000011621"
Purina Friskies Adult Pet Food Seafood Sensations 700g,$5.60,$0.80/100g,"https://cdn.metcash.media/image/upload/f_auto,c_limit,w_300,q_auto/igashop/images/570681"
MasterFoods Roast Chicken Seasoning 41g,$3.50,$8.54/100g,"https://cdn.metcash.media/image/upload/f_auto,c_limit,w_300,q_auto/igashop/images/170000002762"
Aurora Chocolate Gelato 500mL,$7.99,$1.60/100mL,"https://cdn.metcash.media/image/upload/f_auto,c_limit,w_300,q_auto/igashop/images/190000004339"
Moccona Ristretto 200g,$23.60,$11.80/100g,"https://cdn.metcash.media/image/upload/f_auto,c_limit,w_300,q_auto/igashop/images/672108"
Mainland Lunch On the Go Chilli Jam 110g,$5.00,$4.55/100g,"https://cdn.metcash.media/image/upload/f_auto,c_limit,w_300,q_auto/igashop/images/907786"
Daily Company Juice Apple 2L,$5.95,$2.98/1L,"https://cdn.metcash.media/image/upload/f_auto,c_limit,w_300,q_auto/igashop/images/134956"
Fanta Pineapple Flavored Multipack Cans Multipack Cans 12 Pack,$32.00,$2.67 each,"https://cdn.metcash.media/image/upload/f_auto,c_limit,w_300,q_auto/igashop/images/190000003639"
Oreo Mini Blueberry 204g,$5.00,$2.45/100g,"https://cdn.metcash.media/image/upload/f_auto,c_limit,w_300,q_auto/igashop/images/537510"
Australian Organic Food Co. Tomato Napoli with Basil Pasta Sauce 400g,$4.50,$1.13/100g,"https://cdn.metcash.media/image/upload/f_auto,c_limit,w_300,q_auto/igashop/images/156115"
Fresh Whole Chicken 1.2kg,Final cost based on weight,$6.00/$5.00,"https://cdn.metcash.media/image/upload/f_auto,c_limit,w_300,q_auto/igashop/images/80080005"
Papermate Profile Pen Blue 2 Pack,$5.75,$2.88 each,"https://cdn.metcash.media/image/upload/f_auto,c_limit,w_300,q_auto/igashop/images/160000013494"
Whiskas Tuna Flavour Favourites In Jelly Pouches Wet Cat Food 24 Pack,$21.00,$0.88 each,"https://cdn.metcash.media/image/upload/f_auto,c_limit,w_300,q_auto/igashop/images/150000007694"
Mr Muscle Oven Cleaner 300g,$4.50,$1.50/100g,"https://cdn.metcash.media/image/upload/f_auto,c_limit,w_300,q_auto/igashop/images/428800"
Calbee Harvest Snaps Pea Salt & Vinegar 5 Pack,$3.50,$0.70 each,"https://cdn.metcash.media/image/upload/f_auto,c_limit,w_300,q_auto/igashop/images/301105"
NIVEA Repair & Protection Caring Lip Balm SPF15 4.8g,$3.00,$62.50/100g,"https://cdn.metcash.media/image/upload/f_auto,c_limit,w_300,q_auto/igashop/images/635635"
Jack Hammer Elastic Straps 3 Pack,$6.20,$2.07 each,https://www.igashop.com.au/static/default-product-image.png
Glad Cling Wrap 150m,$10.50,N/A,"https://cdn.metcash.media/image/upload/f_auto,c_limit,w_300,q_auto/igashop/images/70021"
Uncle Tobys Milk Modifiers Goodness Shake Mixed Berry 140g,$9.00,$6.43/100g,https://www.igashop.com.au/static/default-product-image.png
Youjuice Awaken Juice 350mL,$4.40,$1.26/100mL,"https://cdn.metcash.media/image/upload/f_auto,c_limit,w_300,q_auto/igashop/images/150000006557_1"
Fever-Tree Premium Indian Tonic Water Bottle 500mL,$4.50,$0.90/100mL,"https://cdn.metcash.media/image/upload/f_auto,c_limit,w_300,q_auto/igashop/images/6601623"
Play-Doh Wild Colours 4 Pack,$7.50,$1.88 each,"https://cdn.metcash.media/image/upload/f_auto,c_limit,w_300,q_auto/igashop/images/668374"
Edgell Sliced Green Beans 410g,$1.80,$0.44/100g,"https://cdn.metcash.media/image/upload/f_auto,c_limit,w_300,q_auto/igashop/images/667145"
Dari's Lentil Soup 550g,$7.50,$1.36/100g,"https://cdn.metcash.media/image/upload/f_auto,c_limit,w_300,q_auto/igashop/images/640554"
Pauls Milky Max Chocolate Flavoured Milk 250mL,$2.70,$1.08/100mL,"https://cdn.metcash.media/image/upload/f_auto,c_limit,w_300,q_auto/igashop/images/356406"
Hellmann's Mayonnaise Plant Based 320g,$5.50,$1.72/100g,https://www.igashop.com.au/static/default-product-image.png
Empire Garlic Sourdough 192g,$3.50,$1.82/100g,"https://cdn.metcash.media/image/upload/f_auto,c_limit,w_300,q_auto/igashop/images/20000002075"
Gippsland Dairy Yoghurt Strawberries & Cream Twist 700g,$7.90,$1.13/100g,"https://cdn.metcash.media/image/upload/f_auto,c_limit,w_300,q_auto/igashop/images/912304"
Heinz Eat Well Soup Tomato & Vegetable 380g,$4.50,$1.18/100g,https://www.igashop.com.au/static/default-product-image.png
Sensodyne Toothpaste X-Fresh Complete Care 100g,$12.30,$12.30/100g,"https://cdn.metcash.media/image/upload/f_auto,c_limit,w_300,q_auto/igashop/images/190583"
Maggi 2 Minute Instant Noodles Chicken 360g,$3.50,$0.97/100g,"https://cdn.metcash.media/image/upload/f_auto,c_limit,w_300,q_auto/igashop/images/40819"
Allen's Butter-Menthol Throat Lozenges 40g,$2.75,$6.88/100g,"https://cdn.metcash.media/image/upload/f_auto,c_limit,w_300,q_auto/igashop/images/473538"
Logan Farm Peas 500g,$3.30,$0.66/100g,"https://cdn.metcash.media/image/upload/f_auto,c_limit,w_300,q_auto/igashop/images/127828"
Kez's Kitchen Gluten Free Strawberry Cream Fancy Tops 185g,$7.70,$4.16/100g,https://www.igashop.com.au/static/default-product-image.png
SPC Spag-A-Saurus Tomato & Cheese 420g,$2.50,$0.60/100g,"https://cdn.metcash.media/image/upload/f_auto,c_limit,w_300,q_auto/igashop/images/180000001024"
Bakers Collection Sponge Cake Assorted Orange/Red Velvet 220g,$9.70,$4.41/100g,https://www.igashop.com.au/static/default-product-image.png
Gourmet Garden Coriander 80g,$4.50,$5.63/100g,"https://cdn.metcash.media/image/upload/f_auto,c_limit,w_300,q_auto/igashop/images/150000007814"
Birds Eye Snap Frozen Garden Mix Carrot Beans Brocoli Cauli Capsicum 1kg,$6.50,$6.50/kg,"https://cdn.metcash.media/image/upload/f_auto,c_limit,w_300,q_auto/igashop/images/149066"
Two Boys Brew French Kiss Hibiscus & Vanilla Kombucha 750mL,$5.95,$0.79/100mL,"https://cdn.metcash.media/image/upload/f_auto,c_limit,w_300,q_auto/igashop/images/166173"
Sweet Corn Cob Each,$1.95,N/A,"https://cdn.metcash.media/image/upload/f_auto,c_limit,w_300,q_auto/igashop/images/80050020"
Jacaranda Iced Coffee 600mL,$3.99,$0.67/100mL,"https://cdn.metcash.media/image/upload/f_auto,c_limit,w_300,q_auto/igashop/images/20000005257"
San Remo Spaghetti Egg Pasta 500g,$2.95,$0.59/100g,"https://cdn.metcash.media/image/upload/f_auto,c_limit,w_300,q_auto/igashop/images/457825"
Atkins Endulge Caramel Nougat 35g,$3.90,$11.14/100g,"https://cdn.metcash.media/image/upload/f_auto,c_limit,w_300,q_auto/igashop/images/679362"
ABC Extra Hot Chilli Sauce 335mL,$3.40,$1.01/100mL,"https://cdn.metcash.media/image/upload/f_auto,c_limit,w_300,q_auto/igashop/images/274552"
Christmas Advent Calendar 200g,$10.00,$5.00/100g,"https://cdn.metcash.media/image/upload/f_auto,c_limit,w_300,q_auto/igashop/images/596399"
Medix Paracetamol Hard Gel Caps 16 Pack,$3.55,$0.22 each,https://www.igashop.com.au/static/default-product-image.png
Coca-Cola Vanilla Soft Drink Bottle 600mL,$4.00,$0.67/100mL,"https://cdn.metcash.media/image/upload/f_auto,c_limit,w_300,q_auto/igashop/images/9300675020589_0"
Garnier BB Cream Classic Medium 50mL,$17.00,$34.00/100mL,"https://cdn.metcash.media/image/upload/f_auto,c_limit,w_300,q_auto/igashop/images/674972"
Mushroom Cups Punnet 500 grams,$7.50,N/A,"https://cdn.metcash.media/image/upload/f_auto,c_limit,w_300,q_auto/igashop/images/80050120"
Darrell Lea Liquorice Twists 280g,$5.50,$1.96/100g,"https://cdn.metcash.media/image/upload/f_auto,c_limit,w_300,q_auto/igashop/images/459301"
Up & Go Liquid Breakfast Vanilla Ice 500mL,$5.05,$1.01/100mL,"https://cdn.metcash.media/image/upload/f_auto,c_limit,w_300,q_auto/igashop/images/609388"
Bondi Sands Aero Self Tanning Foam Ultra Dark 225mL,$21.00,$9.33/100mL,"https://cdn.metcash.media/image/upload/f_auto,c_limit,w_300,q_auto/igashop/images/462655"
Red Kellys Salad Dressing Caesar 250mL,$5.50,$2.20/100mL,"https://cdn.metcash.media/image/upload/f_auto,c_limit,w_300,q_auto/igashop/images/190000004859"
Johnson's Baby Powder 400g,$8.00,$2.00/100g,"https://cdn.metcash.media/image/upload/f_auto,c_limit,w_300,q_auto/igashop/images/295862"
CSR Caster Sugar Raw 750g,$3.50,$0.47/100g,"https://cdn.metcash.media/image/upload/f_auto,c_limit,w_300,q_auto/igashop/images/67845"
Jolly Rancher Hard Candy 198g,$8.95,$4.52/100g,"https://cdn.metcash.media/image/upload/f_auto,c_limit,w_300,q_auto/igashop/images/160000018126"
Riviana Mediterranean Veg Risotto 240g,$8.00,$3.33/100g,https://www.igashop.com.au/static/default-product-image.png
Robertson's Fruit Mince 410g,$6.65,$1.62/100g,"https://cdn.metcash.media/image/upload/f_auto,c_limit,w_300,q_auto/igashop/images/20000000228"
Moccona Coffee Sachets Caramel Latte 10 Pack,$3.95,$0.40 each,"https://cdn.metcash.media/image/upload/f_auto,c_limit,w_300,q_auto/igashop/images/20000000144"
Western Star Original Butter Block 500g,$8.90,$1.78/100g,"https://cdn.metcash.media/image/upload/f_auto,c_limit,w_300,q_auto/igashop/images/102836"
Black & Gold Ginger Nuts 200g,$1.90,$0.95/100g,"https://cdn.metcash.media/image/upload/f_auto,c_limit,w_300,q_auto/igashop/images/190000005310"
Mum's Favourites Lamingtons 6g,$9.50,$158.33/100g,"https://cdn.metcash.media/image/upload/f_auto,c_limit,w_300,q_auto/igashop/images/20000005505"
Cadbury Dream Packaged Eggs 170g,$11.60,$6.82/100g,"https://cdn.metcash.media/image/upload/f_auto,c_limit,w_300,q_auto/igashop/images/1800000068995"
V.I.P. Fussy Cat Grainfree Chicken Turkey & Cranberry 500g,$6.50,$1.30/100g,"https://cdn.metcash.media/image/upload/f_auto,c_limit,w_300,q_auto/igashop/images/331558"
Safcol Salmon Ready Meal Spanish Paella Style 110g,$3.35,$3.05/100g,"https://cdn.metcash.media/image/upload/f_auto,c_limit,w_300,q_auto/igashop/images/334284"
Arnott's Shapes Originals Pizza 8 Pack,$5.00,$0.63 each,"https://cdn.metcash.media/image/upload/f_auto,c_limit,w_300,q_auto/igashop/images/839255"
TENA Liners Ultimate Coverage Ultra Long Liner 22 Pack,$4.70,$0.21 each,"https://cdn.metcash.media/image/upload/f_auto,c_limit,w_300,q_auto/igashop/images/687072"
Clear Wrap Bread White Sandwich 700g,$2.90,$0.41/100g,https://www.igashop.com.au/static/default-product-image.png
Mil Lel Shredded Parmesan 170g,$5.50,$3.24/100g,"https://cdn.metcash.media/image/upload/f_auto,c_limit,w_300,q_auto/igashop/images/894132"
Global Café Direct Decaffeinated Organic Coffee 250g,$14.30,$5.72/100g,https://www.igashop.com.au/static/default-product-image.png
Big Lolly Fizzy Worms 160g,$2.50,$1.56/100g,"https://cdn.metcash.media/image/upload/f_auto,c_limit,w_300,q_auto/igashop/images/180000000353"
Kangaroo Island Olives Kalamata Olives 185g,$7.50,$4.05/100g,https://www.igashop.com.au/static/default-product-image.png
Chobani Fit X Strawberry Choc Hit 140g,$3.19,$2.28/100g,"https://cdn.metcash.media/image/upload/f_auto,c_limit,w_300,q_auto/igashop/images/190000000956"
Cobram Estate Ultra Premium Hojiblanca Australian Extra Virgin Olive Oil 500mL,$25.00,$5.00/100mL,"https://cdn.metcash.media/image/upload/f_auto,c_limit,w_300,q_auto/igashop/images/140444"
Tic Tac Orange 24g,$2.30,$9.58/100g,"https://cdn.metcash.media/image/upload/f_auto,c_limit,w_300,q_auto/igashop/images/379831"
BSc Energy Drink Orange Fizz 500mL,$4.30,$0.86/100mL,https://www.igashop.com.au/static/default-product-image.png
TRESemmé Conditioner Volume & Fullness 940mL,$18.50,$1.97/100mL,"https://cdn.metcash.media/image/upload/f_auto,c_limit,w_300,q_auto/igashop/images/509326"
Green Zucchini 200g,Final cost based on weight,$1.30/$6.50,"https://cdn.metcash.media/image/upload/f_auto,c_limit,w_300,q_auto/igashop/images/80060035"
Ayam Oyster Sauce 420mL,$5.30,$1.26/100mL,"https://cdn.metcash.media/image/upload/f_auto,c_limit,w_300,q_auto/igashop/images/160000012224"
Aveeno Active Naturals Positively Radiant Daily Scrub 141g,$14.50,$10.28/100g,"https://cdn.metcash.media/image/upload/f_auto,c_limit,w_300,q_auto/igashop/images/38618"
Purina Felix Adult Cat Treats Party Mix Seafood 60g,$3.50,$5.83/100g,"https://cdn.metcash.media/image/upload/f_auto,c_limit,w_300,q_auto/igashop/images/578252"
Birds Eye Country Harvest Peas Corn & Capsicum 500g,$3.00,$0.60/100g,"https://cdn.metcash.media/image/upload/f_auto,c_limit,w_300,q_auto/igashop/images/107373"
Palmer's Cocoa Butter Formula Moisturising Body Oil 250mL,$12.50,$5.00/100mL,"https://cdn.metcash.media/image/upload/f_auto,c_limit,w_300,q_auto/igashop/images/160000013489"
Black & Gold Creamed Corn 400g,$1.45,$0.36/100g,"https://cdn.metcash.media/image/upload/f_auto,c_limit,w_300,q_auto/igashop/images/22963"
Scotch-Brite Extreme Scourer 2 Pack,$4.50,$2.25 each,"https://cdn.metcash.media/image/upload/f_auto,c_limit,w_300,q_auto/igashop/images/20000006307"
Carefree Original Tampons Super 16 Pack,$2.50,$0.16 each,"https://cdn.metcash.media/image/upload/f_auto,c_limit,w_300,q_auto/igashop/images/56386"
Black & Gold Spirals 500g,$0.90,$0.18/100g,"https://cdn.metcash.media/image/upload/f_auto,c_limit,w_300,q_auto/igashop/images/72552"
Spice & Co Whole Black Peppercorns 60g,$3.75,$6.25/100g,"https://cdn.metcash.media/image/upload/f_auto,c_limit,w_300,q_auto/igashop/images/190000002417"
Community Co Sultanas 500g,$6.50,$1.30/100g,"https://cdn.metcash.media/image/upload/f_auto,c_limit,w_300,q_auto/igashop/images/846692"
Glad to be Green 50% Plant Based Sandwich Bags 40 Pack,$4.10,$0.10 each,"https://cdn.metcash.media/image/upload/f_auto,c_limit,w_300,q_auto/igashop/images/890756"
Wokka Honey Soy Noodle Box 350g,$5.00,$1.43/100g,"https://cdn.metcash.media/image/upload/f_auto,c_limit,w_300,q_auto/igashop/images/675509"
Wildly Good Fritter Bites Sweet Corn & Spring Onion 210g,$6.00,$2.86/100g,"https://cdn.metcash.media/image/upload/f_auto,c_limit,w_300,q_auto/igashop/images/8796"
Carman's Oat Slice Belgian Chocolate Brownie 6 Pack,$5.90,$0.98 each,"https://cdn.metcash.media/image/upload/f_auto,c_limit,w_300,q_auto/igashop/images/313733"
Pana Organic Raspberry Chocolate Frozen Dessert 475mL,$11.99,$2.52/100mL,"https://cdn.metcash.media/image/upload/f_auto,c_limit,w_300,q_auto/igashop/images/190000001284"
Bakers Collection Premium Light Fruit Cake Bar 500g,$5.00,$1.00/100g,"https://cdn.metcash.media/image/upload/f_auto,c_limit,w_300,q_auto/igashop/images/180000002079"
Dari's Table Harissa Hummus Dip 200g,$4.75,$2.38/100g,"https://cdn.metcash.media/image/upload/f_auto,c_limit,w_300,q_auto/igashop/images/867"
Tabasco Chilli Sauce Salsa Picante 256mL,$6.00,$2.34/100mL,"https://cdn.metcash.media/image/upload/f_auto,c_limit,w_300,q_auto/igashop/images/1800000068730"
Fyna Liquorice Bullets Dipped In Milk Chocolate 250g,$5.95,$2.38/100g,"https://cdn.metcash.media/image/upload/f_auto,c_limit,w_300,q_auto/igashop/images/20000002297"
Harris Coffee Beans Smooth 1kg,$37.00,$37.00/kg,"https://cdn.metcash.media/image/upload/f_auto,c_limit,w_300,q_auto/igashop/images/858233"
Mersey Valley Peppercorn Medley Vintage Club Cheddar 235g,$9.90,$4.21/100g,"https://cdn.metcash.media/image/upload/f_auto,c_limit,w_300,q_auto/igashop/images/165151"
Pace Farm Free Range 700G Eggs 700g,$7.75,$1.11/100g,https://www.igashop.com.au/static/default-product-image.png
Moccona Strong Cappuccino Sachets 30 Pack,$13.00,$0.43 each,"https://cdn.metcash.media/image/upload/f_auto,c_limit,w_300,q_auto/igashop/images/20000006737"
Piksters SupaGRIP Floss Picks 20 Pack,$3.50,$0.18 each,"https://cdn.metcash.media/image/upload/f_auto,c_limit,w_300,q_auto/igashop/images/190000005053"
Uncle Tobys Muesli Bar Milkybar Cookies Muesli Bar 145g,$2.75,$1.90/100g,https://www.igashop.com.au/static/default-product-image.png
Ben & Jerry’s Ice Cream Chocolate Chip Cookie Dough 120mL,$5.30,$4.42/100mL,"https://cdn.metcash.media/image/upload/f_auto,c_limit,w_300,q_auto/igashop/images/190000000106"
Rexona Clinical Protection Sport 45mL,$7.00,$15.56/100mL,"https://cdn.metcash.media/image/upload/f_auto,c_limit,w_300,q_auto/igashop/images/336600"
Val Verde Chickpeas 400g,$2.00,$0.50/100g,"https://cdn.metcash.media/image/upload/f_auto,c_limit,w_300,q_auto/igashop/images/783365"
Beerenberg Sweet Mustard Pickle 265g,$6.45,$2.43/100g,"https://cdn.metcash.media/image/upload/f_auto,c_limit,w_300,q_auto/igashop/images/849917"
Pepsi Max No Sugar Soda Bottle 2L,$3.80,$1.90/1L,"https://cdn.metcash.media/image/upload/f_auto,c_limit,w_300,q_auto/igashop/images/328416"
Health Attack Crispy Fruits Pineapple 10g,$2.70,$27.00/100g,"https://cdn.metcash.media/image/upload/f_auto,c_limit,w_300,q_auto/igashop/images/190000005032"
Dare Iced Coffee Double Espresso No Added Sugar 500mL,$4.25,$0.85/100mL,"https://cdn.metcash.media/image/upload/f_auto,c_limit,w_300,q_auto/igashop/images/631152"
Nescafe Classic Coffee Caramel 95g,$8.00,$8.42/100g,"https://cdn.metcash.media/image/upload/f_auto,c_limit,w_300,q_auto/igashop/images/1800000067727"
Continental Cup A Soup Classic Tomato 4 Pack,$3.00,$0.75 each,"https://cdn.metcash.media/image/upload/f_auto,c_limit,w_300,q_auto/igashop/images/17633"
Selleys Adhesive Kwik Grip Glue 50mL,$8.00,$16.00/100mL,"https://cdn.metcash.media/image/upload/f_auto,c_limit,w_300,q_auto/igashop/images/222000"
Twisties Zigzags 65g,$2.70,$4.15/100g,"https://cdn.metcash.media/image/upload/f_auto,c_limit,w_300,q_auto/igashop/images/504915"
Streets Paddle Pop Banana 8 Pack,$9.00,$1.13 each,"https://cdn.metcash.media/image/upload/f_auto,c_limit,w_300,q_auto/igashop/images/890434"
Tip Top Pizza Bases Gourmet White 440g,$6.60,$1.50/100g,https://www.igashop.com.au/static/default-product-image.png
Panadol Rapid Soluble Tablets For Pain Relief Paracetamol 500mg 20 Pack,$5.50,$0.28 each,"https://cdn.metcash.media/image/upload/f_auto,c_limit,w_300,q_auto/igashop/images/967676"
Multix Snack Bag Quick Zip 40 Pack,$2.65,$0.07 each,"https://cdn.metcash.media/image/upload/f_auto,c_limit,w_300,q_auto/igashop/images/80759"
Amor di Pane Breadsticks Olive Oil 125g,$2.95,$2.36/100g,"https://cdn.metcash.media/image/upload/f_auto,c_limit,w_300,q_auto/igashop/images/180000000433"
SunRice Steamed Jasmine Fragrant White Rice 250g,$3.00,$1.20/100g,"https://cdn.metcash.media/image/upload/f_auto,c_limit,w_300,q_auto/igashop/images/441387"
Brasilia Ground Coffee Supa Crema Espresso 250g,$8.95,$3.58/100g,"https://cdn.metcash.media/image/upload/f_auto,c_limit,w_300,q_auto/igashop/images/63003"
Remedy Sodaly Yuzu Lemon 330mL,$2.30,$0.70/100mL,https://www.igashop.com.au/static/default-product-image.png
Up & Go Liquid Breakfast Vanilla Ice 6 Pack,$13.00,$2.17 each,"https://cdn.metcash.media/image/upload/f_auto,c_limit,w_300,q_auto/igashop/images/14423_2"
SunRice Organic Brown Rice 750g,$5.00,$0.67/100g,"https://cdn.metcash.media/image/upload/f_auto,c_limit,w_300,q_auto/igashop/images/394983"
Toscano Gluten Free Pizza Base 180g,$7.50,$4.17/100g,"https://cdn.metcash.media/image/upload/f_auto,c_limit,w_300,q_auto/igashop/images/6131"
The Standard Meat Co Asian BBQ Pork Belly 400g,$12.35,$3.09/100g,"https://cdn.metcash.media/image/upload/f_auto,c_limit,w_300,q_auto/igashop/images/495682"
Boost Juice Energy Lift 1L,$6.20,$6.20/1L,"https://cdn.metcash.media/image/upload/f_auto,c_limit,w_300,q_auto/igashop/images/143264"
Original Oatly Oat Milk Chocolate 1L,$5.00,$5.00/1L,"https://cdn.metcash.media/image/upload/f_auto,c_limit,w_300,q_auto/igashop/images/20000000316"
Earth Choice Ultra Concentrate Antibacterial Dishwashing Liquid Orange Zest 900mL,$6.20,$0.69/100mL,"https://cdn.metcash.media/image/upload/f_auto,c_limit,w_300,q_auto/igashop/images/160000011940"
Sorbent Kids Bubblegum Fragranced Tissues 170 Pack,$2.40,$0.01 each,"https://cdn.metcash.media/image/upload/f_auto,c_limit,w_300,q_auto/igashop/images/982639"
Youfoodz Give-Me Greens Smoothie 350g,$4.40,$1.26/100g,"https://cdn.metcash.media/image/upload/f_auto,c_limit,w_300,q_auto/igashop/images/180000002766"
Masterfoods Herbs And Spices Chilli Flakes 76g,$6.65,$8.75/100g,"https://cdn.metcash.media/image/upload/f_auto,c_limit,w_300,q_auto/igashop/images/180000005926"
Devondale Sparkling Apple Juice 750mL,$3.50,$0.47/100mL,"https://cdn.metcash.media/image/upload/f_auto,c_limit,w_300,q_auto/igashop/images/14059"
Vileda Active Scourer Super Absorbent 2 Pack,$4.80,$2.40 each,"https://cdn.metcash.media/image/upload/f_auto,c_limit,w_300,q_auto/igashop/images/20000004189"
Regal Manuka Smoked NZ King Salmon 100g,$15.95,$15.95/100g,"https://cdn.metcash.media/image/upload/f_auto,c_limit,w_300,q_auto/igashop/images/190000005223"
Mortein Kill & Protect DIY Insect Control Bomb Crawling Insects 3 Pack,$18.00,$6.00 each,"https://cdn.metcash.media/image/upload/f_auto,c_limit,w_300,q_auto/igashop/images/319255"
Skittles Fruit Share Bag 380g,$7.00,$1.84/100g,"https://cdn.metcash.media/image/upload/f_auto,c_limit,w_300,q_auto/igashop/images/190000004713"
Surf Laundry Liquid Tropical 1L,$6.75,$6.75/1L,"https://cdn.metcash.media/image/upload/f_auto,c_limit,w_300,q_auto/igashop/images/160000004739"
Reese's Peanut Butter & Choc Stick 4 Pack,$11.00,$2.75 each,"https://cdn.metcash.media/image/upload/f_auto,c_limit,w_300,q_auto/igashop/images/204117"
Purina Lucky Dog Roast Chicken Vegetable & Pasta Flavour 8kg,$23.00,$2.88/kg,"https://cdn.metcash.media/image/upload/f_auto,c_limit,w_300,q_auto/igashop/images/920946"
Sorbent Extra Thick White Toilet Tissue 8 Pack,$5.35,$0.67 each,"https://cdn.metcash.media/image/upload/f_auto,c_limit,w_300,q_auto/igashop/images/346480"
"San Remo Pulse Pasta Spaghetti Peas, Lentils, Chickpeas & Borlotti Beans 250g",$4.00,$1.60/100g,"https://cdn.metcash.media/image/upload/f_auto,c_limit,w_300,q_auto/igashop/images/635224"
The Man Shake Chocolate 840g,$49.95,$5.95/100g,"https://cdn.metcash.media/image/upload/f_auto,c_limit,w_300,q_auto/igashop/images/160000013085"
Schwarzkopf Brilliance 37 Hypnotic Red,$22.00,N/A,"https://cdn.metcash.media/image/upload/f_auto,c_limit,w_300,q_auto/igashop/images/245260"
Cadbury Moro Caramel Max 50g,$1.50,$3.00/100g,"https://cdn.metcash.media/image/upload/f_auto,c_limit,w_300,q_auto/igashop/images/1800000067434"
Beerenberg Smoke Honey Mustard 155g,$5.05,$3.26/100g,"https://cdn.metcash.media/image/upload/f_auto,c_limit,w_300,q_auto/igashop/images/190000000991"
Rexona Women Antiperspirant Roll On Deodorant Shower Fresh 50mL,$3.50,$7.00/100mL,"https://cdn.metcash.media/image/upload/f_auto,c_limit,w_300,q_auto/igashop/images/326032"
Tony's Chocolonely Dark Sea Salted Almond 180g,$11.95,$6.64/100g,"https://cdn.metcash.media/image/upload/f_auto,c_limit,w_300,q_auto/igashop/images/180000001594"
Baked Provision Donut Jam & Cream 150g,$7.70,$5.13/100g,"https://cdn.metcash.media/image/upload/f_auto,c_limit,w_300,q_auto/igashop/images/244549"
Whiskas Wet Cat Food Tuna & Sardine Flavours 1.8kg,$11.00,$6.11/kg,"https://cdn.metcash.media/image/upload/f_auto,c_limit,w_300,q_auto/igashop/images/150000006380"
Australian Botanical Soap Manuka Honey 200g,$4.40,$2.20/100g,"https://cdn.metcash.media/image/upload/f_auto,c_limit,w_300,q_auto/igashop/images/302130"
Doritos Corn Chips Cheese Supreme 380g,$6.50,$1.71/100g,"https://cdn.metcash.media/image/upload/f_auto,c_limit,w_300,q_auto/igashop/images/726198"
Green Chillies 50g,Final cost based on weight,$1.60/$31.95,"https://cdn.metcash.media/image/upload/f_auto,c_limit,w_300,q_auto/igashop/images/80060100"
Stacy's Parmesan Garlic & Herb Pita Chips 170g,$4.60,$2.71/100g,"https://cdn.metcash.media/image/upload/f_auto,c_limit,w_300,q_auto/igashop/images/765812"
Movietime Popcorn Bag Multi Coloured 150g,$2.75,$1.83/100g,"https://cdn.metcash.media/image/upload/f_auto,c_limit,w_300,q_auto/igashop/images/605266"
Breaka Banana Flavoured Milk 500mL,$3.10,$0.62/100mL,"https://cdn.metcash.media/image/upload/f_auto,c_limit,w_300,q_auto/igashop/images/695371"
Leggo's Tomato Paste 500g,$4.80,$0.96/100g,"https://cdn.metcash.media/image/upload/f_auto,c_limit,w_300,q_auto/igashop/images/44143"
Nicorette Nicotine Gum Classic Extra Strength 30 Pack,$16.60,$0.55 each,"https://cdn.metcash.media/image/upload/f_auto,c_limit,w_300,q_auto/igashop/images/160000002254"
Purina Total Care Grooming Brush & Shine,$15.00,N/A,"https://cdn.metcash.media/image/upload/f_auto,c_limit,w_300,q_auto/igashop/images/1800000069791"
Earth Choice Ultra Concentrate Laundry Powder 2kg,$16.00,$8.00/kg,"https://cdn.metcash.media/image/upload/f_auto,c_limit,w_300,q_auto/igashop/images/62015"
Guylian Belgian Classics 215g,$17.00,$7.91/100g,"https://cdn.metcash.media/image/upload/f_auto,c_limit,w_300,q_auto/igashop/images/958923"
Coca-Cola Zero Sugar Vanilla Cans 10 Pack,$10.50,$1.05 each,"https://cdn.metcash.media/image/upload/f_auto,c_limit,w_300,q_auto/igashop/images/180000006327"
NIVEA Protect & Moisture Moisture Lock SPF50+ Sunscreen Lotion 100mL,$15.00,$15.00/100mL,"https://cdn.metcash.media/image/upload/f_auto,c_limit,w_300,q_auto/igashop/images/665122"
Nobby's Peanuts Salted 375g,$3.25,$0.87/100g,"https://cdn.metcash.media/image/upload/f_auto,c_limit,w_300,q_auto/igashop/images/45806"
Napro Palette Permanent Hair Colour 5-99 Rosewood Violet,$8.50,N/A,"https://cdn.metcash.media/image/upload/f_auto,c_limit,w_300,q_auto/igashop/images/602268"
Tommee Tippee Fresh Food Feeder,$11.05,N/A,"https://cdn.metcash.media/image/upload/f_auto,c_limit,w_300,q_auto/igashop/images/430721"
Maggie Beer Quince Paste 100g,$6.30,$6.30/100g,"https://cdn.metcash.media/image/upload/f_auto,c_limit,w_300,q_auto/igashop/images/160000013729"
Bulla Lactose Free Dollop Cream 200mL,$4.20,$2.10/100mL,https://www.igashop.com.au/static/default-product-image.png
Golden Days Sesame Snaps 40g,$1.25,$3.13/100g,"https://cdn.metcash.media/image/upload/f_auto,c_limit,w_300,q_auto/igashop/images/190000004213"
Yates Thrive Fertiliser All Purpose Granular 500g,$11.45,$2.29/100g,"https://cdn.metcash.media/image/upload/f_auto,c_limit,w_300,q_auto/igashop/images/206428"
Laucke Golden Brioche Bread Mix 1kg,$7.25,$7.25/kg,"https://cdn.metcash.media/image/upload/f_auto,c_limit,w_300,q_auto/igashop/images/190000003123"
Vaseline Intensive Care Body Lotion Deep Restore 750mL,$14.85,$1.98/100mL,"https://cdn.metcash.media/image/upload/f_auto,c_limit,w_300,q_auto/igashop/images/32146"
Fab Spice Desire Laundry Triple Capsules 312g,$9.00,$2.88/100g,"https://cdn.metcash.media/image/upload/f_auto,c_limit,w_300,q_auto/igashop/images/180000002853"
Life Savers Bunny Fruit Tingle 170g,$10.00,$5.88/100g,"https://cdn.metcash.media/image/upload/f_auto,c_limit,w_300,q_auto/igashop/images/288810"
Strepsils Herbal Cough + Lozenges Honey Lemon 16 Pack,$9.00,$0.56 each,"https://cdn.metcash.media/image/upload/f_auto,c_limit,w_300,q_auto/igashop/images/523419"
Domestos Multipurpose Bleach Mountain Fresh 1.25L,$6.60,$5.28/1L,"https://cdn.metcash.media/image/upload/f_auto,c_limit,w_300,q_auto/igashop/images/7727"
Breaka Chocolate Milk 6 Pack,$7.35,$1.23 each,"https://cdn.metcash.media/image/upload/f_auto,c_limit,w_300,q_auto/igashop/images/13671"
White Wings Plain Flour 5kg,$12.35,$2.47/kg,"https://cdn.metcash.media/image/upload/f_auto,c_limit,w_300,q_auto/igashop/images/622307"
John West Yellowfin Tuna Springwater 90g,$2.50,$2.78/100g,"https://cdn.metcash.media/image/upload/f_auto,c_limit,w_300,q_auto/igashop/images/180000006277"
MasterFoods Thyme Leaves 10g,$3.50,$35.00/100g,"https://cdn.metcash.media/image/upload/f_auto,c_limit,w_300,q_auto/igashop/images/363335"
Jack Hammer Hex Keys Set 8 Pack,$6.00,$0.75 each,https://www.igashop.com.au/static/default-product-image.png
Sorbent Thick & Large Facial Tissues 95 Pack,$1.70,$0.02 each,"https://cdn.metcash.media/image/upload/f_auto,c_limit,w_300,q_auto/igashop/images/477176"
Continental Recipe Base Mild Mince Curry 40g,$1.80,$4.50/100g,"https://cdn.metcash.media/image/upload/f_auto,c_limit,w_300,q_auto/igashop/images/428834"
Happy Soy Boy 1L,$5.00,$5.00/1L,"https://cdn.metcash.media/image/upload/f_auto,c_limit,w_300,q_auto/igashop/images/20000003551"
Community Co Red Wine Vinegar 500mL,$3.40,$0.68/100mL,"https://cdn.metcash.media/image/upload/f_auto,c_limit,w_300,q_auto/igashop/images/798941"
Yates Scale Gun Ready To Use 750mL,$12.00,$1.60/100mL,"https://cdn.metcash.media/image/upload/f_auto,c_limit,w_300,q_auto/igashop/images/812169"
Freedom Foods Messy Monkeys Rice Puff Bars Vanilla 6 Pack,$6.99,$1.17 each,"https://cdn.metcash.media/image/upload/f_auto,c_limit,w_300,q_auto/igashop/images/32581"
True Thai Oyster Sauce 300mL,$3.60,$1.20/100mL,"https://cdn.metcash.media/image/upload/f_auto,c_limit,w_300,q_auto/igashop/images/160000012601"
Arnott's Cracker Chips Sea Salt & Balsamic Vinegar 150g,$3.50,$2.33/100g,"https://cdn.metcash.media/image/upload/f_auto,c_limit,w_300,q_auto/igashop/images/455690"
Arnott's TeeVee Snack Iced Chocolate 165g,$4.00,$2.42/100g,"https://cdn.metcash.media/image/upload/f_auto,c_limit,w_300,q_auto/igashop/images/240082"
Musashi Protein Wafer Bar Vanilla 40g,$4.50,$11.25/100g,"https://cdn.metcash.media/image/upload/f_auto,c_limit,w_300,q_auto/igashop/images/950857"
Bel The Laughing Cow Cheese Spread 128g,$5.00,$3.91/100g,"https://cdn.metcash.media/image/upload/f_auto,c_limit,w_300,q_auto/igashop/images/150000007632"
Dove Men+Care Advanced Care Antiperspirant Roll On Clean Comfort 50mL,$5.00,$10.00/100mL,"https://cdn.metcash.media/image/upload/f_auto,c_limit,w_300,q_auto/igashop/images/323330"
Kehoe's Turmeric Cauliflower 410g,$11.95,$2.91/100g,"https://cdn.metcash.media/image/upload/f_auto,c_limit,w_300,q_auto/igashop/images/20000005022"
Bonds Comfy Tops Slimming Sheer Tights Nude Large,$8.00,N/A,"https://cdn.metcash.media/image/upload/f_auto,c_limit,w_300,q_auto/igashop/images/337601"
Morning Fresh Dishwashing Liquid Lime Fresh 900mL,$5.00,$0.56/100mL,"https://cdn.metcash.media/image/upload/f_auto,c_limit,w_300,q_auto/igashop/images/458813"
Lean Cuisine Lamb & Rosemary Hotpot 280g,$6.00,$2.14/100g,"https://cdn.metcash.media/image/upload/f_auto,c_limit,w_300,q_auto/igashop/images/160000012852"
Gatorade No Sugar Berry Sports Drink 600mL,$2.10,$0.35/100mL,"https://cdn.metcash.media/image/upload/f_auto,c_limit,w_300,q_auto/igashop/images/170614"
Tom Piper Beef Savoury Mince Vegetable 400g,$4.00,$1.00/100g,"https://cdn.metcash.media/image/upload/f_auto,c_limit,w_300,q_auto/igashop/images/645664"
Domestos Multipurpose Bleach Original 1.25L,$6.60,$5.28/1L,"https://cdn.metcash.media/image/upload/f_auto,c_limit,w_300,q_auto/igashop/images/417689"
Energizer 1616 3V Lithium Battery,$6.50,N/A,"https://cdn.metcash.media/image/upload/f_auto,c_limit,w_300,q_auto/igashop/images/20000007328"
Billson's Fairy Floss Cordial 700mL,$11.95,$17.07/1L,"https://cdn.metcash.media/image/upload/f_auto,c_limit,w_300,q_auto/igashop/images/193379"
Nescafe Dolce Gusto Americano Rich Aroma Capsules 16 Pack,$12.00,$0.75 each,"https://cdn.metcash.media/image/upload/f_auto,c_limit,w_300,q_auto/igashop/images/366540"
Telfast Allergy Medication 120Mg Tablets 10 Pack,$10.30,$1.03 each,https://www.igashop.com.au/static/default-product-image.png
Heinz Beanz Cheesy Tomato 300g,$2.80,$0.93/100g,"https://cdn.metcash.media/image/upload/f_auto,c_limit,w_300,q_auto/igashop/images/891252"
Jack Hammer Double Adaptor Horizontal,$4.60,N/A,https://www.igashop.com.au/static/default-product-image.png
Mission Wraps Mini Wholeweat 8 Pack,$5.00,$0.63 each,"https://cdn.metcash.media/image/upload/f_auto,c_limit,w_300,q_auto/igashop/images/950543"
Vaalia Kids Lactose Free Probiotics Yoghurt Strawberry 140g,$2.50,$1.79/100g,"https://cdn.metcash.media/image/upload/f_auto,c_limit,w_300,q_auto/igashop/images/384941"
MasterFoods Herbs and Spices Cloves Ground 26g,$3.50,$13.46/100g,"https://cdn.metcash.media/image/upload/f_auto,c_limit,w_300,q_auto/igashop/images/170000003120"
Lindor Milk Egg Bag 124g,$13.75,$11.09/100g,"https://cdn.metcash.media/image/upload/f_auto,c_limit,w_300,q_auto/igashop/images/839336"
Dine Desire Wet Cat Food Pure Tuna White meat Can 6 Pack,$12.00,$2.00 each,"https://cdn.metcash.media/image/upload/f_auto,c_limit,w_300,q_auto/igashop/images/25152"
MILKLAB Macadamia 1L,$6.95,$6.95/1L,"https://cdn.metcash.media/image/upload/f_auto,c_limit,w_300,q_auto/igashop/images/579059"
Streets Golden Gaytime Ice Confection Vanilla Malt Shake 4 Pack,$4.75,$1.19 each,"https://cdn.metcash.media/image/upload/f_auto,c_limit,w_300,q_auto/igashop/images/161356"
Bonsoy Almond Milk 1L,$4.50,$4.50/1L,"https://cdn.metcash.media/image/upload/f_auto,c_limit,w_300,q_auto/igashop/images/160000014128"
Black & Gold Jasmine Rice 5kg,$13.50,$2.70/kg,https://www.igashop.com.au/static/default-product-image.png
Steggles Fresh Chicken Giblets,$4.99,N/A,"https://cdn.metcash.media/image/upload/f_auto,c_limit,w_300,q_auto/igashop/images/639236"
The Pet Hub Bouncy Ball M,$6.80,N/A,https://www.igashop.com.au/static/default-product-image.png
Economy Scotch Fillet 700g,Final cost based on weight,$32.55/$46.50,"https://cdn.metcash.media/image/upload/f_auto,c_limit,w_300,q_auto/igashop/images/80080123"
Pantene Pro-V Daily Moisture Renewal Shampoo 375mL,$10.00,$2.67/100mL,"https://cdn.metcash.media/image/upload/f_auto,c_limit,w_300,q_auto/igashop/images/781614"
White King Premium Bleach Lemon 2.5L,$3.95,$1.58/1L,"https://cdn.metcash.media/image/upload/f_auto,c_limit,w_300,q_auto/igashop/images/62866"
Harvest Snaps Pea Original Salted 5 Pack,$3.50,$0.70 each,"https://cdn.metcash.media/image/upload/f_auto,c_limit,w_300,q_auto/igashop/images/20000006696"
Obento Yaki Nori For Sushi 10 Pack,$4.00,$0.40 each,"https://cdn.metcash.media/image/upload/f_auto,c_limit,w_300,q_auto/igashop/images/836257"
Hubba Bubba Seriously Strawberry Bubble Gum Chunk 5 Piece 35g,$1.55,$4.43/100g,"https://cdn.metcash.media/image/upload/f_auto,c_limit,w_300,q_auto/igashop/images/89452"
Powerade Strawberry & Lemon Sports Drink Sipper Cap 600mL,$2.70,$0.45/100mL,"https://cdn.metcash.media/image/upload/f_auto,c_limit,w_300,q_auto/igashop/images/20000002452"
Black & Gold Table Spread 500g,$2.20,$0.44/100g,"https://cdn.metcash.media/image/upload/f_auto,c_limit,w_300,q_auto/igashop/images/172904"
Nestlé Coffee Mate Coffee Flavouring Whitener 400g,$4.50,$1.13/100g,"https://cdn.metcash.media/image/upload/f_auto,c_limit,w_300,q_auto/igashop/images/37659"
Gordon’s Alcohol Free with Tonic & Hint of Lime 4 Pack,$15.90,$3.98 each,"https://cdn.metcash.media/image/upload/f_auto,c_limit,w_300,q_auto/igashop/images/190000007023"
Poise Pads Regular 16 Pack,$7.70,$0.48 each,"https://cdn.metcash.media/image/upload/f_auto,c_limit,w_300,q_auto/igashop/images/373513"
Explora Bibs Roll & Go 2 Pack,$12.75,$6.38 each,"https://cdn.metcash.media/image/upload/f_auto,c_limit,w_300,q_auto/igashop/images/454615"
Robitussin Cough Syrups Chesty Cough 200mL,$13.00,$6.50/100mL,"https://cdn.metcash.media/image/upload/f_auto,c_limit,w_300,q_auto/igashop/images/351472"
Kirks Sugar Free Pasito Passionfruit Multipack Cans Soft Drink 375mL 10 Pack,$15.00,$1.50 each,"https://cdn.metcash.media/image/upload/f_auto,c_limit,w_300,q_auto/igashop/images/289515"
Fanta Zero Sugar Soft Drink Bottle 600mL,$4.00,$6.67/1L,"https://cdn.metcash.media/image/upload/f_auto,c_limit,w_300,q_auto/igashop/images/566438"
Glade Solid Air Freshener Lavender 180g,$2.80,$1.56/100g,"https://cdn.metcash.media/image/upload/f_auto,c_limit,w_300,q_auto/igashop/images/514198"
Zyrtec Hay Fever Rapid Acting Mini Tablets 10 Pack,$11.20,$1.12 each,"https://cdn.metcash.media/image/upload/f_auto,c_limit,w_300,q_auto/igashop/images/849420"
Jacob's Wafers Vanilla 370g,$4.00,$1.08/100g,https://www.igashop.com.au/static/default-product-image.png
Ma Baker Baking Mallows Multicolor 150g,$3.15,$2.10/100g,"https://cdn.metcash.media/image/upload/f_auto,c_limit,w_300,q_auto/igashop/images/273679"
D'Orsogna Middle Bacon 1.5kg,$29.05,$19.37/kg,https://www.igashop.com.au/static/default-product-image.png
Hrvst St Orange Sky Cold Press Juice 1L,$10.99,$10.99/1L,"https://cdn.metcash.media/image/upload/f_auto,c_limit,w_300,q_auto/igashop/images/20000006235"
Nutty Bruce Smooth Almond Butter 250g,$11.00,$4.40/100g,"https://cdn.metcash.media/image/upload/f_auto,c_limit,w_300,q_auto/igashop/images/803657"
Black & Gold White Sugar 3kg,$3.85,$1.28/kg,"https://cdn.metcash.media/image/upload/f_auto,c_limit,w_300,q_auto/igashop/images/423923"
Nescafe Coffee Sachets Cappucino 26 Pack,$12.50,$0.48 each,"https://cdn.metcash.media/image/upload/f_auto,c_limit,w_300,q_auto/igashop/images/09300605112858_C1N1"
K-Roo Kangaroo Fresh Mince 1kg,$14.60,$14.60/kg,"https://cdn.metcash.media/image/upload/f_auto,c_limit,w_300,q_auto/igashop/images/917029"
Trident Laksa Flavour Thai Noodle Soup 50g,$1.25,$2.50/100g,"https://cdn.metcash.media/image/upload/f_auto,c_limit,w_300,q_auto/igashop/images/3642"
Happy Cake Co Red Velvet 450g,$12.00,$2.67/100g,https://www.igashop.com.au/static/default-product-image.png
Dine Desire Salmon In Seafood Sauce 7 Pack,$5.00,$0.71 each,"https://cdn.metcash.media/image/upload/f_auto,c_limit,w_300,q_auto/igashop/images/49664"
Glad Wavetop Tie Small 72 Pack,$5.90,$0.08 each,"https://cdn.metcash.media/image/upload/f_auto,c_limit,w_300,q_auto/igashop/images/160000011737"
Youjuice Immunity Super Boosta 100mL,$3.00,$30.00/1L,"https://cdn.metcash.media/image/upload/f_auto,c_limit,w_300,q_auto/igashop/images/229502"
So Good Choc Bliss Frozen Dessert 1L,$8.90,$8.90/1L,"https://cdn.metcash.media/image/upload/f_auto,c_limit,w_300,q_auto/igashop/images/126725"
Bunsters Hot Sauce 236mL,$9.99,$4.23/100mL,"https://cdn.metcash.media/image/upload/f_auto,c_limit,w_300,q_auto/igashop/images/9041"
My Muscle Chef Thai Green Chicken Curry With Basmati Rice 320g,$11.95,$3.73/100g,"https://cdn.metcash.media/image/upload/f_auto,c_limit,w_300,q_auto/igashop/images/150000007568"
Ward's Fruit Saline 300g,$4.75,$1.58/100g,"https://cdn.metcash.media/image/upload/f_auto,c_limit,w_300,q_auto/igashop/images/20000004190"
YoPRO Perform Yoghurt Strawberry Pouch 175g,$3.90,$2.23/100g,"https://cdn.metcash.media/image/upload/f_auto,c_limit,w_300,q_auto/igashop/images/1800000069855"
Schmackos Dog Treat BBQ Flavour Rawhide Drumsticks 130g,$6.20,$4.77/100g,"https://cdn.metcash.media/image/upload/f_auto,c_limit,w_300,q_auto/igashop/images/160000003133"
Nescafe 98% Sugar Free Caramel Latte Sachets 10 Pack,$4.00,$0.40 each,"https://cdn.metcash.media/image/upload/f_auto,c_limit,w_300,q_auto/igashop/images/190000002330"
Mars Bar Funsize 192g,$5.25,$2.73/100g,"https://cdn.metcash.media/image/upload/f_auto,c_limit,w_300,q_auto/igashop/images/20000000180"
Bega Peanut Butter Dark Roast Smooth 470g,$6.40,$1.36/100g,"https://cdn.metcash.media/image/upload/f_auto,c_limit,w_300,q_auto/igashop/images/1800000069522"
McCain Peas 500g,$3.70,$0.74/100g,"https://cdn.metcash.media/image/upload/f_auto,c_limit,w_300,q_auto/igashop/images/106123"
Chux Magic Eraser Kitchen 2 Pack,$6.35,$3.18 each,"https://cdn.metcash.media/image/upload/f_auto,c_limit,w_300,q_auto/igashop/images/12251"
True Thai Lite Coconut Milk 400mL,$2.50,$0.63/100mL,"https://cdn.metcash.media/image/upload/f_auto,c_limit,w_300,q_auto/igashop/images/160000012454"
Jack Hammer Mini Pliers Set 3 Pack,$11.20,$3.73 each,https://www.igashop.com.au/static/default-product-image.png
Mungalli Creek Belgian Chocolate Ice Cream 475mL,$11.95,$2.52/100mL,"https://cdn.metcash.media/image/upload/f_auto,c_limit,w_300,q_auto/igashop/images/20000004309"
Mainland Lunch On The Go Balsamic Beetroot Relish 110g,$5.00,$4.55/100g,"https://cdn.metcash.media/image/upload/f_auto,c_limit,w_300,q_auto/igashop/images/494628"
Baby U Bamboo Spoon & Fork,$5.25,N/A,"https://cdn.metcash.media/image/upload/f_auto,c_limit,w_300,q_auto/igashop/images/315264"
Jalna Yoghurt Greek Style 2kg,$15.00,$7.50/kg,"https://cdn.metcash.media/image/upload/f_auto,c_limit,w_300,q_auto/igashop/images/195651"
Duck Active Foam Marine Rim Block 38.6g,$7.25,$18.78/100g,"https://cdn.metcash.media/image/upload/f_auto,c_limit,w_300,q_auto/igashop/images/479107"
Dettol Disinfectant Wipes Surface Fresh 240 Pack,$18.00,$0.08 each,"https://cdn.metcash.media/image/upload/f_auto,c_limit,w_300,q_auto/igashop/images/243129"
Extra White Peppermint Chewing Gum Sugar Free 4 Pack,$5.00,$1.25 each,"https://cdn.metcash.media/image/upload/f_auto,c_limit,w_300,q_auto/igashop/images/89884"
Black & Gold Chocolate Bavarian 450g,$4.30,$0.96/100g,"https://cdn.metcash.media/image/upload/f_auto,c_limit,w_300,q_auto/igashop/images/193764"
McCain Man Size Butter Chicken 480g,$7.50,$1.56/100g,"https://cdn.metcash.media/image/upload/f_auto,c_limit,w_300,q_auto/igashop/images/594389"
Nescafe Gold Original 200g,$13.80,$6.90/100g,"https://cdn.metcash.media/image/upload/f_auto,c_limit,w_300,q_auto/igashop/images/11459"
Raid Max Outdoor Surface Spray 2L,$31.00,$15.50/1L,"https://cdn.metcash.media/image/upload/f_auto,c_limit,w_300,q_auto/igashop/images/150000000574"
Glad Snap Lock Large Storage Bags 10 Pack,$3.50,$0.35 each,"https://cdn.metcash.media/image/upload/f_auto,c_limit,w_300,q_auto/igashop/images/6535"
Marbig Scrapbook 64 Page,$5.85,N/A,"https://cdn.metcash.media/image/upload/f_auto,c_limit,w_300,q_auto/igashop/images/242534"
Betty Crocker Strawberry Frosting 400g,$3.50,$0.88/100g,"https://cdn.metcash.media/image/upload/f_auto,c_limit,w_300,q_auto/igashop/images/921337"
Sellotape 48mm x 50m Packaging Tape Clear,$3.15,N/A,"https://cdn.metcash.media/image/upload/f_auto,c_limit,w_300,q_auto/igashop/images/713970"
Lean Cuisine Chicken Carbonara 280g,$6.00,$2.14/100g,https://www.igashop.com.au/static/default-product-image.png
Arnott's Cruskits Rye 125g,$4.00,$3.20/100g,"https://cdn.metcash.media/image/upload/f_auto,c_limit,w_300,q_auto/igashop/images/921777"
Easy Off Bam Wipes Bathroom 110 Pack,$13.00,$0.12 each,"https://cdn.metcash.media/image/upload/f_auto,c_limit,w_300,q_auto/igashop/images/244887"
Lauria Specialty Sweets Raspberry Petite 190g,$7.99,$4.21/100g,"https://cdn.metcash.media/image/upload/f_auto,c_limit,w_300,q_auto/igashop/images/20000000201"
Who Gives A Crap Toilet Paper 3-Ply 6 Pack,$8.00,$1.33 each,"https://cdn.metcash.media/image/upload/f_auto,c_limit,w_300,q_auto/igashop/images/6686"
Barilla Spaghettini No 3 500g,$3.00,$0.60/100g,"https://cdn.metcash.media/image/upload/f_auto,c_limit,w_300,q_auto/igashop/images/20385"
Fibre One Cake Bar Triple Chocolate 100g,$6.90,$6.90/100g,"https://cdn.metcash.media/image/upload/f_auto,c_limit,w_300,q_auto/igashop/images/263111"
Green's Maple Syrup 375g,$4.00,$1.07/100g,"https://cdn.metcash.media/image/upload/f_auto,c_limit,w_300,q_auto/igashop/images/615821"
Sistema Klip It Rectangular Container 1L,$3.15,N/A,"https://cdn.metcash.media/image/upload/f_auto,c_limit,w_300,q_auto/igashop/images/897774"
Green's Lamington Strawberries & Cream 4 Pack,$5.30,$1.33 each,"https://cdn.metcash.media/image/upload/f_auto,c_limit,w_300,q_auto/igashop/images/464835"
Dettol Washing Machine Cleaner Citrus Burst 250mL,$4.00,$1.60/100mL,"https://cdn.metcash.media/image/upload/f_auto,c_limit,w_300,q_auto/igashop/images/940205"
Lipton Ice Tea Lemon 1.5L,$5.50,$3.67/1L,"https://cdn.metcash.media/image/upload/f_auto,c_limit,w_300,q_auto/igashop/images/360060"
Redds Cristal Wine 8 Cups 175mL,$3.95,$2.26/100mL,https://www.igashop.com.au/static/default-product-image.png
Tena Incontinence Pants Plus Night Medium 12 Pack,$25.00,$2.08 each,"https://cdn.metcash.media/image/upload/f_auto,c_limit,w_300,q_auto/igashop/images/310455"
Palmolive Foaming Liquid Hand Wash Soap Vanilla & Sweet Almond 400mL,$5.00,$1.25/100mL,"https://cdn.metcash.media/image/upload/f_auto,c_limit,w_300,q_auto/igashop/images/762720"
Cuttaway Creek Jam Blackcurrant 220g,$8.95,$4.07/100g,https://www.igashop.com.au/static/default-product-image.png
Noshu Less Sugar Bites Milk Chocolate Wafer Crisp 100g,$6.50,$6.50/100g,"https://cdn.metcash.media/image/upload/f_auto,c_limit,w_300,q_auto/igashop/images/269942"
Trek Oat Bar Biscoff 50g,$3.90,$7.80/100g,"https://cdn.metcash.media/image/upload/f_auto,c_limit,w_300,q_auto/igashop/images/1800000068316"
Mighty Soft White Wraps 360g,$3.90,$1.08/100g,https://www.igashop.com.au/static/default-product-image.png
Sanpellegrino Clementina Sparkling Fruit Drink 330mL,$3.50,$1.06/100mL,"https://cdn.metcash.media/image/upload/f_auto,c_limit,w_300,q_auto/igashop/images/20000003655"
Feel Good Foods Corn Chips 500g,$10.50,$2.10/100g,"https://cdn.metcash.media/image/upload/f_auto,c_limit,w_300,q_auto/igashop/images/190000005135"
Decor Tellfresh Oblong Storer 4L,$11.00,N/A,"https://cdn.metcash.media/image/upload/f_auto,c_limit,w_300,q_auto/igashop/images/227597"
Olina's Bakehouse Artisan Crackers Date & Apricot 100g,$2.50,$2.50/100g,"https://cdn.metcash.media/image/upload/f_auto,c_limit,w_300,q_auto/igashop/images/6130"
Fresh Up Big Fizz Drink Feijoa Burst 500mL,$3.55,$0.71/100mL,"https://cdn.metcash.media/image/upload/f_auto,c_limit,w_300,q_auto/igashop/images/190000005226"
Carefree Panty Liners Breathable 48 Pack,$7.00,$0.15 each,"https://cdn.metcash.media/image/upload/f_auto,c_limit,w_300,q_auto/igashop/images/63639"
Betadine Anaesthetic Sore Throat Lozenges Berry 16 Pack,$8.00,$0.50 each,"https://cdn.metcash.media/image/upload/f_auto,c_limit,w_300,q_auto/igashop/images/944924"
Colgate Advanced Whitening Tartar Control Whitening Toothpaste 130g,$9.00,$6.92/100g,"https://cdn.metcash.media/image/upload/f_auto,c_limit,w_300,q_auto/igashop/images/24910"
Dare Iced Coffee Caramel Latte 750mL,$5.40,$0.72/100mL,"https://cdn.metcash.media/image/upload/f_auto,c_limit,w_300,q_auto/igashop/images/170000003259"
Eveready Gold AA Battery 20 Pack,$23.65,$1.18 each,"https://cdn.metcash.media/image/upload/f_auto,c_limit,w_300,q_auto/igashop/images/647742"
United Organics Organic Broccoli 500g,$7.95,$1.59/100g,"https://cdn.metcash.media/image/upload/f_auto,c_limit,w_300,q_auto/igashop/images/180000001581"
Earth Choice Ultra Concentrate Sensitive Laundry Liquid 1L,$7.20,$7.20/1L,"https://cdn.metcash.media/image/upload/f_auto,c_limit,w_300,q_auto/igashop/images/307211"
Birds Eye Sliced Beans 500g,$3.55,$0.71/100g,"https://cdn.metcash.media/image/upload/f_auto,c_limit,w_300,q_auto/igashop/images/106424"
Nestlé Aero Peppermint 40g,$1.50,$3.75/100g,"https://cdn.metcash.media/image/upload/f_auto,c_limit,w_300,q_auto/igashop/images/12751"
Spice & Co Ground Cassia Cinnamon 65g,$3.75,$5.77/100g,"https://cdn.metcash.media/image/upload/f_auto,c_limit,w_300,q_auto/igashop/images/190000002388"
Wattle Valley Chunky Dip Basil With Cashew & Parmesan 150g,$5.15,$3.43/100g,"https://cdn.metcash.media/image/upload/f_auto,c_limit,w_300,q_auto/igashop/images/180000000219"
Signature Collection Christmas Pudding 800g,$4.00,$0.50/100g,"https://cdn.metcash.media/image/upload/f_auto,c_limit,w_300,q_auto/igashop/images/190000004381"
Redheads Foil-sealed Firelighters Fire Lighters 24 Pack,$5.50,$0.23 each,"https://cdn.metcash.media/image/upload/f_auto,c_limit,w_300,q_auto/igashop/images/444987"
MasterFoods Sausage Hot Pot Slow Cook Recipe Base 175g,$3.00,$1.71/100g,"https://cdn.metcash.media/image/upload/f_auto,c_limit,w_300,q_auto/igashop/images/77887"
Cadbury Picnic Chocolate Bar Twin Pack 67g,$2.75,$4.10/100g,"https://cdn.metcash.media/image/upload/f_auto,c_limit,w_300,q_auto/igashop/images/387208"
Genius Gluten Free Crumpets 4 Pack,$6.00,$1.50 each,"https://cdn.metcash.media/image/upload/f_auto,c_limit,w_300,q_auto/igashop/images/160000011108"
Grove Juice Signature Cold Pressed Orange Juice With Pulp 350mL,$3.50,$1.00/100mL,"https://cdn.metcash.media/image/upload/f_auto,c_limit,w_300,q_auto/igashop/images/425797"
Golden Circle Orange Juice No Added Sugar Multipack Poppers 6 Pack,$4.70,$0.78 each,"https://cdn.metcash.media/image/upload/f_auto,c_limit,w_300,q_auto/igashop/images/445991"
Tony's Chocolate Pretzel Toffee 180g,$10.75,$5.97/100g,https://www.igashop.com.au/static/default-product-image.png
Finish Quantum Ultimate Pro Dishwasher Tablets Lemon 16 Pack,$11.00,$0.69 each,"https://cdn.metcash.media/image/upload/f_auto,c_limit,w_300,q_auto/igashop/images/710370"
Birds Eye Snap Frozen Peas & Corn 1kg,$6.50,$6.50/kg,"https://cdn.metcash.media/image/upload/f_auto,c_limit,w_300,q_auto/igashop/images/198065"
Kan Tong Black Bean Stir Fry Cooking Sauce 510g,$4.00,$0.78/100g,"https://cdn.metcash.media/image/upload/f_auto,c_limit,w_300,q_auto/igashop/images/390450"
SPC Fruit Snacks Diced Peach Gold Apple Juice 120g,$2.80,$2.33/100g,https://www.igashop.com.au/static/default-product-image.png
Toscano Classic Brioche Rolls 280g,$5.95,$2.12/100g,https://www.igashop.com.au/static/default-product-image.png
Whittaker's Jelly Tip Chocolate Block 250g,$9.00,$3.60/100g,"https://cdn.metcash.media/image/upload/f_auto,c_limit,w_300,q_auto/igashop/images/190000001611"
McCain Pub Size Dinner Rich Beef Meatballs With Creamy Mash & Gravy 480g,$7.50,$1.56/100g,"https://cdn.metcash.media/image/upload/f_auto,c_limit,w_300,q_auto/igashop/images/524729"
Bel Laughing Cow Cheese 120g,$5.30,$4.42/100g,https://www.igashop.com.au/static/default-product-image.png
Primo Streaky Bacon 200g,$5.70,$2.85/100g,"https://cdn.metcash.media/image/upload/f_auto,c_limit,w_300,q_auto/igashop/images/984296"
Vitasoy Whole Almond Milk Chocolate 330mL,$3.50,$1.06/100mL,"https://cdn.metcash.media/image/upload/f_auto,c_limit,w_300,q_auto/igashop/images/849103"
Listerine Fresh Burst Mouthwash 500mL,$4.00,$0.80/100mL,"https://cdn.metcash.media/image/upload/f_auto,c_limit,w_300,q_auto/igashop/images/372936"
Captain's Table Cracker Cracked Pepper 125g,$2.20,$1.76/100g,"https://cdn.metcash.media/image/upload/f_auto,c_limit,w_300,q_auto/igashop/images/435522"
Health Lab Aussie Lamington Snack Ball 40g,$3.70,$9.25/100g,"https://cdn.metcash.media/image/upload/f_auto,c_limit,w_300,q_auto/igashop/images/190000001837"
Sard Colour Catcher Max Protect Colour Run Protector For Mixed Washes 15 Pack,$6.00,$0.40 each,"https://cdn.metcash.media/image/upload/f_auto,c_limit,w_300,q_auto/igashop/images/978884"
Baker's Oven Cream Lamington 350g,$4.80,$1.37/100g,"https://cdn.metcash.media/image/upload/f_auto,c_limit,w_300,q_auto/igashop/images/925852"
Acqua Panna Natural Mineral Water 6 Pack,$9.95,$1.66 each,"https://cdn.metcash.media/image/upload/f_auto,c_limit,w_300,q_auto/igashop/images/20000000503"
Heinz Brekkie To Go Muesli Banana Mango and Yogurt 150g,$1.80,$1.20/100g,"https://cdn.metcash.media/image/upload/f_auto,c_limit,w_300,q_auto/igashop/images/70788"
Nestlé Milo Protein Breakfast Cereal 535g,$4.75,$0.89/100g,"https://cdn.metcash.media/image/upload/f_auto,c_limit,w_300,q_auto/igashop/images/301760"
Community Co Assorted Mini Iced Cupcakes 12 Pack,$8.25,$0.69 each,"https://cdn.metcash.media/image/upload/f_auto,c_limit,w_300,q_auto/igashop/images/180000005015"
Val Verde Butter Beans 400g,$2.00,$0.50/100g,"https://cdn.metcash.media/image/upload/f_auto,c_limit,w_300,q_auto/igashop/images/788933"
Perfect Italiano Ricotta Original 250g,$5.00,$2.00/100g,"https://cdn.metcash.media/image/upload/f_auto,c_limit,w_300,q_auto/igashop/images/107674"
Purina Total Care Flea & Lice Control Plus for Cats & Kittens,$19.50,N/A,"https://cdn.metcash.media/image/upload/f_auto,c_limit,w_300,q_auto/igashop/images/150000000546"
Atkins Day Break Chocolate Hazel 5 Pack,$15.30,$3.06 each,"https://cdn.metcash.media/image/upload/f_auto,c_limit,w_300,q_auto/igashop/images/797212"
Annalisa Lentils 400g,$1.90,$0.48/100g,"https://cdn.metcash.media/image/upload/f_auto,c_limit,w_300,q_auto/igashop/images/387965"
Dairy-Free Down Under Sour Cream Style 160g,$6.95,$4.34/100g,"https://cdn.metcash.media/image/upload/f_auto,c_limit,w_300,q_auto/igashop/images/20000001871"
Mortein Powergard Flying Insect Killer Spray 300g,$11.50,$3.83/100g,"https://cdn.metcash.media/image/upload/f_auto,c_limit,w_300,q_auto/igashop/images/917642"
Huggies Newborn Nappies for Boys & Girls Size 1 (up to 5kg) 54 Pack,$13.00,$0.24 each,"https://cdn.metcash.media/image/upload/f_auto,c_limit,w_300,q_auto/igashop/images/758336"
De-Gas Liquid Capsules 24 Pack,$9.00,$0.38 each,"https://cdn.metcash.media/image/upload/f_auto,c_limit,w_300,q_auto/igashop/images/364705"
Barossa Fine Foods French Salami 100g,$6.50,$6.50/100g,"https://cdn.metcash.media/image/upload/f_auto,c_limit,w_300,q_auto/igashop/images/660651"
Duck Toilet Fresh Disc Lavender 36mL,$7.30,$20.28/100mL,"https://cdn.metcash.media/image/upload/f_auto,c_limit,w_300,q_auto/igashop/images/840701"
Cadbury Marvellous Creations Cola Fizz 50g,$1.20,$2.40/100g,"https://cdn.metcash.media/image/upload/f_auto,c_limit,w_300,q_auto/igashop/images/180000005350"
Bonsoy Soy Milk 1L,$4.50,$4.50/1L,"https://cdn.metcash.media/image/upload/f_auto,c_limit,w_300,q_auto/igashop/images/496099"
Ratsak Double Strength 350g,$9.80,$2.80/100g,"https://cdn.metcash.media/image/upload/f_auto,c_limit,w_300,q_auto/igashop/images/65880"
Oral-B Essential Waxed Dental Floss Mint Flavour 50m,$3.20,N/A,"https://cdn.metcash.media/image/upload/f_auto,c_limit,w_300,q_auto/igashop/images/488711"
Sara Lee Bluey Apple Cinnamon Muffins 4 Pack,$3.85,$0.96 each,"https://cdn.metcash.media/image/upload/f_auto,c_limit,w_300,q_auto/igashop/images/180000005477"
Viennese Franks 1kg,Final cost based on weight,$9.50/$9.50,"https://cdn.metcash.media/image/upload/f_auto,c_limit,w_300,q_auto/igashop/images/80072023"
Your Bakery Peppermint Slices 6 Pack,$7.45,$1.24 each,https://www.igashop.com.au/static/default-product-image.png
Holbrooks Worcestershire Sauce 250mL,$4.00,$1.60/100mL,"https://cdn.metcash.media/image/upload/f_auto,c_limit,w_300,q_auto/igashop/images/36556"
Moccona Latte 30 Pack,$13.00,$0.43 each,"https://cdn.metcash.media/image/upload/f_auto,c_limit,w_300,q_auto/igashop/images/345151"
Mission Corn Chips Chilli & Lime 230g,$4.50,$1.96/100g,"https://cdn.metcash.media/image/upload/f_auto,c_limit,w_300,q_auto/igashop/images/310882"
Nurofen Zavance Ibuprofen Mini Liquid Capsules 8 Pack,$5.25,$0.66 each,"https://cdn.metcash.media/image/upload/f_auto,c_limit,w_300,q_auto/igashop/images/514172"
Schmackos Chomp 'n' CHEW Dog Treat Beef 60g,$5.15,$8.58/100g,"https://cdn.metcash.media/image/upload/f_auto,c_limit,w_300,q_auto/igashop/images/349881"
Easy Off Drain Cleaner Pro Gel 1L,$14.00,$14.00/1L,https://www.igashop.com.au/static/default-product-image.png
Colgate Smiles My First Extra Soft Kids Toothbrush 0-2 Years,$3.50,N/A,"https://cdn.metcash.media/image/upload/f_auto,c_limit,w_300,q_auto/igashop/images/28260"
Decor Tellfresh Storer Oblong,$2.50,N/A,"https://cdn.metcash.media/image/upload/f_auto,c_limit,w_300,q_auto/igashop/images/228755"
G-FRESH Mustard Seeds Black 130g,$4.13,$3.18/100g,"https://cdn.metcash.media/image/upload/f_auto,c_limit,w_300,q_auto/igashop/images/918740"
Bosisto's Antiseptic Spray 55mL,$5.60,$10.18/100mL,"https://cdn.metcash.media/image/upload/f_auto,c_limit,w_300,q_auto/igashop/images/47251"
MasterFoods Honey Garlic & Soy Marinade 375g,$3.60,$0.96/100g,"https://cdn.metcash.media/image/upload/f_auto,c_limit,w_300,q_auto/igashop/images/38299"
Ecostore Dishwashing Liquid Grapefruit 500mL,$4.40,$0.88/100mL,"https://cdn.metcash.media/image/upload/f_auto,c_limit,w_300,q_auto/igashop/images/190000001923"
Philadelphia Cream Cheese Light Block 250g,$5.70,$2.28/100g,"https://cdn.metcash.media/image/upload/f_auto,c_limit,w_300,q_auto/igashop/images/181157"
Bref Spa Moments Vitality Rim Block Toilet Cleaner 100g,$5.50,$5.50/100g,"https://cdn.metcash.media/image/upload/f_auto,c_limit,w_300,q_auto/igashop/images/297181"
Kirks Sugar Free Creaming Soda Bottle Soft Drink 1.25L,$2.85,$2.28/1L,"https://cdn.metcash.media/image/upload/f_auto,c_limit,w_300,q_auto/igashop/images/605486"
Black & Gold Tropical Fruit Drink 6 Pack,$3.15,$0.53 each,"https://cdn.metcash.media/image/upload/f_auto,c_limit,w_300,q_auto/igashop/images/317994"
Dash Water Sparkling Water with Peach 330mL,$3.50,$1.06/100mL,"https://cdn.metcash.media/image/upload/f_auto,c_limit,w_300,q_auto/igashop/images/190000002077"
Norco Vanilla Custard 600mL,$4.60,$0.77/100mL,"https://cdn.metcash.media/image/upload/f_auto,c_limit,w_300,q_auto/igashop/images/8593"
Golden Circle Apple Juice 1L,$3.75,$3.75/1L,"https://cdn.metcash.media/image/upload/f_auto,c_limit,w_300,q_auto/igashop/images/445496"
Lindt Lindor Chocolate Balls Milk Chocolate 235g,$14.00,$5.96/100g,"https://cdn.metcash.media/image/upload/f_auto,c_limit,w_300,q_auto/igashop/images/80953"
Pauls Trim Vanilla Custard 600g,$4.20,$0.70/100g,"https://cdn.metcash.media/image/upload/f_auto,c_limit,w_300,q_auto/igashop/images/177433"
Glen 20 Spray Disinfectant All-In-One Lavender 300g,$11.00,$3.67/100g,"https://cdn.metcash.media/image/upload/f_auto,c_limit,w_300,q_auto/igashop/images/300154"
Rafferty's Garden Chicken Peas & Wholemeal Pasta 6+ Months 120g,$2.30,$1.92/100g,"https://cdn.metcash.media/image/upload/f_auto,c_limit,w_300,q_auto/igashop/images/24740"
Black & Gold Table Salt Plain Drum 500g,$2.10,$0.42/100g,"https://cdn.metcash.media/image/upload/f_auto,c_limit,w_300,q_auto/igashop/images/15356"
Elvive Shampoo Extraordinary Oil 300mL,$8.50,$2.83/100mL,"https://cdn.metcash.media/image/upload/f_auto,c_limit,w_300,q_auto/igashop/images/215095"
Sol Breads Organic Sesame Seed Sliced 620g,$8.50,$1.37/100g,https://www.igashop.com.au/static/default-product-image.png
J&Co Pistachio Salted 300g,$14.95,$4.98/100g,"https://cdn.metcash.media/image/upload/f_auto,c_limit,w_300,q_auto/igashop/images/190000004942"
Mutti Finely Chopped Tomatoes 210g,$1.50,$0.71/100g,"https://cdn.metcash.media/image/upload/f_auto,c_limit,w_300,q_auto/igashop/images/511784"
Wimmers Raspberry Lemonade Bottle 1.25L,$3.90,$3.12/1L,"https://cdn.metcash.media/image/upload/f_auto,c_limit,w_300,q_auto/igashop/images/190000004554"
Celsius Energy Drink Sparkling Cosmic Vibe 330mL,$4.00,$1.21/100mL,"https://cdn.metcash.media/image/upload/f_auto,c_limit,w_300,q_auto/igashop/images/180000004966"
Ayam Sweet Chilli Sauce 435mL,$5.30,$1.22/100mL,"https://cdn.metcash.media/image/upload/f_auto,c_limit,w_300,q_auto/igashop/images/180000000461"
Maybelline Fit Me Matte & Poreless Foundation - Ivory 115 30mL,$26.00,$86.67/100mL,"https://cdn.metcash.media/image/upload/f_auto,c_limit,w_300,q_auto/igashop/images/908020"
Cobram Estate Extra Virgin Olive Oil Lemon Infused 250mL,$11.00,$4.40/100mL,"https://cdn.metcash.media/image/upload/f_auto,c_limit,w_300,q_auto/igashop/images/16000001541"
Community Co Water Sparkling 500mL,$12.00,$2.40/100mL,"https://cdn.metcash.media/image/upload/f_auto,c_limit,w_300,q_auto/igashop/images/1800000068419"
Blue Dinosaur Mac Lemon Bar 45g,$3.70,$8.22/100g,"https://cdn.metcash.media/image/upload/f_auto,c_limit,w_300,q_auto/igashop/images/1794"
Impressed Orange Pulp Free Juice 1L,$5.00,$5.00/1L,"https://cdn.metcash.media/image/upload/f_auto,c_limit,w_300,q_auto/igashop/images/180000004565"
Bundaberg Diet Lemon Lime & Bitters 4 Pack,$6.30,$1.58 each,"https://cdn.metcash.media/image/upload/f_auto,c_limit,w_300,q_auto/igashop/images/388123"
Saxa Natural Sea Salt Refillable Grinder 200g,$6.65,$3.33/100g,"https://cdn.metcash.media/image/upload/f_auto,c_limit,w_300,q_auto/igashop/images/697030"
Youfoodz Fuel'D Chicken In Satay Sauce 405g,$10.80,$2.67/100g,https://www.igashop.com.au/static/default-product-image.png
Barilla Penne Pasta Gluten Free 340g,$4.70,$1.38/100g,"https://cdn.metcash.media/image/upload/f_auto,c_limit,w_300,q_auto/igashop/images/919791__1_"
Slape & Sons Sausage Meat 500g,$6.25,$1.25/100g,"https://cdn.metcash.media/image/upload/f_auto,c_limit,w_300,q_auto/igashop/images/913054"
Buderim Ginger Ginger Refresher Cordial 750mL,$4.50,$0.60/100mL,"https://cdn.metcash.media/image/upload/f_auto,c_limit,w_300,q_auto/igashop/images/362892"
ViledaAnsell Gloves Dermo Plus Large,$3.70,N/A,"https://cdn.metcash.media/image/upload/f_auto,c_limit,w_300,q_auto/igashop/images/727408"
Old El Paso Mild Jumbo 10 Taco Kit 345g,$9.50,$2.75/100g,"https://cdn.metcash.media/image/upload/f_auto,c_limit,w_300,q_auto/igashop/images/364682"
Pampas Filo Pastry 375g,$6.30,$1.68/100g,"https://cdn.metcash.media/image/upload/f_auto,c_limit,w_300,q_auto/igashop/images/110889"
Brubecks Boutique Foods Pizza Melbourne 475g,$16.95,$3.57/100g,"https://cdn.metcash.media/image/upload/f_auto,c_limit,w_300,q_auto/igashop/images/378275"
Community Co Vanilla Yoghurt Kids Pouch 70g,$0.80,$1.14/100g,"https://cdn.metcash.media/image/upload/f_auto,c_limit,w_300,q_auto/igashop/images/190000010634"
Birds Eye Steam Fresh Grains Plus Couscous with Chickpeas 400g,$5.50,$1.38/100g,https://www.igashop.com.au/static/default-product-image.png
Continental Pasta & Sauce Alfredo Garlic & Herbs 145g,$3.80,$2.62/100g,"https://cdn.metcash.media/image/upload/f_auto,c_limit,w_300,q_auto/igashop/images/1800000067486"
ViledaAnsell Gloves Smart Small,$2.20,N/A,"https://cdn.metcash.media/image/upload/f_auto,c_limit,w_300,q_auto/igashop/images/135054"
Taylors of Harrogate Yorkshire Tea Bags Classic 100 Pack,$6.30,$0.06 each,"https://cdn.metcash.media/image/upload/f_auto,c_limit,w_300,q_auto/igashop/images/791910"
Maggi Cheese & Garlic Potato Bake 24g,$1.85,$7.71/100g,"https://cdn.metcash.media/image/upload/f_auto,c_limit,w_300,q_auto/igashop/images/834700"
Youfoodz Cookies & Cream Protein Bites 80g,$4.95,$6.19/100g,"https://cdn.metcash.media/image/upload/f_auto,c_limit,w_300,q_auto/igashop/images/809153"
Pantene Pro-V Long & Strong Conditioner 375mL,$10.00,$2.67/100mL,"https://cdn.metcash.media/image/upload/f_auto,c_limit,w_300,q_auto/igashop/images/781813"
John West Wild Alaskan Red Salmon 210g,$10.00,$4.76/100g,"https://cdn.metcash.media/image/upload/f_auto,c_limit,w_300,q_auto/igashop/images/18118"
Ryvita Sesame Rye 250g,$3.85,$1.54/100g,"https://cdn.metcash.media/image/upload/f_auto,c_limit,w_300,q_auto/igashop/images/302020"
Community Co Dried Cranberries 200g,$5.00,$2.50/100g,"https://cdn.metcash.media/image/upload/f_auto,c_limit,w_300,q_auto/igashop/images/861370"
Sara Lee Pearl Sugar Waffles 260g,$3.75,$1.44/100g,"https://cdn.metcash.media/image/upload/f_auto,c_limit,w_300,q_auto/igashop/images/180000002487"
Uncle Tobys Oats Quick Sachets Breakfast Cereal Protein Variety 280g,$5.50,$1.96/100g,"https://cdn.metcash.media/image/upload/f_auto,c_limit,w_300,q_auto/igashop/images/180000005548"
Swordfish Steaks 1kg,Final cost based on weight,$54.95/$54.95,"https://cdn.metcash.media/image/upload/f_auto,c_limit,w_300,q_auto/igashop/images/80072116"
Goulburn Valley Fruit Salad In Juice Fruit Cups 170g 2 Pack,$4.80,$2.40 each,"https://cdn.metcash.media/image/upload/f_auto,c_limit,w_300,q_auto/igashop/images/850641"
T-Bone Steak 500g,Final cost based on weight,$19.50/$39.00,"https://cdn.metcash.media/image/upload/f_auto,c_limit,w_300,q_auto/igashop/images/80080027"
Kraft Cheddar Block 250g,$5.25,$2.10/100g,https://www.igashop.com.au/static/default-product-image.png
Ayam Teriyaki Sauce 210mL,$3.60,$1.71/100mL,"https://cdn.metcash.media/image/upload/f_auto,c_limit,w_300,q_auto/igashop/images/839988"
L'Abruzzese No.4 Egg Linguine 375g,$7.25,$1.93/100g,https://www.igashop.com.au/static/default-product-image.png
Chobani Flip Greek Yoghurt Cookies & Cream Crunch 140g,$4.00,$2.86/100g,"https://cdn.metcash.media/image/upload/f_auto,c_limit,w_300,q_auto/igashop/images/180000000023"
Baked Provisions Family Pie Chicken 700g,$12.60,$1.80/100g,https://www.igashop.com.au/static/default-product-image.png
Kind Salted Caramel Dark Chocolate Multipack Nut Bars 4 Pack,$6.70,$1.68 each,"https://cdn.metcash.media/image/upload/f_auto,c_limit,w_300,q_auto/igashop/images/180000001008"
Heinz Chicken & Vegetable Risotto 170g,$1.80,$1.06/100g,"https://cdn.metcash.media/image/upload/f_auto,c_limit,w_300,q_auto/igashop/images/339331"
On The Menu Pub Favourites Beef Meatloaf 320g,$7.30,$2.28/100g,"https://cdn.metcash.media/image/upload/f_auto,c_limit,w_300,q_auto/igashop/images/160000012854"
Sunbites Grain Waves Sour Cream & Chives Wholegrain Chips 170g,$5.00,$2.94/100g,"https://cdn.metcash.media/image/upload/f_auto,c_limit,w_300,q_auto/igashop/images/777107"
Purina Total Care Petcare Pixar Alien Dog toy,$6.05,N/A,"https://cdn.metcash.media/image/upload/f_auto,c_limit,w_300,q_auto/igashop/images/516674"
Arnott's Gluten Free Shortbread Cream 144g,$5.50,$3.82/100g,"https://cdn.metcash.media/image/upload/f_auto,c_limit,w_300,q_auto/igashop/images/562086"
Marions Kitchen Coconut Siracha 360mL,$5.00,$1.39/100mL,"https://cdn.metcash.media/image/upload/f_auto,c_limit,w_300,q_auto/igashop/images/1800000070931"
U By Kotex Ultra Thins Super Pads With Wings 10 Pack,$4.90,$0.49 each,"https://cdn.metcash.media/image/upload/f_auto,c_limit,w_300,q_auto/igashop/images/887805"
Nestle Nesquik Breakfast Cereal 600g,$8.80,$1.47/100g,"https://cdn.metcash.media/image/upload/f_auto,c_limit,w_300,q_auto/igashop/images/180000005901"
Philadelphia Cream Cheese Sweet Chilli Pourovers 250g,$4.50,$1.80/100g,"https://cdn.metcash.media/image/upload/f_auto,c_limit,w_300,q_auto/igashop/images/139265"
Libra Extra Pads Regular 12 Pack,$5.70,$0.47 each,"https://cdn.metcash.media/image/upload/f_auto,c_limit,w_300,q_auto/igashop/images/900894"
Robert Timms Coffee Bags Caramel 36g,$4.50,$12.50/100g,"https://cdn.metcash.media/image/upload/f_auto,c_limit,w_300,q_auto/igashop/images/180000002620"
Safcol Yellowfin Tuna Chunks in Springwater 95g,$2.30,$2.42/100g,"https://cdn.metcash.media/image/upload/f_auto,c_limit,w_300,q_auto/igashop/images/190000003258"
Campbell's Shortbread Box 150g,$5.50,$3.67/100g,https://www.igashop.com.au/static/default-product-image.png
Pauls Vanilla Custard 2kg,$8.20,$4.10/kg,"https://cdn.metcash.media/image/upload/f_auto,c_limit,w_300,q_auto/igashop/images/184765"
V Guarana Energy Drink Original 250mL,$2.65,$1.06/100mL,"https://cdn.metcash.media/image/upload/f_auto,c_limit,w_300,q_auto/igashop/images/436497"
Rosella Aristocrat Onions Cocktail White 150g,$2.40,$1.60/100g,"https://cdn.metcash.media/image/upload/f_auto,c_limit,w_300,q_auto/igashop/images/35291"
Tub Gummy Bears 100g,$3.60,$3.60/100g,"https://cdn.metcash.media/image/upload/f_auto,c_limit,w_300,q_auto/igashop/images/20000006880"
Coopers Brew Enhancer No.2 1kg,$10.20,$10.20/kg,"https://cdn.metcash.media/image/upload/f_auto,c_limit,w_300,q_auto/igashop/images/326545"
Frico Cheese Smoked Cut 150g,$7.70,$5.13/100g,"https://cdn.metcash.media/image/upload/f_auto,c_limit,w_300,q_auto/igashop/images/147718"
Bundaberg Raw Sugar 1kg,$2.85,$2.85/kg,"https://cdn.metcash.media/image/upload/f_auto,c_limit,w_300,q_auto/igashop/images/648502"
Schmackos Strapz Dog Treat Beef 1kg,$24.00,$24.00/kg,"https://cdn.metcash.media/image/upload/f_auto,c_limit,w_300,q_auto/igashop/images/64318"
Weight Watchers Frozen Meal Bowl Beef Hot Pot 320g,$6.65,$2.08/100g,"https://cdn.metcash.media/image/upload/f_auto,c_limit,w_300,q_auto/igashop/images/128109"
Patak's Paste Curry Vindaloo 283g,$7.50,$2.65/100g,"https://cdn.metcash.media/image/upload/f_auto,c_limit,w_300,q_auto/igashop/images/160000013750"
Black & Gold Desiccated Coconut 250g,$3.30,$1.32/100g,"https://cdn.metcash.media/image/upload/f_auto,c_limit,w_300,q_auto/igashop/images/38605"
Youfoodz Chicken Penne with Sundried Tomato Sauce 316g,$10.95,$3.47/100g,"https://cdn.metcash.media/image/upload/f_auto,c_limit,w_300,q_auto/igashop/images/20000007107"
L&P Lemon & Paeroa Bottle 600mL,$5.00,$0.83/100mL,"https://cdn.metcash.media/image/upload/f_auto,c_limit,w_300,q_auto/igashop/images/190000004716"
La Tosca Potato Gnocchi 500g,$5.50,$1.10/100g,"https://cdn.metcash.media/image/upload/f_auto,c_limit,w_300,q_auto/igashop/images/20000007176"
Smith's Poppables Cheddar Cheese 90g,$4.80,$5.33/100g,"https://cdn.metcash.media/image/upload/f_auto,c_limit,w_300,q_auto/igashop/images/778153"
Chum Beef & Vegetable 1.2kg,$4.00,$3.33/kg,"https://cdn.metcash.media/image/upload/f_auto,c_limit,w_300,q_auto/igashop/images/41103"
Great Temptations Banana Choc Chip 6 Pack,$9.20,$1.53 each,"https://cdn.metcash.media/image/upload/f_auto,c_limit,w_300,q_auto/igashop/images/20000000696"
Cadbury Christmas Plush Stocking Selection 181g,$8.50,$4.70/100g,"https://cdn.metcash.media/image/upload/f_auto,c_limit,w_300,q_auto/igashop/images/453826"
Red Bull Energy Drink Bottle 330mL,$4.10,$1.24/100mL,"https://cdn.metcash.media/image/upload/f_auto,c_limit,w_300,q_auto/igashop/images/366671"
Smith's Crinkle Cut Potato Chips Chicken Gravy 150g,$3.75,$2.50/100g,https://www.igashop.com.au/static/default-product-image.png
Annalisa Italian Diced Tomatoes 400g,$1.50,$0.38/100g,"https://cdn.metcash.media/image/upload/f_auto,c_limit,w_300,q_auto/igashop/images/441078"
Depend Real Fit For Women Underwear Extra Large 8 Pack,$15.25,$1.91 each,"https://cdn.metcash.media/image/upload/f_auto,c_limit,w_300,q_auto/igashop/images/380984"
Bickford's Raspberry Flavoured Cordial No Added Sugar 750mL,$5.00,$0.67/100mL,https://www.igashop.com.au/static/default-product-image.png
Palmolive Ultra - Gentle Care Mild Fragrance Dishwashing Liquid 500mL,$5.50,$1.10/100mL,"https://cdn.metcash.media/image/upload/f_auto,c_limit,w_300,q_auto/igashop/images/150000007848"
G-FRESH Garden Fresh Carraway Seeds 90g,$3.39,$3.77/100g,"https://cdn.metcash.media/image/upload/f_auto,c_limit,w_300,q_auto/igashop/images/180000000182"
Purina One Adult Indoor with Chicken in Gravy Wet Cat Food 70g,$1.60,$2.29/100g,"https://cdn.metcash.media/image/upload/f_auto,c_limit,w_300,q_auto/igashop/images/990970"
Sunraysia Juice Pomegranate 1L,$6.50,$6.50/1L,"https://cdn.metcash.media/image/upload/f_auto,c_limit,w_300,q_auto/igashop/images/633303"
Slape & Sons Traditional Range Aussie Beef Burgers 800g,$12.00,$1.50/100g,"https://cdn.metcash.media/image/upload/f_auto,c_limit,w_300,q_auto/igashop/images/20000001877"
BIC Lighter Mega Lighter U140,$8.00,N/A,"https://cdn.metcash.media/image/upload/f_auto,c_limit,w_300,q_auto/igashop/images/769861"
Whittaker's Block Chocolate Honey Nougat & Almond 250g,$9.00,$3.60/100g,https://www.igashop.com.au/static/default-product-image.png
Eat Pasta Pappardelle 375g,$6.00,$1.60/100g,"https://cdn.metcash.media/image/upload/f_auto,c_limit,w_300,q_auto/igashop/images/9263"
Fehlbergs Sandwich Stackers 500g,$3.20,$0.64/100g,"https://cdn.metcash.media/image/upload/f_auto,c_limit,w_300,q_auto/igashop/images/659236"
Nestlé Kit Kat Chocolate Drumstick Block 165g,$7.50,$4.55/100g,"https://cdn.metcash.media/image/upload/f_auto,c_limit,w_300,q_auto/igashop/images/180000003633"
Clearwipe Lens Cleaner 60 Pack,$9.00,$0.15 each,"https://cdn.metcash.media/image/upload/f_auto,c_limit,w_300,q_auto/igashop/images/50296"
Birds Eye Oriental Stir Fry Value Pack 850g,$5.50,$0.65/100g,"https://cdn.metcash.media/image/upload/f_auto,c_limit,w_300,q_auto/igashop/images/181631"
Lurpak Unsalted Danish Butter 250g,$7.25,$2.90/100g,"https://cdn.metcash.media/image/upload/f_auto,c_limit,w_300,q_auto/igashop/images/994445"
Biobag Compostable Waste Bags 10L 20 Pack,$4.15,$0.21 each,"https://cdn.metcash.media/image/upload/f_auto,c_limit,w_300,q_auto/igashop/images/20000001428"
Four 'N Twenty Classic Meat Pie,$2.90,N/A,"https://cdn.metcash.media/image/upload/f_auto,c_limit,w_300,q_auto/igashop/images/610083"
AusFresh Marinated Green Split Olives 150g,$4.10,$2.73/100g,"https://cdn.metcash.media/image/upload/f_auto,c_limit,w_300,q_auto/igashop/images/20000003465"
Schweppes Classic Mixers Lemon Lime & Bitters Zero Sugar 4 Pack,$3.50,$0.88 each,"https://cdn.metcash.media/image/upload/f_auto,c_limit,w_300,q_auto/igashop/images/983193"
Daily Juice Breakfast Juice 500mL,$3.55,$0.71/100mL,"https://cdn.metcash.media/image/upload/f_auto,c_limit,w_300,q_auto/igashop/images/165973"
OGX Shampoo Renewing Argan Oil Of Morocco 385mL,$11.50,$2.99/100mL,"https://cdn.metcash.media/image/upload/f_auto,c_limit,w_300,q_auto/igashop/images/221868"
NIVEA MEN Cool Kick Roll-On 50mL,$2.50,$5.00/100mL,"https://cdn.metcash.media/image/upload/f_auto,c_limit,w_300,q_auto/igashop/images/404911"
Smith's Crinkle Cut Barbecue Potato Chips 45g,$1.50,$3.33/100g,"https://cdn.metcash.media/image/upload/f_auto,c_limit,w_300,q_auto/igashop/images/836786"
Radiant Colour Care Laundry Powder Front & Top Loader 1kg,$9.25,$9.25/kg,"https://cdn.metcash.media/image/upload/f_auto,c_limit,w_300,q_auto/igashop/images/638248"
Nestlé Soothers Herbal Echinacea Plus Vitamin C Lozenges 63g,$5.65,$8.97/100g,https://www.igashop.com.au/static/default-product-image.png
Kewpie Mayonnaise 50% Reduced Fat 300g,$5.50,$1.83/100g,"https://cdn.metcash.media/image/upload/f_auto,c_limit,w_300,q_auto/igashop/images/313157"
Rufus & Coco Zero Odour Natural Litter 2kg,$12.00,$6.00/kg,"https://cdn.metcash.media/image/upload/f_auto,c_limit,w_300,q_auto/igashop/images/191071"
Balfours Premium Fruit Hot Cross Bun 6 Pack,$6.10,$1.02 each,"https://cdn.metcash.media/image/upload/f_auto,c_limit,w_300,q_auto/igashop/images/629008"
Well Being Lower Carb Bread 650g,$6.80,$1.05/100g,"https://cdn.metcash.media/image/upload/f_auto,c_limit,w_300,q_auto/igashop/images/20000006875"
Mainland Cracker Cuts Tasty Cheddar Cheese 120g,$6.00,$5.00/100g,"https://cdn.metcash.media/image/upload/f_auto,c_limit,w_300,q_auto/igashop/images/101356"
San Remo Spaghetti Angel Hair Pasta No 9 500g,$2.95,$0.59/100g,"https://cdn.metcash.media/image/upload/f_auto,c_limit,w_300,q_auto/igashop/images/393924"
J Luehders Soft Vegan Candy Fruity Flowers 80g,$3.75,$4.69/100g,"https://cdn.metcash.media/image/upload/f_auto,c_limit,w_300,q_auto/igashop/images/20000000227"
Aunty Kath's Anzac Biscuit Dough 450g,$7.65,$1.70/100g,https://www.igashop.com.au/static/default-product-image.png
Neutrogena Ultra Sheer Body Lotion Sunscreen SPF 50 85mL,$10.00,$11.76/100mL,"https://cdn.metcash.media/image/upload/f_auto,c_limit,w_300,q_auto/igashop/images/357465"
Sprite Zero Sugar Lemonade Soft Drink 1.25L,$2.50,$2.00/1L,"https://cdn.metcash.media/image/upload/f_auto,c_limit,w_300,q_auto/igashop/images/864441_1"
Turban Chopsticks Curry Paste Satay Peanuts 240g,$11.75,$4.90/100g,"https://cdn.metcash.media/image/upload/f_auto,c_limit,w_300,q_auto/igashop/images/190000002434"
Colgate Mouthwash Plax Peppermint 1L,$6.00,$6.00/1L,"https://cdn.metcash.media/image/upload/f_auto,c_limit,w_300,q_auto/igashop/images/760003"
The Juice Lab Wellness Shot Immunity 60mL,$2.50,$41.67/1L,"https://cdn.metcash.media/image/upload/f_auto,c_limit,w_300,q_auto/igashop/images/252924"
Bakers Collection Mini Tart Shells 8 Pack,$6.50,$0.81 each,"https://cdn.metcash.media/image/upload/f_auto,c_limit,w_300,q_auto/igashop/images/20000001848"
Yoplait Petit Miam Yoghurt Vanilla 70g,$1.00,$1.43/100g,"https://cdn.metcash.media/image/upload/f_auto,c_limit,w_300,q_auto/igashop/images/180915"
Wildly Good Golden Kraut 500g,$6.00,$1.20/100g,"https://cdn.metcash.media/image/upload/f_auto,c_limit,w_300,q_auto/igashop/images/190000002473"
Heinz Broad Beans 500g,$3.80,$0.76/100g,"https://cdn.metcash.media/image/upload/f_auto,c_limit,w_300,q_auto/igashop/images/145083"
Neutrogena Night Calming Makeup Remover Facial Wipes 25 Pack,$9.00,$0.36 each,"https://cdn.metcash.media/image/upload/f_auto,c_limit,w_300,q_auto/igashop/images/377339"
Winn Cherries Red Glace 200g,$5.10,$2.55/100g,"https://cdn.metcash.media/image/upload/f_auto,c_limit,w_300,q_auto/igashop/images/190000005013"
Easy-Off Bam Bathroom Cleaner Active Foam Lemon Zing 390g,$5.00,$1.28/100g,"https://cdn.metcash.media/image/upload/f_auto,c_limit,w_300,q_auto/igashop/images/371448"
BabyBoo Unscented Baby Wipes 80 Pack,$2.00,$0.03 each,"https://cdn.metcash.media/image/upload/f_auto,c_limit,w_300,q_auto/igashop/images/764109"
Four 'N Twenty Beef & Cheese Pies 4 Pack,$8.00,$2.00 each,"https://cdn.metcash.media/image/upload/f_auto,c_limit,w_300,q_auto/igashop/images/181165"
CC's Cornados Corn Chips Sour Cream & Chives 110g,$2.50,$2.27/100g,"https://cdn.metcash.media/image/upload/f_auto,c_limit,w_300,q_auto/igashop/images/20000003230"
Gourmet Garden Garlic Paste 120g,$5.50,$4.58/100g,https://www.igashop.com.au/static/default-product-image.png
Bulla Splits Ice Cream Wildberry Orange Tropical 10 Pack,$5.00,$0.50 each,"https://cdn.metcash.media/image/upload/f_auto,c_limit,w_300,q_auto/igashop/images/170627"
Selleys Super Glue Fix N Go 3 Pack,$4.90,$1.63 each,"https://cdn.metcash.media/image/upload/f_auto,c_limit,w_300,q_auto/igashop/images/625423"
Extra White Spearmint Chewing Gum Sugar Free 4 Pack,$5.00,$1.25 each,"https://cdn.metcash.media/image/upload/f_auto,c_limit,w_300,q_auto/igashop/images/197637"
Smith's Potato Chips Salt 105g,$2.00,$1.90/100g,https://www.igashop.com.au/static/default-product-image.png
Bertolli Extra Virgin Olive Oil Robusto 750mL,$26.00,$3.47/100mL,"https://cdn.metcash.media/image/upload/f_auto,c_limit,w_300,q_auto/igashop/images/640091"
Birds Eye Deli Seasonal Catch Flathead In Light Batter 250g,$8.80,$3.52/100g,"https://cdn.metcash.media/image/upload/f_auto,c_limit,w_300,q_auto/igashop/images/37751"
Energizer 2025 3V Lithium Batteries 2 Pack,$10.00,$5.00 each,"https://cdn.metcash.media/image/upload/f_auto,c_limit,w_300,q_auto/igashop/images/20000007343"
Cadbury Marvelous Creations Easter Giftbox 232g,$9.00,$3.88/100g,"https://cdn.metcash.media/image/upload/f_auto,c_limit,w_300,q_auto/igashop/images/354661"
Cold Power Sensitive Pure Clean Powder Laundry Detergent 1kg,$10.00,$10.00/kg,"https://cdn.metcash.media/image/upload/f_auto,c_limit,w_300,q_auto/igashop/images/806744"
Arnott's Shapes Original BBQ 175g,$4.00,$2.29/100g,"https://cdn.metcash.media/image/upload/f_auto,c_limit,w_300,q_auto/igashop/images/611929"
Heinz Spicy BBQ Buffalo 500mL,$4.00,$0.80/100mL,"https://cdn.metcash.media/image/upload/f_auto,c_limit,w_300,q_auto/igashop/images/684728"
Nestlé KitKat Chocolate Gold Block 160g,$7.50,$4.69/100g,"https://cdn.metcash.media/image/upload/f_auto,c_limit,w_300,q_auto/igashop/images/370094"
Delucas Quiche Pumpkin & Spinach Quiche 800g,$20.95,$2.62/100g,"https://cdn.metcash.media/image/upload/f_auto,c_limit,w_300,q_auto/igashop/images/190000001723"
Breaka Iced Coffee 2L,$7.50,$3.75/1L,"https://cdn.metcash.media/image/upload/f_auto,c_limit,w_300,q_auto/igashop/images/186319"
Schwarzkopf Taft Styling Hairspray Strong Hold 200g,$7.00,$3.50/100g,"https://cdn.metcash.media/image/upload/f_auto,c_limit,w_300,q_auto/igashop/images/53859"
Community Co Strawberry Jam 500g,$2.80,$0.56/100g,"https://cdn.metcash.media/image/upload/f_auto,c_limit,w_300,q_auto/igashop/images/609464"
Colgate Total Mint Stripe Antibacterial Gel Toothpaste 200g,$6.00,$3.00/100g,"https://cdn.metcash.media/image/upload/f_auto,c_limit,w_300,q_auto/igashop/images/31467"
Half Bone In Leg Ham 5kg,Final cost based on weight,$29.95/$5.99,"https://cdn.metcash.media/image/upload/f_auto,c_limit,w_300,q_auto/igashop/images/80072133"
Jalna Premium Vanilla Yoghurt 170g,$2.00,$1.18/100g,"https://cdn.metcash.media/image/upload/f_auto,c_limit,w_300,q_auto/igashop/images/190000002793"
Glad Snap Lock Medium Storage Bags 15 Pack,$3.50,$0.23 each,"https://cdn.metcash.media/image/upload/f_auto,c_limit,w_300,q_auto/igashop/images/439843"
Cadbury Twirl Caramilk 39g,$3.00,$7.69/100g,"https://cdn.metcash.media/image/upload/f_auto,c_limit,w_300,q_auto/igashop/images/678586"
Chobani Fit Flip Yogurt Vanilla Choc Almond 140g,$4.50,$3.21/100g,https://www.igashop.com.au/static/default-product-image.png
Yumi's Beetoort & Hommus Dip 200g,$4.50,$2.25/100g,"https://cdn.metcash.media/image/upload/f_auto,c_limit,w_300,q_auto/igashop/images/965988"
Peters Original Choc Mint Swirl Ice Cream Tub 2L,$5.50,$2.75/1L,"https://cdn.metcash.media/image/upload/f_auto,c_limit,w_300,q_auto/igashop/images/180000004636"
Glad Freezer Snpaplock Bags Large 15 Pack,$4.10,$0.27 each,https://www.igashop.com.au/static/default-product-image.png
Cheetos Extruded Snacks Cheese And Bacon 90g,$3.75,$4.17/100g,"https://cdn.metcash.media/image/upload/f_auto,c_limit,w_300,q_auto/igashop/images/1800000067450"
Colgate Toothbrush Total Foaming Clean,$5.00,N/A,"https://cdn.metcash.media/image/upload/f_auto,c_limit,w_300,q_auto/igashop/images/180000005372"
Smith's Thinly Cut Potato Chips Sweet Chilli & Sour Cream 175g,$2.50,$1.43/100g,"https://cdn.metcash.media/image/upload/f_auto,c_limit,w_300,q_auto/igashop/images/673832"
Ozkleen De-Scaler Power Trigger 500mL,$10.85,$2.17/100mL,https://www.igashop.com.au/static/default-product-image.png
Bacco's Leaves Rosemary Organic Wheat Flatbread 130g,$11.95,$9.19/100g,"https://cdn.metcash.media/image/upload/f_auto,c_limit,w_300,q_auto/igashop/images/150000007630"
Harris Coffee Ground Very Strong 200g,$9.90,$4.95/100g,"https://cdn.metcash.media/image/upload/f_auto,c_limit,w_300,q_auto/igashop/images/858568"
V.I.P. Petfoods Paws Fresh Tender Chicken Chilled Dog and Cat Food 600g,$6.00,$1.00/100g,"https://cdn.metcash.media/image/upload/f_auto,c_limit,w_300,q_auto/igashop/images/110020"
Rafferty's Garden Mixed Berry Yoghurt Buttons 28g,$6.00,$21.43/100g,"https://cdn.metcash.media/image/upload/f_auto,c_limit,w_300,q_auto/igashop/images/126408"
Norsca Forest Fresh Anti-Perspirant Deodorant 150g,$7.50,$5.00/100g,"https://cdn.metcash.media/image/upload/f_auto,c_limit,w_300,q_auto/igashop/images/335667"
Five Brothers Roasted Garlic & Red Wine Pasta Sauce 500g,$4.60,$0.92/100g,"https://cdn.metcash.media/image/upload/f_auto,c_limit,w_300,q_auto/igashop/images/20000006682"
Byron Bay Macadamia Muesli Almond Fig & Pear 450g,$15.50,$3.44/100g,"https://cdn.metcash.media/image/upload/f_auto,c_limit,w_300,q_auto/igashop/images/160000013673"
Kinder Surprise Maxi Justice League 100g,$15.30,$15.30/100g,"https://cdn.metcash.media/image/upload/f_auto,c_limit,w_300,q_auto/igashop/images/135978"
Angas Park Peaches 200g,$6.80,$3.40/100g,"https://cdn.metcash.media/image/upload/f_auto,c_limit,w_300,q_auto/igashop/images/690651"
Remedy Kombucha Raspberry Lemonade 750mL,$5.50,$0.73/100mL,"https://cdn.metcash.media/image/upload/f_auto,c_limit,w_300,q_auto/igashop/images/180000000125"
Vileda Scrub Magic,$3.35,N/A,"https://cdn.metcash.media/image/upload/f_auto,c_limit,w_300,q_auto/igashop/images/211423"
Yoplait Yoghurt Strawberry 1kg,$4.95,$4.95/kg,"https://cdn.metcash.media/image/upload/f_auto,c_limit,w_300,q_auto/igashop/images/152289"
Birds Eye Potato Gems 1kg,$4.50,$4.50/kg,"https://cdn.metcash.media/image/upload/f_auto,c_limit,w_300,q_auto/igashop/images/159053"
Dr. Oetker Ristorante Mozzarella Pizza Gluten Free 370g,$10.00,$2.70/100g,"https://cdn.metcash.media/image/upload/f_auto,c_limit,w_300,q_auto/igashop/images/20000001660"
Scotch-Brite Non Scratch Foam Scrub 2 Pack,$3.85,$1.93 each,"https://cdn.metcash.media/image/upload/f_auto,c_limit,w_300,q_auto/igashop/images/318380"
I Choose Re-Use 80% Recycled Bag,$0.25,N/A,"https://cdn.metcash.media/image/upload/f_auto,c_limit,w_300,q_auto/igashop/images/160000018168"
Maltesers Pouch 280g,$8.00,$2.86/100g,"https://cdn.metcash.media/image/upload/f_auto,c_limit,w_300,q_auto/igashop/images/954076"
Rafferty's Garden Yoghurt Drop Mini Natural 8g,$2.50,$31.25/100g,"https://cdn.metcash.media/image/upload/f_auto,c_limit,w_300,q_auto/igashop/images/963392"
Tunnock's Snacks Real Milk Chocolate Caramel Wafer Biscuits 4 Pack,$4.30,$1.08 each,"https://cdn.metcash.media/image/upload/f_auto,c_limit,w_300,q_auto/igashop/images/739612"
Cottee's Apricot Jam 250g,$2.75,$1.10/100g,"https://cdn.metcash.media/image/upload/f_auto,c_limit,w_300,q_auto/igashop/images/58388"
Bulla Creamy Classics Mint Stick 4 Pack,$8.50,$2.13 each,"https://cdn.metcash.media/image/upload/f_auto,c_limit,w_300,q_auto/igashop/images/180000005934"
Cadbury Dairy Milk Milk Chocolate 360g,$8.50,$2.36/100g,"https://cdn.metcash.media/image/upload/f_auto,c_limit,w_300,q_auto/igashop/images/160000011336"
Musashi High Protein White Choc Caramel 90g,$6.25,$6.94/100g,"https://cdn.metcash.media/image/upload/f_auto,c_limit,w_300,q_auto/igashop/images/180000003138"
Continental Gourmet Risotto Mushroom & Chive 115g,$3.50,$3.04/100g,"https://cdn.metcash.media/image/upload/f_auto,c_limit,w_300,q_auto/igashop/images/282694"
Cadbury Turkish Delight Egg Bag 117g,$7.50,$6.41/100g,"https://cdn.metcash.media/image/upload/f_auto,c_limit,w_300,q_auto/igashop/images/930027"
Black & Gold Round Container 5 Pack,$3.00,$0.60 each,"https://cdn.metcash.media/image/upload/f_auto,c_limit,w_300,q_auto/igashop/images/242131"
Kellogg's LCMs Choc Chip 6 Pack,$5.00,$0.83 each,"https://cdn.metcash.media/image/upload/f_auto,c_limit,w_300,q_auto/igashop/images/17426"
Maggie Beer Products Cheese Classic Camembert 180g,$11.00,$6.11/100g,https://www.igashop.com.au/static/default-product-image.png
Norco Non Homogenised Full CreamMilk 2L,$5.00,$2.50/1L,"https://cdn.metcash.media/image/upload/f_auto,c_limit,w_300,q_auto/igashop/images/794785"
Community Co Chicken Schnitzel Breast 500g,$11.00,$2.20/100g,"https://cdn.metcash.media/image/upload/f_auto,c_limit,w_300,q_auto/igashop/images/870455"
Fairy Minute Miracle Clean 31 Pack,$52.00,$1.68 each,"https://cdn.metcash.media/image/upload/f_auto,c_limit,w_300,q_auto/igashop/images/245090"
Cuddly Hypoallergenic Fabric Softener Soft & Sensitive 2L,$15.00,$7.50/1L,"https://cdn.metcash.media/image/upload/f_auto,c_limit,w_300,q_auto/igashop/images/68346"
Old El Paso Tort Pocket Kit 375g,$9.50,$2.53/100g,"https://cdn.metcash.media/image/upload/f_auto,c_limit,w_300,q_auto/igashop/images/813437"
Well & Good Gluten Free Pastry Flour 400g,$7.50,$1.88/100g,"https://cdn.metcash.media/image/upload/f_auto,c_limit,w_300,q_auto/igashop/images/20000005742"
Gelista Gelati Peanut Butter with Choc Caramel Swirl 570mL,$10.95,$1.92/100mL,"https://cdn.metcash.media/image/upload/f_auto,c_limit,w_300,q_auto/igashop/images/20000006099"
INGHAM'S Crumbed Wing Dings,$24.99,N/A,"https://cdn.metcash.media/image/upload/f_auto,c_limit,w_300,q_auto/igashop/images/163222"
Napro Palette Permanent Hair Colour 4-0 Medium Brown,$9.50,N/A,"https://cdn.metcash.media/image/upload/f_auto,c_limit,w_300,q_auto/igashop/images/878039"
Palmolive Men Active Body Wash With Sea Minerals 0% Parabens Recyclable 1L,$12.00,$12.00/1L,"https://cdn.metcash.media/image/upload/f_auto,c_limit,w_300,q_auto/igashop/images/321299"
Warwick Meats 3 Star Beef Mince 1kg,$15.99,$15.99/kg,https://www.igashop.com.au/static/default-product-image.png
Bob Martin Puppy Training Pads 14 Pack,$13.70,$0.98 each,"https://cdn.metcash.media/image/upload/f_auto,c_limit,w_300,q_auto/igashop/images/710545"
Weight Watchers Beef & Tomato Bolognese 225g,$6.65,$2.96/100g,"https://cdn.metcash.media/image/upload/f_auto,c_limit,w_300,q_auto/igashop/images/190000001773"
Multix Kitchen Tidy Rose Scented 25 Pack,$3.05,$0.12 each,"https://cdn.metcash.media/image/upload/f_auto,c_limit,w_300,q_auto/igashop/images/32662"
Carman's Bircher Muesli 875g,$9.50,$1.09/100g,"https://cdn.metcash.media/image/upload/f_auto,c_limit,w_300,q_auto/igashop/images/866943"
The Cobbler Company Kids Scuff Shoe Polish Brown 75mL,$3.05,$4.07/100mL,https://www.igashop.com.au/static/default-product-image.png
JC's Sesh Snacks Easy Rider 130g,$3.60,$2.77/100g,"https://cdn.metcash.media/image/upload/f_auto,c_limit,w_300,q_auto/igashop/images/516514"
Tena Pads InstaDRY Long Length 6 Pack,$5.70,$0.95 each,"https://cdn.metcash.media/image/upload/f_auto,c_limit,w_300,q_auto/igashop/images/57138"
Sirena Tuna Chilli Lite 95g,$2.95,$3.11/100g,"https://cdn.metcash.media/image/upload/f_auto,c_limit,w_300,q_auto/igashop/images/408575"
Serious Organic Frozen Mixed Berries 250g,$7.80,$3.12/100g,"https://cdn.metcash.media/image/upload/f_auto,c_limit,w_300,q_auto/igashop/images/20000005972"
Redberry Emery Boards 10 Pack,$3.20,$0.32 each,"https://cdn.metcash.media/image/upload/f_auto,c_limit,w_300,q_auto/igashop/images/248043"
Continental Cup A Soup Creamy Mushroom With Croutons 2 Pack,$2.80,$1.40 each,"https://cdn.metcash.media/image/upload/f_auto,c_limit,w_300,q_auto/igashop/images/9559"
Lay's Potato Chips Nori Seaweed 150g,$5.10,$3.40/100g,https://www.igashop.com.au/static/default-product-image.png
Creative Gourmet Pineapple Pieces 500g,$5.50,$1.10/100g,"https://cdn.metcash.media/image/upload/f_auto,c_limit,w_300,q_auto/igashop/images/770362"
Remedy Kombucha Organic Ginger & Lemon 750mL,$5.50,$0.73/100mL,"https://cdn.metcash.media/image/upload/f_auto,c_limit,w_300,q_auto/igashop/images/180000000109"
Bloom Potting Mix 25L,$9.55,N/A,"https://cdn.metcash.media/image/upload/f_auto,c_limit,w_300,q_auto/igashop/images/711122"
Cakemark Large Coconut Macaroons 200g,$4.00,$2.00/100g,"https://cdn.metcash.media/image/upload/f_auto,c_limit,w_300,q_auto/igashop/images/134587"
Uncle Tobys Rolled Oats Ancient Grains Rye Puffed Quinoa & Millet 490g,$5.00,$1.02/100g,"https://cdn.metcash.media/image/upload/f_auto,c_limit,w_300,q_auto/igashop/images/542617"
Twinings Herbal Infusions Bags Pure Camomile 80 Pack,$13.50,$0.17 each,"https://cdn.metcash.media/image/upload/f_auto,c_limit,w_300,q_auto/igashop/images/160000012152"
Aerogard Insect Repellent Odourless Low Irritant 300g,$13.45,$4.48/100g,"https://cdn.metcash.media/image/upload/f_auto,c_limit,w_300,q_auto/igashop/images/6637"
Surf Laundry Capsules Aqua Fresh 390g,$14.00,$3.59/100g,"https://cdn.metcash.media/image/upload/f_auto,c_limit,w_300,q_auto/igashop/images/991154"
Papermate Correction Fluid 20mL,$2.75,$13.75/100mL,"https://cdn.metcash.media/image/upload/f_auto,c_limit,w_300,q_auto/igashop/images/236172"
Band-aid Advanced Healing Hydro Seal Blister Block 4 Pack,$9.35,$2.34 each,"https://cdn.metcash.media/image/upload/f_auto,c_limit,w_300,q_auto/igashop/images/283179"
INGHAM'S Chicken Breast Chipees Original 400g,$5.50,$1.38/100g,"https://cdn.metcash.media/image/upload/f_auto,c_limit,w_300,q_auto/igashop/images/141165"
House Of Biskota Gluten Free Fruit Mince Pies 200g,$15.80,$7.90/100g,"https://cdn.metcash.media/image/upload/f_auto,c_limit,w_300,q_auto/igashop/images/180000002102"
Remedy Kombucha Wild Berry 750mL,$5.50,$0.73/100mL,"https://cdn.metcash.media/image/upload/f_auto,c_limit,w_300,q_auto/igashop/images/180000000127"
Gippsland Dairy Mix Ins Yogurt Strawberry Waffle 140g,$4.20,$3.00/100g,"https://cdn.metcash.media/image/upload/f_auto,c_limit,w_300,q_auto/igashop/images/180000006169"
Tip Top Bread Wholemeal Raisin Toast 575g,$4.50,$0.78/100g,"https://cdn.metcash.media/image/upload/f_auto,c_limit,w_300,q_auto/igashop/images/1800000067888"
Lindt Gold Bunny Salted Caramel 100g,$12.00,$12.00/100g,https://www.igashop.com.au/static/default-product-image.png
Well Naturally Bar Sugar Free Dark 90g,$7.00,$7.78/100g,"https://cdn.metcash.media/image/upload/f_auto,c_limit,w_300,q_auto/igashop/images/700744"
Dove Advanced Antiperspirant Aerosol Original 250mL,$5.50,$2.20/100mL,"https://cdn.metcash.media/image/upload/f_auto,c_limit,w_300,q_auto/igashop/images/656678"
Fluffy Ultra Fabric Soft Self Love Peony 1L,$9.50,$9.50/1L,"https://cdn.metcash.media/image/upload/f_auto,c_limit,w_300,q_auto/igashop/images/541381"
Lipton Iced Tea Sachet Peach 20 Pack,$8.00,$0.40 each,"https://cdn.metcash.media/image/upload/f_auto,c_limit,w_300,q_auto/igashop/images/464458"
Sunraysia Prune Juice 250mL,$3.20,$1.28/100mL,"https://cdn.metcash.media/image/upload/f_auto,c_limit,w_300,q_auto/igashop/images/456544"
Pauls Baileys Inspired Original Flavoured Premium Custard 600g,$2.00,$0.33/100g,"https://cdn.metcash.media/image/upload/f_auto,c_limit,w_300,q_auto/igashop/images/285134"
Big Lolly Teeth 120g,$2.50,$2.08/100g,"https://cdn.metcash.media/image/upload/f_auto,c_limit,w_300,q_auto/igashop/images/563105"
Nurofen Pain and Inflammation Relief Caplets 200mg Ibuprofen 24 Pack,$7.50,$0.31 each,"https://cdn.metcash.media/image/upload/f_auto,c_limit,w_300,q_auto/igashop/images/77293"
Fancy Feast Petite Delights Grilled Chicken & Grilled Salmon 6 Pack,$5.50,$0.92 each,"https://cdn.metcash.media/image/upload/f_auto,c_limit,w_300,q_auto/igashop/images/180000002029"
Poly Craft String White,$4.65,N/A,"https://cdn.metcash.media/image/upload/f_auto,c_limit,w_300,q_auto/igashop/images/397588"
Ma Baker Baking Mallows Pink & White 150g,$3.15,$2.10/100g,"https://cdn.metcash.media/image/upload/f_auto,c_limit,w_300,q_auto/igashop/images/273661"
L'Oréal Elnett Ultra Strength Mini Hairspray 75mL,$5.60,$7.47/100mL,"https://cdn.metcash.media/image/upload/f_auto,c_limit,w_300,q_auto/igashop/images/967053"
Staminade Lemon/Lime Powder 585g,$9.90,$1.69/100g,"https://cdn.metcash.media/image/upload/f_auto,c_limit,w_300,q_auto/igashop/images/73561"
Quilton Tissue Pocket 4Ply 10 Pack,$1.20,$0.12 each,https://www.igashop.com.au/static/default-product-image.png
Noshu 97% Sugar Free Iced Funtella Cakes 180g,$7.50,$4.17/100g,"https://cdn.metcash.media/image/upload/f_auto,c_limit,w_300,q_auto/igashop/images/565385"
Nutra Organics Chicken Bone Broth Homestyle Original 125g,$42.95,$34.36/100g,"https://cdn.metcash.media/image/upload/f_auto,c_limit,w_300,q_auto/igashop/images/150000007616"
Sard Colour Catcher + Stain Remover Ultra Whitener 3In1 Ultimate Action 6 Pack,$9.90,$1.65 each,"https://cdn.metcash.media/image/upload/f_auto,c_limit,w_300,q_auto/igashop/images/160000003090"
Safcol Responsibly Fished Tuna In Spring Water 425g,$4.65,$1.09/100g,"https://cdn.metcash.media/image/upload/f_auto,c_limit,w_300,q_auto/igashop/images/382326"
A2 Light Milk 2L,$6.90,$3.45/1L,"https://cdn.metcash.media/image/upload/f_auto,c_limit,w_300,q_auto/igashop/images/882614"
Surf Coast Cage Eggs XLarge 700g,$7.50,$1.07/100g,https://www.igashop.com.au/static/default-product-image.png
Nutty Bay Cashew Cheese Garlic 270g,$14.95,$5.54/100g,"https://cdn.metcash.media/image/upload/f_auto,c_limit,w_300,q_auto/igashop/images/190000004137"
Bendigo Fresh Baby Cos Lettuce Twin,$3.95,N/A,"https://cdn.metcash.media/image/upload/f_auto,c_limit,w_300,q_auto/igashop/images/180000002149"
Robert Timms Coffee Bags Mocha Kenya 8 Pack,$6.10,$0.76 each,"https://cdn.metcash.media/image/upload/f_auto,c_limit,w_300,q_auto/igashop/images/20000001074"
Nature's Way Vitamin C 500mg 300 Pack,$18.35,$0.06 each,"https://cdn.metcash.media/image/upload/f_auto,c_limit,w_300,q_auto/igashop/images/441840"
Capilano Creamed Honey 500g,$9.50,$1.90/100g,"https://cdn.metcash.media/image/upload/f_auto,c_limit,w_300,q_auto/igashop/images/29371"
Dare Iced Coffee Double Espresso No Sugar Added 500mL,$4.25,$0.85/100mL,"https://cdn.metcash.media/image/upload/f_auto,c_limit,w_300,q_auto/igashop/images/612776"
Bosisto's Hand Wash Banksia Flower & Lavender Refill 1L,$17.00,$17.00/1L,"https://cdn.metcash.media/image/upload/f_auto,c_limit,w_300,q_auto/igashop/images/737830"
Popcorners Cheddar Chips 85g,$3.80,$4.47/100g,"https://cdn.metcash.media/image/upload/f_auto,c_limit,w_300,q_auto/igashop/images/307986"
Connoisseur Ice Cream Cafe Grande 1L,$13.45,$13.45/1L,"https://cdn.metcash.media/image/upload/f_auto,c_limit,w_300,q_auto/igashop/images/128094"
Grice Marshmallows 250g,$4.30,$1.72/100g,"https://cdn.metcash.media/image/upload/f_auto,c_limit,w_300,q_auto/igashop/images/20000002736"
Carlton Zero Can Cluster 4 Pack,$7.70,$1.93 each,"https://cdn.metcash.media/image/upload/f_auto,c_limit,w_300,q_auto/igashop/images/948368"
Eveready 9 Volt Battery Black Super Heavy Duty,$4.29,N/A,"https://cdn.metcash.media/image/upload/f_auto,c_limit,w_300,q_auto/igashop/images/190000003592"
Sanpellegrino Sparkling Natural Mineral Water 330mL,$3.50,$1.06/100mL,"https://cdn.metcash.media/image/upload/f_auto,c_limit,w_300,q_auto/igashop/images/190000004692"
Pecks Chicken & Ham Spread 125g,$5.50,$4.40/100g,"https://cdn.metcash.media/image/upload/f_auto,c_limit,w_300,q_auto/igashop/images/441654"
Finish Power Auto Dishwash Tablets Lemon Sparkle 60 Pack,$23.00,$0.38 each,https://www.igashop.com.au/static/default-product-image.png
Polident Tablet Retainer & Mouthguard 36 Pack,$6.60,$0.18 each,"https://cdn.metcash.media/image/upload/f_auto,c_limit,w_300,q_auto/igashop/images/190601"
Ritz Breakz Mediterranean Herb 250g,$3.80,$1.52/100g,"https://cdn.metcash.media/image/upload/f_auto,c_limit,w_300,q_auto/igashop/images/927689"
Dettol Anitbacterial Laundry Sanitiser Fresh Cotton 2.5L,$13.25,$5.30/1L,"https://cdn.metcash.media/image/upload/f_auto,c_limit,w_300,q_auto/igashop/images/438562"
Advil Minis Liquid 20 Pack,$6.00,$0.30 each,"https://cdn.metcash.media/image/upload/f_auto,c_limit,w_300,q_auto/igashop/images/170000000215"
Duracell Lithium Batteries 2016 4 Pack,$16.30,$4.08 each,"https://cdn.metcash.media/image/upload/f_auto,c_limit,w_300,q_auto/igashop/images/893584"
Yumi's Veggie Bites Sweet Potato & Herb 255g,$6.50,$2.55/100g,"https://cdn.metcash.media/image/upload/f_auto,c_limit,w_300,q_auto/igashop/images/2554"
Lipton Ice Tea Lemon No Sugar 500mL,$3.50,$7.00/1L,"https://cdn.metcash.media/image/upload/f_auto,c_limit,w_300,q_auto/igashop/images/556572"
Fantastic Delites Vintage Cheddar & Red Onion 100g,$2.80,$2.80/100g,"https://cdn.metcash.media/image/upload/f_auto,c_limit,w_300,q_auto/igashop/images/368013"
Community Co Glaze With Balsamic Vinegar 250mL,$5.30,$2.12/100mL,"https://cdn.metcash.media/image/upload/f_auto,c_limit,w_300,q_auto/igashop/images/798975"
The Cobbler Company - Shoe Laces Black 2 Pairs 69cm 3/4 Eyelets 2 Pack,$2.40,$1.20 each,https://www.igashop.com.au/static/default-product-image.png
Birds Eye Peas Garden Field Fresh 1kg,$5.00,$5.00/kg,"https://cdn.metcash.media/image/upload/f_auto,c_limit,w_300,q_auto/igashop/images/106050"
Quest Chocolate Chip and Cookie Dough Protein Bar 60g,$5.40,$9.00/100g,"https://cdn.metcash.media/image/upload/f_auto,c_limit,w_300,q_auto/igashop/images/999720"
Allpress Coffee Still Iced Coffee 4 Pack,$14.50,$3.63 each,https://www.igashop.com.au/static/default-product-image.png
3-In-One Degreaser 400g,$8.00,$2.00/100g,"https://cdn.metcash.media/image/upload/f_auto,c_limit,w_300,q_auto/igashop/images/722165"
Helga's Traditional White Turkish Pide Loaf 450g,$3.60,$0.80/100g,"https://cdn.metcash.media/image/upload/f_auto,c_limit,w_300,q_auto/igashop/images/632064"
Country Delight Mud Cake Chocolate Rainbow 500g,$7.80,$1.56/100g,"https://cdn.metcash.media/image/upload/f_auto,c_limit,w_300,q_auto/igashop/images/907841"
Betty Crocker Cupcake Mix Chocolate Cupcakes 370g,$3.00,$0.81/100g,https://www.igashop.com.au/static/default-product-image.png
Coopers Australian Pale Ale 1.7kg,$19.00,$11.18/kg,https://www.igashop.com.au/static/default-product-image.png
La Gum Spearmint 60g,$5.20,$8.67/100g,https://www.igashop.com.au/static/default-product-image.png
Gimme Organic Roasted Seaweed Seasalt 6 Pack,$10.95,$1.83 each,"https://cdn.metcash.media/image/upload/f_auto,c_limit,w_300,q_auto/igashop/images/180000001576"
Earth Choice Window Cleaner Window 600mL,$3.45,$0.58/100mL,"https://cdn.metcash.media/image/upload/f_auto,c_limit,w_300,q_auto/igashop/images/346749"
Grove Good Avocado Oil 500mL,$16.25,$3.25/100mL,"https://cdn.metcash.media/image/upload/f_auto,c_limit,w_300,q_auto/igashop/images/518011"
The Candy Market Feed Your Brain 150g,$2.20,$1.47/100g,"https://cdn.metcash.media/image/upload/f_auto,c_limit,w_300,q_auto/igashop/images/190000004456"
Head & Shoulders Clean & Balanced 2in1 Anti Dandruff Shampoo and Conditioner For Clean Scalp 350mL,$12.00,$3.43/100mL,"https://cdn.metcash.media/image/upload/f_auto,c_limit,w_300,q_auto/igashop/images/160000011016"
Australian Botanical Coconut Soap 200g,$4.40,$2.20/100g,"https://cdn.metcash.media/image/upload/f_auto,c_limit,w_300,q_auto/igashop/images/20000005173"
Mojo Activated Kombucha Summer Berry 330mL,$4.44,$1.35/100mL,"https://cdn.metcash.media/image/upload/f_auto,c_limit,w_300,q_auto/igashop/images/20000000501"
Kraft Easy Mac Classic Cheese 4 Pack 280g,$5.10,$1.82/100g,"https://cdn.metcash.media/image/upload/f_auto,c_limit,w_300,q_auto/igashop/images/980357"
Birds Eye Deli Mashed Potato Parmesan & Roasted Garlic 600g,$7.00,$1.17/100g,"https://cdn.metcash.media/image/upload/f_auto,c_limit,w_300,q_auto/igashop/images/543587"
Bondi Sands Aero One Hour Express Self Tanning Foam 225mL,$27.00,$12.00/100mL,"https://cdn.metcash.media/image/upload/f_auto,c_limit,w_300,q_auto/igashop/images/462927"
Coca-Cola Lime Soft Drink Bottle 600mL,$4.45,$0.74/100mL,"https://cdn.metcash.media/image/upload/f_auto,c_limit,w_300,q_auto/igashop/images/180000005365"
Dulwich Bakery Carrot & Walnut Cake 550g,$8.95,$1.63/100g,https://www.igashop.com.au/static/default-product-image.png
Allen's Pineapples 170g,$3.50,$2.06/100g,"https://cdn.metcash.media/image/upload/f_auto,c_limit,w_300,q_auto/igashop/images/597913"
La Banderita Tortilla Family Pack 20 Pack,$11.50,$0.58 each,"https://cdn.metcash.media/image/upload/f_auto,c_limit,w_300,q_auto/igashop/images/190000000950"
Streets Golden Gaytime Ice Cream Birthday Cake 4 Pack,$10.00,$2.50 each,"https://cdn.metcash.media/image/upload/f_auto,c_limit,w_300,q_auto/igashop/images/904482"
Schick Quattro for Women Refills 4 Pack,$10.50,$2.63 each,"https://cdn.metcash.media/image/upload/f_auto,c_limit,w_300,q_auto/igashop/images/74504"
Dilmah Premium Tea Cup 10 Pack,$1.45,$0.15 each,https://www.igashop.com.au/static/default-product-image.png
Red Rock Deli Potato Chips Smoky Beef Ribs With Barbeque Sauce 150g,$4.80,$3.20/100g,https://www.igashop.com.au/static/default-product-image.png
CC's Corn Chips Original 175g,$5.00,$2.86/100g,"https://cdn.metcash.media/image/upload/f_auto,c_limit,w_300,q_auto/igashop/images/24266"
White Wings Chocolate Cupcakes Mix 410g,$7.15,$1.74/100g,"https://cdn.metcash.media/image/upload/f_auto,c_limit,w_300,q_auto/igashop/images/55398"
The Laughing Cow Cheese Original 120g,$5.30,$4.42/100g,"https://cdn.metcash.media/image/upload/f_auto,c_limit,w_300,q_auto/igashop/images/309404"
Ridiculously Delicious Peanut Butter Bar Cherry 50g,$3.80,$7.60/100g,"https://cdn.metcash.media/image/upload/f_auto,c_limit,w_300,q_auto/igashop/images/5384"
Wildly Good Kimchi 415g,$8.00,$1.93/100g,"https://cdn.metcash.media/image/upload/f_auto,c_limit,w_300,q_auto/igashop/images/30238950"
Air Wick Fragrance Infused With Natural Essential Oils Frangipani 2 Pack,$14.40,$7.20 each,"https://cdn.metcash.media/image/upload/f_auto,c_limit,w_300,q_auto/igashop/images/188735"
Purina Total Care Flea Treatment Tasty Allworm Dog 4 Pack,$18.50,$4.63 each,"https://cdn.metcash.media/image/upload/f_auto,c_limit,w_300,q_auto/igashop/images/935093"
Ziploc Storage Slider Medium 30 Pack,$4.15,$0.14 each,"https://cdn.metcash.media/image/upload/f_auto,c_limit,w_300,q_auto/igashop/images/649668"
Decor Go Lunch Box Oblong 800ml,$4.75,N/A,"https://cdn.metcash.media/image/upload/f_auto,c_limit,w_300,q_auto/igashop/images/848699"
Gold Gourmet Caesar Dressing 500mL,$10.50,$2.10/100mL,https://www.igashop.com.au/static/default-product-image.png
Enzo's Single Risotto Funghi 300g,$10.95,$3.65/100g,"https://cdn.metcash.media/image/upload/f_auto,c_limit,w_300,q_auto/igashop/images/190000001303"
Maui Moisture Heal & Hydrate + Shea Butter Conditioner 385mL,$26.00,$6.75/100mL,"https://cdn.metcash.media/image/upload/f_auto,c_limit,w_300,q_auto/igashop/images/984039"
Happy Hippie Smoothie Energise 350mL,$5.95,$17.00/1L,"https://cdn.metcash.media/image/upload/f_auto,c_limit,w_300,q_auto/igashop/images/89716"
Ajax Disinfectant Clean Lemon Cleanse Trigger 500mL,$4.50,$0.90/100mL,"https://cdn.metcash.media/image/upload/f_auto,c_limit,w_300,q_auto/igashop/images/581072"
Raw C Coconut Water 2L,$6.30,$3.15/1L,"https://cdn.metcash.media/image/upload/f_auto,c_limit,w_300,q_auto/igashop/images/190000005144"
OMO Quickwash Laundry Liquid Speed Clean 1.18L,$15.00,$12.71/1L,"https://cdn.metcash.media/image/upload/f_auto,c_limit,w_300,q_auto/igashop/images/1800000067762"
Canobolas Extra Large Cage Eggs 12 Pack,$10.50,$0.87 each,"https://cdn.metcash.media/image/upload/f_auto,c_limit,w_300,q_auto/igashop/images/20000005473"
Supercoat Smartblend Adult Dog Food With Chicken 2.8kg,$15.00,$5.36/kg,"https://cdn.metcash.media/image/upload/f_auto,c_limit,w_300,q_auto/igashop/images/663159"
Maleny Dairies Blue Full Cream Milk 3L,$8.40,$2.80/1L,"https://cdn.metcash.media/image/upload/f_auto,c_limit,w_300,q_auto/igashop/images/190000004088"
Kiwi Extreme Protector 139g,$10.00,$7.19/100g,"https://cdn.metcash.media/image/upload/f_auto,c_limit,w_300,q_auto/igashop/images/794146"
Milky Way Fun Size 180g,$7.50,$4.17/100g,"https://cdn.metcash.media/image/upload/f_auto,c_limit,w_300,q_auto/igashop/images/20000000181"
Joe's Classics Juice Apple Blackberry 350mL,$3.65,$1.04/100mL,"https://cdn.metcash.media/image/upload/f_auto,c_limit,w_300,q_auto/igashop/images/20000002766"
Trident Coconut Cream 400mL,$2.80,$0.70/100mL,"https://cdn.metcash.media/image/upload/f_auto,c_limit,w_300,q_auto/igashop/images/43901"
Swisse Ultiboost Liver Detox 60 Pack,$12.50,$0.21 each,"https://cdn.metcash.media/image/upload/f_auto,c_limit,w_300,q_auto/igashop/images/61645"
Australia's Own Organic Almond Milk 1L,$3.20,$3.20/1L,"https://cdn.metcash.media/image/upload/f_auto,c_limit,w_300,q_auto/igashop/images/331383"
MasterFoods Honey Mustard Chicken Recipe Base 175g,$2.70,$1.54/100g,"https://cdn.metcash.media/image/upload/f_auto,c_limit,w_300,q_auto/igashop/images/642690"
Dirossi Gradi Gourmet Pizza Cheese 150g,$3.60,$2.40/100g,"https://cdn.metcash.media/image/upload/f_auto,c_limit,w_300,q_auto/igashop/images/165774"
Youfoodz Thai Chicken Yellow Curry With Basmati Rice 320g,$10.95,$3.42/100g,https://www.igashop.com.au/static/default-product-image.png
Blackmores Lutein Defence Tablets 60 Pack,$35.00,$0.58 each,"https://cdn.metcash.media/image/upload/f_auto,c_limit,w_300,q_auto/igashop/images/160000010850"
Health Lab Mylk Chocolate Chewy Peanut Brownie Balls 3 Pack,$9.95,$3.32 each,"https://cdn.metcash.media/image/upload/f_auto,c_limit,w_300,q_auto/igashop/images/150000008076"
Creative Foods Garlic Sourdough 225g,$3.50,$1.56/100g,"https://cdn.metcash.media/image/upload/f_auto,c_limit,w_300,q_auto/igashop/images/574839"
Prinetti Kettle Plastic 1.7L,$20.00,N/A,https://www.igashop.com.au/static/default-product-image.png
Nong Shim Kim Chi Noodles 5 Pack,$8.00,$1.60 each,"https://cdn.metcash.media/image/upload/f_auto,c_limit,w_300,q_auto/igashop/images/20000004491"
Golden Circle Zero Sugar Raspberry Flavoured Cordial 2L,$4.50,$2.25/1L,"https://cdn.metcash.media/image/upload/f_auto,c_limit,w_300,q_auto/igashop/images/1800000067592"
Dari’s Chicken & Corn Soup 550g,$7.50,$1.36/100g,"https://cdn.metcash.media/image/upload/f_auto,c_limit,w_300,q_auto/igashop/images/190000001245"
Fantastic Rice Squares Gluten-Free Rice Crackers Black Pepper 100g,$2.60,$2.60/100g,"https://cdn.metcash.media/image/upload/f_auto,c_limit,w_300,q_auto/igashop/images/170000000672"
South Cape Cracked Pepper Cream Cheese 200g,$5.90,$2.95/100g,"https://cdn.metcash.media/image/upload/f_auto,c_limit,w_300,q_auto/igashop/images/113515"
The Big Cheese Bowl Noodles XL Cheesy Chook 105g,$3.00,$2.86/100g,https://www.igashop.com.au/static/default-product-image.png
Marbig Stapler With Plastic Strip,$15.50,N/A,"https://cdn.metcash.media/image/upload/f_auto,c_limit,w_300,q_auto/igashop/images/263899"
OOB Frozen Sweet Corn 400g,$6.95,$1.74/100g,"https://cdn.metcash.media/image/upload/f_auto,c_limit,w_300,q_auto/igashop/images/804417"
Korbond Playing Cards 92g,$4.15,$4.51/100g,"https://cdn.metcash.media/image/upload/f_auto,c_limit,w_300,q_auto/igashop/images/208666"
Maui Moisture Lightweight Hydration + Hibiscus Water Conditioner 385mL,$26.00,$6.75/100mL,"https://cdn.metcash.media/image/upload/f_auto,c_limit,w_300,q_auto/igashop/images/984209"
Smooze Pineapple & Coconut 8 Pack,$11.95,$1.49 each,"https://cdn.metcash.media/image/upload/f_auto,c_limit,w_300,q_auto/igashop/images/20000005424"
Bakers Collection Gingerbread Shark 80g,$6.00,$7.50/100g,https://www.igashop.com.au/static/default-product-image.png
Dermaveen Daily Nourish Soap Free 500mL,$17.00,$3.40/100mL,"https://cdn.metcash.media/image/upload/f_auto,c_limit,w_300,q_auto/igashop/images/796693"
The Happy Donut Co Donut Caramel 4 Pack 230g,$6.10,$2.65/100g,"https://cdn.metcash.media/image/upload/f_auto,c_limit,w_300,q_auto/igashop/images/981421"
Jarritos Mexican Cola 370mL,$4.85,$1.31/100mL,"https://cdn.metcash.media/image/upload/f_auto,c_limit,w_300,q_auto/igashop/images/190000001238"
Cadbury Boost 50g,$1.50,$3.00/100g,"https://cdn.metcash.media/image/upload/f_auto,c_limit,w_300,q_auto/igashop/images/560717"
Lindt Lindor Advent Calendar 109g,$10.50,$9.63/100g,"https://cdn.metcash.media/image/upload/f_auto,c_limit,w_300,q_auto/igashop/images/180000002276"
Mentos Spearmint 3 Pack,$3.10,$1.03 each,"https://cdn.metcash.media/image/upload/f_auto,c_limit,w_300,q_auto/igashop/images/33914"
Sukin Natural Balance Shampoo 500mL,$13.00,$2.60/100mL,"https://cdn.metcash.media/image/upload/f_auto,c_limit,w_300,q_auto/igashop/images/160000012516"
Peck's Salmon & Lobster Spread 125g,$5.50,$4.40/100g,"https://cdn.metcash.media/image/upload/f_auto,c_limit,w_300,q_auto/igashop/images/36441"
Whittaker's Coconut Slab Milk Chocolate 50g,$3.00,$6.00/100g,"https://cdn.metcash.media/image/upload/f_auto,c_limit,w_300,q_auto/igashop/images/336930"
Fresh Bake Madeline Butter Cakes 200g,$4.95,$2.48/100g,https://www.igashop.com.au/static/default-product-image.png
Papa Giuseppi's Panini Tomato & Cheese 250g,$4.95,$1.98/100g,"https://cdn.metcash.media/image/upload/f_auto,c_limit,w_300,q_auto/igashop/images/167857"
Parkers Baked Pretzel Minis 200g,$4.50,$2.25/100g,https://www.igashop.com.au/static/default-product-image.png
Cunlifee & Waters Tomato & Red Capsicum Relish 260g,$13.95,$5.37/100g,https://www.igashop.com.au/static/default-product-image.png
Golden Circle Corn & Peas 410g,$2.30,$0.56/100g,"https://cdn.metcash.media/image/upload/f_auto,c_limit,w_300,q_auto/igashop/images/180000000923"
Fancy Feast Adult Savory Centers Patè With Salmon And A Gourmet Gravy Center Wet Cat Food 85g,$2.60,$3.06/100g,"https://cdn.metcash.media/image/upload/f_auto,c_limit,w_300,q_auto/igashop/images/190000000313"
Primo Triple Smoked Streaky Bacon 175g,$5.70,$3.26/100g,https://www.igashop.com.au/static/default-product-image.png
Garofalo #09 Spaghetti Pasta 500g,$4.20,$0.84/100g,"https://cdn.metcash.media/image/upload/f_auto,c_limit,w_300,q_auto/igashop/images/160000013913"
Multix Colour Scents Tidy Bags Handy Ties Lavender 30 Pack,$4.25,$0.14 each,"https://cdn.metcash.media/image/upload/f_auto,c_limit,w_300,q_auto/igashop/images/20000005799"
Boss Coffee Drink Iced Mocha 237mL,$2.50,$1.05/100mL,https://www.igashop.com.au/static/default-product-image.png
Ajax Spray n' Wipe Multi-Purpose Antibacterial Disinfectant Cleaner Lemon Citrus Refill 750mL,$4.00,$0.53/100mL,"https://cdn.metcash.media/image/upload/f_auto,c_limit,w_300,q_auto/igashop/images/37434"
Creative Gourmet Snap Frozen Blueberries 300g,$4.00,$1.33/100g,"https://cdn.metcash.media/image/upload/f_auto,c_limit,w_300,q_auto/igashop/images/125460"
Norco Full Cream Milk 500mL,$1.80,$0.36/100mL,"https://cdn.metcash.media/image/upload/f_auto,c_limit,w_300,q_auto/igashop/images/8592"
Kirks Pasito Bottle Soft Drink 1.25L,$2.85,$2.28/1L,"https://cdn.metcash.media/image/upload/f_auto,c_limit,w_300,q_auto/igashop/images/621513"
Biozet Attack Liquid Soft Bottle Laundry Liquid 2L,$26.00,$13.00/1L,"https://cdn.metcash.media/image/upload/f_auto,c_limit,w_300,q_auto/igashop/images/314467"
Helga's Protein Wholemeal 750g,$5.60,$0.75/100g,"https://cdn.metcash.media/image/upload/f_auto,c_limit,w_300,q_auto/igashop/images/293022"
Magic Super Superglue Tube 3mL,$2.30,$76.67/100mL,"https://cdn.metcash.media/image/upload/f_auto,c_limit,w_300,q_auto/igashop/images/250370"
Black & Gold Mushroom Pieces & Stems Champignons 425g,$1.70,$0.40/100g,"https://cdn.metcash.media/image/upload/f_auto,c_limit,w_300,q_auto/igashop/images/590856"
Nescafe 98% Sugar Free Mocha Sachets 10 Pack,$8.00,$0.80 each,"https://cdn.metcash.media/image/upload/f_auto,c_limit,w_300,q_auto/igashop/images/190000002332"
My Dog Fish Sardine & Tuna With Spring Vegetables Dog Food Can 400g,$3.00,$0.75/100g,"https://cdn.metcash.media/image/upload/f_auto,c_limit,w_300,q_auto/igashop/images/85607"
Dynamo Professional 7 In 1 Laundry Detergent Capsules 28 Pack,$32.00,$1.14 each,"https://cdn.metcash.media/image/upload/f_auto,c_limit,w_300,q_auto/igashop/images/205118"
Continental Cup A Soup Homestyle Pumpkin 2 Pack,$2.80,$1.40 each,"https://cdn.metcash.media/image/upload/f_auto,c_limit,w_300,q_auto/igashop/images/601097"
Two Boys Brew Grand Bazaar Kombucha Elderflower & Rose 330mL,$4.60,$1.39/100mL,"https://cdn.metcash.media/image/upload/f_auto,c_limit,w_300,q_auto/igashop/images/1800000069836"
Hercules Sustain Plant Based Snack Bags 40 Pack,$3.30,$0.08 each,https://www.igashop.com.au/static/default-product-image.png
Canobolas Free Range Eggs XLarge 700g,$10.50,$1.50/100g,"https://cdn.metcash.media/image/upload/f_auto,c_limit,w_300,q_auto/igashop/images/20000003229"
Mersey Valley Vintage Cheese Jalapeno 235g,$9.90,$4.21/100g,"https://cdn.metcash.media/image/upload/f_auto,c_limit,w_300,q_auto/igashop/images/20000006442"
Primo Reserve Specialty Salami Selection 200g,$15.30,$7.65/100g,https://www.igashop.com.au/static/default-product-image.png
Brookfarm Espresso Paleo Granola Coffee & Wattleseed 300g,$16.50,$5.50/100g,"https://cdn.metcash.media/image/upload/f_auto,c_limit,w_300,q_auto/igashop/images/150000008212"
Cold Power Odour Triple Capsules 46 Pack,$27.00,$0.59 each,https://www.igashop.com.au/static/default-product-image.png
Pine O Cleen Disinfectant Spray Lemon Lime 750mL,$3.50,$0.47/100mL,"https://cdn.metcash.media/image/upload/f_auto,c_limit,w_300,q_auto/igashop/images/185172"
Exelpet Ezy-dose Dog Treatment Heart & Intestinal Allwormer 4 Pack,$26.00,$6.50 each,"https://cdn.metcash.media/image/upload/f_auto,c_limit,w_300,q_auto/igashop/images/310293"
Norsca Body Spray Vanilla Bean Whip 50g,$8.15,$16.30/100g,https://www.igashop.com.au/static/default-product-image.png
Supercoat Adult Healthy Weight Dry Dog Food 7.5kg,$25.00,$3.33/kg,"https://cdn.metcash.media/image/upload/f_auto,c_limit,w_300,q_auto/igashop/images/656644"
OB Finest Specialty Crackers Fig & Almond 150g,$5.00,$3.33/100g,"https://cdn.metcash.media/image/upload/f_auto,c_limit,w_300,q_auto/igashop/images/751965"
Johnson's Body Care Moisturising Body Wash 1L,$6.00,$6.00/1L,"https://cdn.metcash.media/image/upload/f_auto,c_limit,w_300,q_auto/igashop/images/396707"
Bonne Maman Orange Marmalade 370g,$6.90,$1.86/100g,"https://cdn.metcash.media/image/upload/f_auto,c_limit,w_300,q_auto/igashop/images/160000013763"
Dove Men+ Care Advanced Antiperspirant Aerosol Extra Fresh 250mL,$5.75,$2.30/100mL,"https://cdn.metcash.media/image/upload/f_auto,c_limit,w_300,q_auto/igashop/images/658382"
Thayers Facial Toner Witch Hazel Rose Petal 355mL,$17.00,$4.79/100mL,"https://cdn.metcash.media/image/upload/f_auto,c_limit,w_300,q_auto/igashop/images/681806"
Kan Tong Butter Chicken Cooking Sauce 485g,$4.00,$0.82/100g,"https://cdn.metcash.media/image/upload/f_auto,c_limit,w_300,q_auto/igashop/images/390468"
Rafferty's Garden Banana & Chia Pressed Bars 1-3Y 90g,$5.00,$5.56/100g,https://www.igashop.com.au/static/default-product-image.png
Soothers Eucalyptus Menthol Stick Multipack 3 Pack,$6.50,$2.17 each,"https://cdn.metcash.media/image/upload/f_auto,c_limit,w_300,q_auto/igashop/images/3341"
Pauls High Protein Vanilla Yoghurt 160g,$3.10,$1.94/100g,https://www.igashop.com.au/static/default-product-image.png
MasterFoods All Purpose Seasoning Seasoned Salt 200g,$5.50,$2.75/100g,"https://cdn.metcash.media/image/upload/f_auto,c_limit,w_300,q_auto/igashop/images/160000000280"
Ajax Cream Cleaner Baking Soda 375mL,$3.75,$1.00/100mL,"https://cdn.metcash.media/image/upload/f_auto,c_limit,w_300,q_auto/igashop/images/677836"
Monster Energy 500g,$4.45,$0.89/100g,"https://cdn.metcash.media/image/upload/f_auto,c_limit,w_300,q_auto/igashop/images/20000002823"
San Remo Active Plus Dry Pasta #18 Spaghetti 400g,$3.40,$0.85/100g,"https://cdn.metcash.media/image/upload/f_auto,c_limit,w_300,q_auto/igashop/images/224206"
Jack Hammer HDMI Cable 1.5m,$12.30,N/A,https://www.igashop.com.au/static/default-product-image.png
Closer to Nature Bottle & Teat Brush,$10.20,N/A,https://www.igashop.com.au/static/default-product-image.png
Bref Brilliant Gel Spring Rain Rim Block Toilet Cleaner 42g,$7.00,$16.67/100g,"https://cdn.metcash.media/image/upload/f_auto,c_limit,w_300,q_auto/igashop/images/261538"
Diet Rite Lemon Lime Orange 1L,$3.50,$3.50/1L,"https://cdn.metcash.media/image/upload/f_auto,c_limit,w_300,q_auto/igashop/images/684684"
The Country Chef Bakery Co. Banana Bread 500g,$6.90,$1.38/100g,https://www.igashop.com.au/static/default-product-image.png
Sukin Teen Skin Super Scrub 125mL,$17.35,$13.88/100mL,"https://cdn.metcash.media/image/upload/f_auto,c_limit,w_300,q_auto/igashop/images/793276"
Nescafe Ready To Drink Espresso 250mL,$3.50,$1.40/100mL,"https://cdn.metcash.media/image/upload/f_auto,c_limit,w_300,q_auto/igashop/images/160000013904"
McCain Super Fries Crinkle Cut 900g,$4.30,$0.48/100g,"https://cdn.metcash.media/image/upload/f_auto,c_limit,w_300,q_auto/igashop/images/928766"
Dove Advanced Care Antiperspirant Roll On Original 50mL,$5.00,$10.00/100mL,"https://cdn.metcash.media/image/upload/f_auto,c_limit,w_300,q_auto/igashop/images/323979"
My Dog Adult 7+ Wet Dog Food Turkey & Rice with Vegetables 100g,$1.40,$1.40/100g,"https://cdn.metcash.media/image/upload/f_auto,c_limit,w_300,q_auto/igashop/images/359077"
Cadbury Cherry Ripe Twin Pack 68g,$2.75,$4.04/100g,"https://cdn.metcash.media/image/upload/f_auto,c_limit,w_300,q_auto/igashop/images/560704"
Latina Kids Cheese And Vegetable Mini Ravioli 200g,$5.40,$2.70/100g,"https://cdn.metcash.media/image/upload/f_auto,c_limit,w_300,q_auto/igashop/images/172653"
NIVEA MEN Sensitive Protect Roll-On 50mL,$5.00,$10.00/100mL,"https://cdn.metcash.media/image/upload/f_auto,c_limit,w_300,q_auto/igashop/images/356969"
U By Kotex Brief Heavy 16,$25.00,N/A,https://www.igashop.com.au/static/default-product-image.png
Sirena Snacking Tuna Roasted Capsicum Mayonnaise 75g,$3.20,$4.27/100g,https://www.igashop.com.au/static/default-product-image.png
Masterfoods Herbs And Spices Roast Vegetable Sprinkle 42g,$3.50,$8.33/100g,"https://cdn.metcash.media/image/upload/f_auto,c_limit,w_300,q_auto/igashop/images/180000005693"
Blue Wave Garlic Prawn Skewers 250g,$8.50,$3.40/100g,https://www.igashop.com.au/static/default-product-image.png
Olina's Bakehouse Mini Cookies Choc Chip 120g,$4.00,$3.33/100g,"https://cdn.metcash.media/image/upload/f_auto,c_limit,w_300,q_auto/igashop/images/180000005543"
Mirabella LED GLS Globe 9W ES Warm White,$7.40,N/A,"https://cdn.metcash.media/image/upload/f_auto,c_limit,w_300,q_auto/igashop/images/223310"
Fever-Tree Mediterranean Tonic Water 4 Pack,$9.00,$2.25 each,"https://cdn.metcash.media/image/upload/f_auto,c_limit,w_300,q_auto/igashop/images/587471"
Cadbury Christmas Selections Bag 812g,$8.00,$0.99/100g,"https://cdn.metcash.media/image/upload/f_auto,c_limit,w_300,q_auto/igashop/images/180000005358"
Foster Clark's Custard Powder 350g,$3.20,$0.91/100g,"https://cdn.metcash.media/image/upload/f_auto,c_limit,w_300,q_auto/igashop/images/373940"
Macros Nonna's Special Meatballs 350g,$12.00,$3.43/100g,https://www.igashop.com.au/static/default-product-image.png
Finish Power Auto Dishwash Tablets Lemon Sparkle 40 Pack,$15.00,$0.38 each,"https://cdn.metcash.media/image/upload/f_auto,c_limit,w_300,q_auto/igashop/images/180000002437"
Bundaberg Sarsaparilla 4 Pack,$7.70,$1.93 each,"https://cdn.metcash.media/image/upload/f_auto,c_limit,w_300,q_auto/igashop/images/56302"
Cleaver's Organic Beef Stir Fry Free Range 500g,Final cost based on weight,$17.25/$34.50,"https://cdn.metcash.media/image/upload/f_auto,c_limit,w_300,q_auto/igashop/images/180078"
SPC Diced Peaches in Mango Jelly 4 Pack,$4.70,$1.18 each,"https://cdn.metcash.media/image/upload/f_auto,c_limit,w_300,q_auto/igashop/images/850560"
Crankt Protein Shake Double Espresso 400mL,$5.50,$13.75/1L,"https://cdn.metcash.media/image/upload/f_auto,c_limit,w_300,q_auto/igashop/images/216591"
Leg Of Lamb 2kg,Final cost based on weight,$45.90/$22.95,"https://cdn.metcash.media/image/upload/f_auto,c_limit,w_300,q_auto/igashop/images/80080035"
ZoOSh Balsamic Dressing 300mL,$4.00,$1.33/100mL,"https://cdn.metcash.media/image/upload/f_auto,c_limit,w_300,q_auto/igashop/images/901463"
Ocean Spray Juice Low Sugar Pineapple Cranberry 1.5L,$6.40,$4.27/1L,"https://cdn.metcash.media/image/upload/f_auto,c_limit,w_300,q_auto/igashop/images/289992"
Tetley Tea Bags 100 Pack,$3.80,$0.04 each,"https://cdn.metcash.media/image/upload/f_auto,c_limit,w_300,q_auto/igashop/images/790095"
Sorbent Silky White Toilet Tissue 24 Pack,$18.50,$0.77 each,"https://cdn.metcash.media/image/upload/f_auto,c_limit,w_300,q_auto/igashop/images/358547"
Fisherman's Friend Mints Extra Strong,$3.20,N/A,"https://cdn.metcash.media/image/upload/f_auto,c_limit,w_300,q_auto/igashop/images/89818"
Multix Extra Wide Roll Garbage Bags 25 Pack,$4.85,$0.19 each,"https://cdn.metcash.media/image/upload/f_auto,c_limit,w_300,q_auto/igashop/images/604618"
Green's Cake Mix Vanilla Gluten Free 470g,$5.50,$1.17/100g,"https://cdn.metcash.media/image/upload/f_auto,c_limit,w_300,q_auto/igashop/images/572188"
Colgate Advanced Whitening Tartar Control Whitening Toothpaste with Microcleansing Crystals 120g,$4.80,$4.00/100g,"https://cdn.metcash.media/image/upload/f_auto,c_limit,w_300,q_auto/igashop/images/455035"
Primo Thinly Sliced Double Smoked Leg Ham 100g,$3.00,$3.00/100g,"https://cdn.metcash.media/image/upload/f_auto,c_limit,w_300,q_auto/igashop/images/102425"
Cocobella Coconut Yoghurt Natural 150g,$2.50,$1.67/100g,"https://cdn.metcash.media/image/upload/f_auto,c_limit,w_300,q_auto/igashop/images/160000012121"
Fanta Orange Soft Drink Bottle 2L,$3.60,$1.80/1L,"https://cdn.metcash.media/image/upload/f_auto,c_limit,w_300,q_auto/igashop/images/13621"
Earthwise Sensitive 2kg,$20.40,$10.20/kg,"https://cdn.metcash.media/image/upload/f_auto,c_limit,w_300,q_auto/igashop/images/1800000067544"
Cadbury Marvellous Creation Chocolate Bar Jelly Pop Candy 50g,$3.00,$6.00/100g,"https://cdn.metcash.media/image/upload/f_auto,c_limit,w_300,q_auto/igashop/images/20000003226"
Edgell Baby Peas & Corn Baby Peas & Super Sweet Corn 420g,$2.50,$0.60/100g,"https://cdn.metcash.media/image/upload/f_auto,c_limit,w_300,q_auto/igashop/images/480705"
Queen Fairtrade Vanilla Extract With Seeds 50mL,$8.00,$16.00/100mL,"https://cdn.metcash.media/image/upload/f_auto,c_limit,w_300,q_auto/igashop/images/672941"
Golden Pikelets 8 Pack,$3.00,$0.38 each,"https://cdn.metcash.media/image/upload/f_auto,c_limit,w_300,q_auto/igashop/images/20000006418"
My Dog Adult 7+ Tender Lamb With Rice & Carrots Wet Dog Food Can 400g,$2.40,$0.60/100g,"https://cdn.metcash.media/image/upload/f_auto,c_limit,w_300,q_auto/igashop/images/85623"
Remedy Kombucha Cherry Plum 4 Pack,$7.50,$1.88 each,"https://cdn.metcash.media/image/upload/f_auto,c_limit,w_300,q_auto/igashop/images/180000000114"
Green Vie Mozzarella Cheese Block 250g,$8.50,$3.40/100g,"https://cdn.metcash.media/image/upload/f_auto,c_limit,w_300,q_auto/igashop/images/190000004130"
Papa Giuseppi's Deep Pan Bakehouse Crust BBQ Meatlovers 392g,$7.70,$1.96/100g,"https://cdn.metcash.media/image/upload/f_auto,c_limit,w_300,q_auto/igashop/images/947692"
Well Being Chia Bread 700g,$6.80,$0.97/100g,"https://cdn.metcash.media/image/upload/f_auto,c_limit,w_300,q_auto/igashop/images/20000006873"
John West Salmon Slices In Springwater 125g,$4.60,$3.68/100g,"https://cdn.metcash.media/image/upload/f_auto,c_limit,w_300,q_auto/igashop/images/79813"
Arnott's Vita Weat Crackers Cracked Pepper 250g,$3.50,$1.40/100g,"https://cdn.metcash.media/image/upload/f_auto,c_limit,w_300,q_auto/igashop/images/489165"
McCain Chips Quick Cook Straight Cut 750g,$3.00,$0.40/100g,"https://cdn.metcash.media/image/upload/f_auto,c_limit,w_300,q_auto/igashop/images/190000003284"
Extra Peppermint Sugar Free Gum 27g,$2.50,$9.26/100g,"https://cdn.metcash.media/image/upload/f_auto,c_limit,w_300,q_auto/igashop/images/82442"
BIC Intensity Permanent Marker Black 3 Pack,$3.85,$1.28 each,"https://cdn.metcash.media/image/upload/f_auto,c_limit,w_300,q_auto/igashop/images/813026"
Pea Beu Fast Killing Insect Spray Odourless 350g,$5.90,$1.69/100g,"https://cdn.metcash.media/image/upload/f_auto,c_limit,w_300,q_auto/igashop/images/64389"
Cadbury Breakaway Milk Chocolate Biscuits 180g,$6.00,$3.33/100g,"https://cdn.metcash.media/image/upload/f_auto,c_limit,w_300,q_auto/igashop/images/170000000781"
Powerade ION4 Berry Ice Sports Drink Sipper Cap 600mL,$2.70,$0.45/100mL,"https://cdn.metcash.media/image/upload/f_auto,c_limit,w_300,q_auto/igashop/images/477320_1"
Pauls Premium Custard Summer Berry 600g,$2.00,$0.33/100g,https://www.igashop.com.au/static/default-product-image.png
Purina Fancy Feast Adult Pet Food Grilled Liver & Chicken 85g,$1.45,$1.71/100g,"https://cdn.metcash.media/image/upload/f_auto,c_limit,w_300,q_auto/igashop/images/577942"
Soft White On the Go Facial Tissues 50 Pack,$1.30,$0.03 each,"https://cdn.metcash.media/image/upload/f_auto,c_limit,w_300,q_auto/igashop/images/56051"
Raw C Vanilla Bean & Sea Salt Coconut Milk 1L,$6.50,$6.50/1L,"https://cdn.metcash.media/image/upload/f_auto,c_limit,w_300,q_auto/igashop/images/6044"
The Cobbler Company Boot Laces Black/Brown 1 Pair 120cm 8/10 Eyelets,$3.30,N/A,https://www.igashop.com.au/static/default-product-image.png
Diggers Turpentine 1L,$7.50,$7.50/1L,"https://cdn.metcash.media/image/upload/f_auto,c_limit,w_300,q_auto/igashop/images/609210"
Bulla Sour Cream 400mL,$5.95,$1.49/100mL,"https://cdn.metcash.media/image/upload/f_auto,c_limit,w_300,q_auto/igashop/images/919364"
Eeeeet Easter Bunny 40g,$2.05,$5.13/100g,https://www.igashop.com.au/static/default-product-image.png
Peters Drumstick Mini Boysen Berry Swirl 6 Pack,$4.75,$0.79 each,"https://cdn.metcash.media/image/upload/f_auto,c_limit,w_300,q_auto/igashop/images/731198"
Old El Paso Tortilla Pockets 223g,$6.00,$2.69/100g,"https://cdn.metcash.media/image/upload/f_auto,c_limit,w_300,q_auto/igashop/images/813429"
Grannys Ringcake Red Velvet 4 Pack,$5.70,$1.43 each,https://www.igashop.com.au/static/default-product-image.png
Bref Power Active Juicy Lemon Rim Block Toilet Cleaner 100g,$5.50,$5.50/100g,"https://cdn.metcash.media/image/upload/f_auto,c_limit,w_300,q_auto/igashop/images/851121"
NYBagels Classic 400g,$5.30,$1.33/100g,https://www.igashop.com.au/static/default-product-image.png
Community Co Gluten Free Mint Creme 225g,$6.50,$2.89/100g,"https://cdn.metcash.media/image/upload/f_auto,c_limit,w_300,q_auto/igashop/images/870510"
L'Or Espresso Onyx Capsules 50 Pack,$29.00,$0.58 each,"https://cdn.metcash.media/image/upload/f_auto,c_limit,w_300,q_auto/igashop/images/1800000067674"
Creative Gourmet Mix Berries 900g,$10.30,$1.14/100g,"https://cdn.metcash.media/image/upload/f_auto,c_limit,w_300,q_auto/igashop/images/672187"
Pringles Korean Sweet Savoury BBQ 118g,$5.50,$4.66/100g,"https://cdn.metcash.media/image/upload/f_auto,c_limit,w_300,q_auto/igashop/images/180000003184"
Libra Extra Protect Liners 50 Pack,$3.60,$0.07 each,"https://cdn.metcash.media/image/upload/f_auto,c_limit,w_300,q_auto/igashop/images/69371"
Berocca Vitamin B & C Orange Flavour Twist N Go Energy Drink 250mL,$5.60,$2.24/100mL,"https://cdn.metcash.media/image/upload/f_auto,c_limit,w_300,q_auto/igashop/images/27447"
Community Co Port Wine Flavoured Jelly Crystals 85g,$1.30,$1.53/100g,"https://cdn.metcash.media/image/upload/f_auto,c_limit,w_300,q_auto/igashop/images/414283"
Wicked Nuts Tequila Chilli & Lime Peanuts 12g,$4.94,$41.17/100g,"https://cdn.metcash.media/image/upload/f_auto,c_limit,w_300,q_auto/igashop/images/20000005986"
Community Co Pizza Bases 2 Pack,$5.35,$2.68 each,"https://cdn.metcash.media/image/upload/f_auto,c_limit,w_300,q_auto/igashop/images/965836"
Capilano Manuka Honey 340g,$9.00,$2.65/100g,"https://cdn.metcash.media/image/upload/f_auto,c_limit,w_300,q_auto/igashop/images/63671"
Bickford's Cordial Sugar Free Raspberry 750mL,$5.50,$7.33/1L,https://www.igashop.com.au/static/default-product-image.png
Community Co Burger Sauce 330mL,$3.50,$1.06/100mL,"https://cdn.metcash.media/image/upload/f_auto,c_limit,w_300,q_auto/igashop/images/190000010597"
In A Biskit Chicken Flavour 160g,$2.50,$1.56/100g,"https://cdn.metcash.media/image/upload/f_auto,c_limit,w_300,q_auto/igashop/images/190000004684"
Patak's Spicy Butter Chicken Simmer Sauce 450g,$5.50,$1.22/100g,"https://cdn.metcash.media/image/upload/f_auto,c_limit,w_300,q_auto/igashop/images/160000013759"
Continental Cup A Soup Roast Chicken 2 Pack,$2.80,$1.40 each,"https://cdn.metcash.media/image/upload/f_auto,c_limit,w_300,q_auto/igashop/images/439267"
Jalna Premium Vanilla Yoghurt 1kg,$7.00,$7.00/kg,"https://cdn.metcash.media/image/upload/f_auto,c_limit,w_300,q_auto/igashop/images/164642"
Haagen-Dazs Belgian Chocolate Ice Cream 457mL,$7.95,$1.74/100mL,"https://cdn.metcash.media/image/upload/f_auto,c_limit,w_300,q_auto/igashop/images/650509"
Robert Timms Cafe Series Instant Freeze Dried Coffee Medium 90g,$11.20,$12.44/100g,"https://cdn.metcash.media/image/upload/f_auto,c_limit,w_300,q_auto/igashop/images/628248"
Don Vica Chilli Garlic Stuffed Green Olives 280g,$7.00,$2.50/100g,"https://cdn.metcash.media/image/upload/f_auto,c_limit,w_300,q_auto/igashop/images/20000000592"
Whittaker's 50% Cococa Rum & Raisin Chocolate Block 250g,$9.00,$3.60/100g,"https://cdn.metcash.media/image/upload/f_auto,c_limit,w_300,q_auto/igashop/images/160000013076"
Oob Organic Mango Diced 500g,$10.50,$2.10/100g,"https://cdn.metcash.media/image/upload/f_auto,c_limit,w_300,q_auto/igashop/images/20000002128"
Oates 5 Tie Millet Blend Broom,$16.79,N/A,"https://cdn.metcash.media/image/upload/f_auto,c_limit,w_300,q_auto/igashop/images/572406"
San Remo La Pasta Alfredo Pasta & Sauce 80g,$1.40,$1.75/100g,"https://cdn.metcash.media/image/upload/f_auto,c_limit,w_300,q_auto/igashop/images/65929"
Berocca Energy Vitamin B & C Mango & Orange Flavour Effervescent Tablets 15 Pack,$5.50,$0.37 each,"https://cdn.metcash.media/image/upload/f_auto,c_limit,w_300,q_auto/igashop/images/545490"
Heinz Baked Beans Salt Reduced 130g,$1.80,$1.38/100g,"https://cdn.metcash.media/image/upload/f_auto,c_limit,w_300,q_auto/igashop/images/20000005251"
Helga's Traditional Wholemeal Wraps 8 Pack,$5.50,$0.69 each,"https://cdn.metcash.media/image/upload/f_auto,c_limit,w_300,q_auto/igashop/images/20000003069"
Community Co Raw Pistachio Nuts 80g,$7.50,$9.38/100g,"https://cdn.metcash.media/image/upload/f_auto,c_limit,w_300,q_auto/igashop/images/860858"
Imperial Leather Soap Original 4 Pack,$5.40,$1.35 each,"https://cdn.metcash.media/image/upload/f_auto,c_limit,w_300,q_auto/igashop/images/6064"
Weet-Bix Breakfast Cereal 575g,$5.00,$0.87/100g,"https://cdn.metcash.media/image/upload/f_auto,c_limit,w_300,q_auto/igashop/images/257259"
Dine Kitten Ocean Fish 85g,$1.60,$1.88/100g,"https://cdn.metcash.media/image/upload/f_auto,c_limit,w_300,q_auto/igashop/images/49724"
Fresh Bake Apple Puffs 200g,$6.30,$3.15/100g,"https://cdn.metcash.media/image/upload/f_auto,c_limit,w_300,q_auto/igashop/images/20000000620"
Segafredo Zanetti Ground Coffee Espresso Casa 250g,$13.10,$5.24/100g,"https://cdn.metcash.media/image/upload/f_auto,c_limit,w_300,q_auto/igashop/images/249667"
My Life BioCheese Cheddar Flavour Block 200g,$5.80,$2.90/100g,"https://cdn.metcash.media/image/upload/f_auto,c_limit,w_300,q_auto/igashop/images/160000002342"
Cadbury Raspberry Slice Bar 50g,$3.00,$6.00/100g,"https://cdn.metcash.media/image/upload/f_auto,c_limit,w_300,q_auto/igashop/images/549494"
Rana Pumkin & Onion Ravioli 325g,$8.00,$2.46/100g,https://www.igashop.com.au/static/default-product-image.png
Candy Market Chocolate Coated SCR Peanuts 150g,$1.90,$1.27/100g,"https://cdn.metcash.media/image/upload/f_auto,c_limit,w_300,q_auto/igashop/images/931887"
Ozkleen Floor Carpet Cleaner Lavender 500mL,$8.00,$1.60/100mL,"https://cdn.metcash.media/image/upload/f_auto,c_limit,w_300,q_auto/igashop/images/60822"
Double Smoke Ham 1kg,Final cost based on weight,$19.95/$19.95,"https://cdn.metcash.media/image/upload/f_auto,c_limit,w_300,q_auto/igashop/images/80072069"
Biozet Attack 3D Clean Action Front and Top Loader Laundry Powder 2kg,$24.00,$12.00/kg,"https://cdn.metcash.media/image/upload/f_auto,c_limit,w_300,q_auto/igashop/images/797403"
Nestlé Kit Kat Chocolate Incredible Honeycomb Easter Egg 200g,$7.20,$3.60/100g,"https://cdn.metcash.media/image/upload/f_auto,c_limit,w_300,q_auto/igashop/images/180000004604"
Ravin' Detachables Rice Crackers White Texan BBQ 100g,$3.00,$3.00/100g,"https://cdn.metcash.media/image/upload/f_auto,c_limit,w_300,q_auto/igashop/images/20000005962"
Preshafruit Juice Valencia Orange 350mL,$3.60,$1.03/100mL,"https://cdn.metcash.media/image/upload/f_auto,c_limit,w_300,q_auto/igashop/images/20000003888"
Paul Newman's Own Dressings Creamy Caesar 250mL,$4.50,$1.80/100mL,"https://cdn.metcash.media/image/upload/f_auto,c_limit,w_300,q_auto/igashop/images/12887"
SKYN Naturally Endless Intimate Gel 80mL,$13.00,$16.25/100mL,"https://cdn.metcash.media/image/upload/f_auto,c_limit,w_300,q_auto/igashop/images/166571"
Cobram Estate Extra Virgin Rich & Robust Olive Oil 750mL,$25.00,$3.33/100mL,"https://cdn.metcash.media/image/upload/f_auto,c_limit,w_300,q_auto/igashop/images/160000012144"
Velvet Goat's Milk Beauty Bar 2 Pack,$3.85,$1.93 each,"https://cdn.metcash.media/image/upload/f_auto,c_limit,w_300,q_auto/igashop/images/184639"
Illy Classico Espresso Capsules 10 Pack,$8.00,$0.80 each,"https://cdn.metcash.media/image/upload/f_auto,c_limit,w_300,q_auto/igashop/images/694202"
Marbig Scissors Orange Handle 8.5 Inch,$4.00,N/A,"https://cdn.metcash.media/image/upload/f_auto,c_limit,w_300,q_auto/igashop/images/205537"
Kinder Maxi Surprise Pink 150g,$22.45,$14.97/100g,"https://cdn.metcash.media/image/upload/f_auto,c_limit,w_300,q_auto/igashop/images/189320"
Black & Gold Quick Oats 750g,$1.60,$0.21/100g,"https://cdn.metcash.media/image/upload/f_auto,c_limit,w_300,q_auto/igashop/images/73833"
Uncle Tobys Muesli Bars Yoghurt & Strawberry 6 Pack,$5.50,$0.92 each,"https://cdn.metcash.media/image/upload/f_auto,c_limit,w_300,q_auto/igashop/images/435572"
Nando's Perinaise Hot 265g,$5.00,$1.89/100g,"https://cdn.metcash.media/image/upload/f_auto,c_limit,w_300,q_auto/igashop/images/599261"
Up & Go Protein Energize Choc Hit 3 Pack,$7.60,$2.53 each,"https://cdn.metcash.media/image/upload/f_auto,c_limit,w_300,q_auto/igashop/images/60835"
My Muscle Chef Creamy Chicken & Mushroom Pasta 320g,$11.95,$3.73/100g,"https://cdn.metcash.media/image/upload/f_auto,c_limit,w_300,q_auto/igashop/images/76242"
Kirks Orange Sugar Free bottle 1.25L,$2.85,$2.28/1L,"https://cdn.metcash.media/image/upload/f_auto,c_limit,w_300,q_auto/igashop/images/180000003404"
Kehoe's Classic Sauerkraut 410g,$8.50,$2.07/100g,"https://cdn.metcash.media/image/upload/f_auto,c_limit,w_300,q_auto/igashop/images/20000005019"
Allen's Snakes Alive Lollies Bag 200g,$3.50,$1.75/100g,"https://cdn.metcash.media/image/upload/f_auto,c_limit,w_300,q_auto/igashop/images/18029"
Blackmores Pregnancy and Breast-Feeding Gold Capsules 180 Pack,$60.00,$0.33 each,"https://cdn.metcash.media/image/upload/f_auto,c_limit,w_300,q_auto/igashop/images/160000011529"
Lo Bros Kombucha Raspberry & Plum 750mL,$7.70,$1.03/100mL,"https://cdn.metcash.media/image/upload/f_auto,c_limit,w_300,q_auto/igashop/images/190000003699"
Ivan's Apple Crumble 500g,$19.95,$3.99/100g,"https://cdn.metcash.media/image/upload/f_auto,c_limit,w_300,q_auto/igashop/images/781619"
Dairy Farmers Thick & Creamy Yoghurt Pineapple & Passionfruit 140g,$2.95,$2.11/100g,"https://cdn.metcash.media/image/upload/f_auto,c_limit,w_300,q_auto/igashop/images/313526"
Penotti Uno Hazelnut Spread 380g,$4.00,$1.05/100g,"https://cdn.metcash.media/image/upload/f_auto,c_limit,w_300,q_auto/igashop/images/180000006254"
Dove Men+Care Advanced Care Antiperspirant Roll On Invisible Fresh 50mL,$5.00,$10.00/100mL,"https://cdn.metcash.media/image/upload/f_auto,c_limit,w_300,q_auto/igashop/images/325057"
Parkers Mini Pretzel Snack Baked Wheat BBQ Pizza 200g,$4.50,$2.25/100g,"https://cdn.metcash.media/image/upload/f_auto,c_limit,w_300,q_auto/igashop/images/1800000071439"
OMO Expert Laundry Powder Anti-Bacterial 1.8kg,$24.00,$13.33/kg,"https://cdn.metcash.media/image/upload/f_auto,c_limit,w_300,q_auto/igashop/images/160000000786"
Nanna's Cookie Dough Sweet Bites 300g,$7.50,$2.50/100g,https://www.igashop.com.au/static/default-product-image.png
My Muscle Chef Beef Massaman Curry With Basmati Rice 400g,$11.95,$2.99/100g,https://www.igashop.com.au/static/default-product-image.png
Flora Lite Spread Pro-Activ 500g,$10.00,$2.00/100g,"https://cdn.metcash.media/image/upload/f_auto,c_limit,w_300,q_auto/igashop/images/20000003265"
Ferrero Rocher Collection Chocolates Rocher Rondnoir Raffaello 15 Pack,$19.00,$1.27 each,"https://cdn.metcash.media/image/upload/f_auto,c_limit,w_300,q_auto/igashop/images/409275"
Spice & Co Mexican Spice Mix 45g,$3.75,$8.33/100g,"https://cdn.metcash.media/image/upload/f_auto,c_limit,w_300,q_auto/igashop/images/190000002406"
Pine O Cleen Simply Biodegradeable Wipes Grapefruit 90 Pack,$10.00,$0.11 each,"https://cdn.metcash.media/image/upload/f_auto,c_limit,w_300,q_auto/igashop/images/829983"
Maybelline Lifter Gloss Silk 5.4mL,$21.00,$388.89/100mL,"https://cdn.metcash.media/image/upload/f_auto,c_limit,w_300,q_auto/igashop/images/349530"
Nestlé Aero Milk Chocolate Block 118g,$7.50,$6.36/100g,"https://cdn.metcash.media/image/upload/f_auto,c_limit,w_300,q_auto/igashop/images/656429"
Lynx Deodorant Aerosol Anarchy For Him 165mL,$4.00,$2.42/100mL,"https://cdn.metcash.media/image/upload/f_auto,c_limit,w_300,q_auto/igashop/images/747770"
Palmolive Ultra Australian Quandong Peach Dishwashing Liquid 750mL,$8.00,$1.07/100mL,"https://cdn.metcash.media/image/upload/f_auto,c_limit,w_300,q_auto/igashop/images/218093"
Buderim Ginger Naked Ginger 175g,$6.50,$3.71/100g,"https://cdn.metcash.media/image/upload/f_auto,c_limit,w_300,q_auto/igashop/images/160000018165"
3M Command Wire Backed Picture Hanger White,$6.30,N/A,"https://cdn.metcash.media/image/upload/f_auto,c_limit,w_300,q_auto/igashop/images/200749"
The Natural Chip Co. Sea Salt & Vinegar Chips 175g,$5.00,$2.86/100g,"https://cdn.metcash.media/image/upload/f_auto,c_limit,w_300,q_auto/igashop/images/410103"
Pork Cutlets 400g,Final cost based on weight,$9.20/$23.00,"https://cdn.metcash.media/image/upload/f_auto,c_limit,w_300,q_auto/igashop/images/80080103"
Smith's Thinly Cut Potato Chips Tzatziki 175g,$2.50,$1.43/100g,"https://cdn.metcash.media/image/upload/f_auto,c_limit,w_300,q_auto/igashop/images/1800000071452"
McCain Straight Sweet Potato Chips 750g,$7.70,$1.03/100g,"https://cdn.metcash.media/image/upload/f_auto,c_limit,w_300,q_auto/igashop/images/368856"
Arnott's Tim Tam Deluxe Dark Choc Mint 175g,$5.50,$3.14/100g,"https://cdn.metcash.media/image/upload/f_auto,c_limit,w_300,q_auto/igashop/images/484364"
Murray River Pink Salt Flakes 250g,$10.50,$4.20/100g,https://www.igashop.com.au/static/default-product-image.png
Farmers Union Greek Style High Protein Strawberry Yogurt 150g,$1.70,$1.13/100g,"https://cdn.metcash.media/image/upload/f_auto,c_limit,w_300,q_auto/igashop/images/1800000069611"
I&J Barramundi Portions 500g,$19.40,$3.88/100g,"https://cdn.metcash.media/image/upload/f_auto,c_limit,w_300,q_auto/igashop/images/438876"
Community Co Interdental Brush 10 Pack,$4.00,$0.40 each,"https://cdn.metcash.media/image/upload/f_auto,c_limit,w_300,q_auto/igashop/images/808110"
Air Wick Essential Oil Air Freshener Sea Mist & Blue Minerals Prime 19mL,$14.00,$73.68/100mL,"https://cdn.metcash.media/image/upload/f_auto,c_limit,w_300,q_auto/igashop/images/213506"
Carman's Oat Crunch Bars Double Choc 125g,$6.00,$4.80/100g,https://www.igashop.com.au/static/default-product-image.png
Primo Chilli Chicken 80g,$3.25,$4.06/100g,"https://cdn.metcash.media/image/upload/f_auto,c_limit,w_300,q_auto/igashop/images/150000000201"
Gravox Traditional Gravy Mix 29g,$1.50,$5.17/100g,"https://cdn.metcash.media/image/upload/f_auto,c_limit,w_300,q_auto/igashop/images/356901"
Black & Gold Orange 1.25L,$1.15,$0.92/1L,"https://cdn.metcash.media/image/upload/f_auto,c_limit,w_300,q_auto/igashop/images/26828"
Mother Energy Drink Lava Guava Cans 500mL,$3.30,$6.60/1L,"https://cdn.metcash.media/image/upload/f_auto,c_limit,w_300,q_auto/igashop/images/130635"
Kraft Cheese Cheddar Slices 250g,$5.50,$2.20/100g,"https://cdn.metcash.media/image/upload/f_auto,c_limit,w_300,q_auto/igashop/images/198476_2"
Nice & Natural Fruit Fun Mix 272g,$8.00,$2.94/100g,"https://cdn.metcash.media/image/upload/f_auto,c_limit,w_300,q_auto/igashop/images/638832"
McKenzie's White Beans 375g,$2.60,$0.69/100g,"https://cdn.metcash.media/image/upload/f_auto,c_limit,w_300,q_auto/igashop/images/190000002892"
Global Organics Coconut Milk Organic 17% Fat 400g,$3.25,$0.81/100g,"https://cdn.metcash.media/image/upload/f_auto,c_limit,w_300,q_auto/igashop/images/719683"
Decor Microsafe 6 Cupcake Tray,$15.00,N/A,"https://cdn.metcash.media/image/upload/f_auto,c_limit,w_300,q_auto/igashop/images/462477"
Tommee Tippee Discovera Active Tipper,$11.00,N/A,"https://cdn.metcash.media/image/upload/f_auto,c_limit,w_300,q_auto/igashop/images/212924"
Food Guru Pastry Brush Natural Bristle,$2.99,N/A,"https://cdn.metcash.media/image/upload/f_auto,c_limit,w_300,q_auto/igashop/images/831998_"
Barossa Valley Cheese Babybert 50g,$4.95,$9.90/100g,"https://cdn.metcash.media/image/upload/f_auto,c_limit,w_300,q_auto/igashop/images/800492"
Summer Snow Juice Sparkling Granny Smith & Mint 330mL,$4.30,$1.30/100mL,"https://cdn.metcash.media/image/upload/f_auto,c_limit,w_300,q_auto/igashop/images/190000002017"
Daily Juice Sunset Bliss 1L,$3.80,$3.80/1L,"https://cdn.metcash.media/image/upload/f_auto,c_limit,w_300,q_auto/igashop/images/160790"
Mil Lel Parmesan Block 250g,$8.00,$3.20/100g,"https://cdn.metcash.media/image/upload/f_auto,c_limit,w_300,q_auto/igashop/images/20000001719"
Schwarzkopf Brilliance 88 Dark Brown Allure,$26.00,N/A,"https://cdn.metcash.media/image/upload/f_auto,c_limit,w_300,q_auto/igashop/images/245312"
Edgell Snack Time Chick Peas With Lemon & Pepper 70g,$1.60,$2.29/100g,"https://cdn.metcash.media/image/upload/f_auto,c_limit,w_300,q_auto/igashop/images/190000002707"
Dairy Farmers Classic Choc Malt 500mL,$3.20,$6.40/1L,"https://cdn.metcash.media/image/upload/f_auto,c_limit,w_300,q_auto/igashop/images/235532"
"Rafferty's Garden Sweet Potato, Carrot & Apple Baby Food 120g",$2.15,$1.79/100g,"https://cdn.metcash.media/image/upload/f_auto,c_limit,w_300,q_auto/igashop/images/350617"
Hans Polish Salami 375g,$5.20,$1.39/100g,"https://cdn.metcash.media/image/upload/f_auto,c_limit,w_300,q_auto/igashop/images/679618"
Musashi High Protein Powder Chocolate Milkshake 375g,$33.95,$9.05/100g,"https://cdn.metcash.media/image/upload/f_auto,c_limit,w_300,q_auto/igashop/images/160000000699"
Slape & Sons BBQ Sausages 1kg,$8.50,$8.50/kg,"https://cdn.metcash.media/image/upload/f_auto,c_limit,w_300,q_auto/igashop/images/908295"
Moccona Intense Specialty Blends 200g,$23.60,$11.80/100g,"https://cdn.metcash.media/image/upload/f_auto,c_limit,w_300,q_auto/igashop/images/858013"
Chris' Homestyle Dip Hommus 3 Pack,$4.30,$1.43 each,"https://cdn.metcash.media/image/upload/f_auto,c_limit,w_300,q_auto/igashop/images/321804"
Reva Pegs 36 Pack,$5.75,$0.16 each,"https://cdn.metcash.media/image/upload/f_auto,c_limit,w_300,q_auto/igashop/images/742110"
Bega Crunchy Peanut Butter 755g,$7.00,$0.93/100g,"https://cdn.metcash.media/image/upload/f_auto,c_limit,w_300,q_auto/igashop/images/180000002034"
Heinz Baked Beans No Added Sugar 3 Pack,$7.00,$2.33 each,"https://cdn.metcash.media/image/upload/f_auto,c_limit,w_300,q_auto/igashop/images/853932"
Eveready Gold AA Alkaline Batteries 10 Pack,$16.50,$1.65 each,"https://cdn.metcash.media/image/upload/f_auto,c_limit,w_300,q_auto/igashop/images/20000007392"
The British Sausage Co Premium Thick Pork Sausages 500g,$10.20,$2.04/100g,"https://cdn.metcash.media/image/upload/f_auto,c_limit,w_300,q_auto/igashop/images/180000001326"
Ultimates Indulge Natural Chicken Dry Dog Food 1kg,$8.70,$8.70/kg,https://www.igashop.com.au/static/default-product-image.png
Aunt Betty's Sticky Date Steamy Puds 2 Pack,$4.90,$2.45 each,"https://cdn.metcash.media/image/upload/f_auto,c_limit,w_300,q_auto/igashop/images/794167"
Lindt Gourmet Truffles 207g,$19.04,$9.20/100g,"https://cdn.metcash.media/image/upload/f_auto,c_limit,w_300,q_auto/igashop/images/160000000371"
Peckish Brown Rice Rice Crackers Lightly Salted 100g,$3.25,$3.25/100g,"https://cdn.metcash.media/image/upload/f_auto,c_limit,w_300,q_auto/igashop/images/160000000850"
PMF Creamy Coleslaw 300g,$5.20,$1.73/100g,"https://cdn.metcash.media/image/upload/f_auto,c_limit,w_300,q_auto/igashop/images/20000004905"
Riverina Grove Pasta Sauce Tomato & Basil 500g,$8.95,$1.79/100g,"https://cdn.metcash.media/image/upload/f_auto,c_limit,w_300,q_auto/igashop/images/190000004899"
Sunlight Dishwashing Liquid Natural Lemon 1L,$6.50,$6.50/1L,"https://cdn.metcash.media/image/upload/f_auto,c_limit,w_300,q_auto/igashop/images/351362"
Australia's Own Macadamia Barista Milk 1L,$4.50,$4.50/1L,"https://cdn.metcash.media/image/upload/f_auto,c_limit,w_300,q_auto/igashop/images/31158"
Cheeky Brothers Hot Foldys 3 Cheese 250g,$8.00,$3.20/100g,https://www.igashop.com.au/static/default-product-image.png
Pine O Cleen Disinfectant Wipes Tropical Blossom 220 Pack,$14.00,$0.06 each,"https://cdn.metcash.media/image/upload/f_auto,c_limit,w_300,q_auto/igashop/images/246305"
Nescafe Blend 43 Espresso 250g,$13.80,$5.52/100g,"https://cdn.metcash.media/image/upload/f_auto,c_limit,w_300,q_auto/igashop/images/397716"
Streets Splice Fruit Ice Pine Lime 68mL,$3.60,$5.29/100mL,"https://cdn.metcash.media/image/upload/f_auto,c_limit,w_300,q_auto/igashop/images/330492"
Pauls Smarter White Milk 2L,$4.85,$2.43/1L,"https://cdn.metcash.media/image/upload/f_auto,c_limit,w_300,q_auto/igashop/images/181759"
Always Fresh Sundried Tomatoes Halves 220g,$4.90,$2.23/100g,"https://cdn.metcash.media/image/upload/f_auto,c_limit,w_300,q_auto/igashop/images/641681"
Black & Gold Regular Household Wipes 10 Pack,$1.05,$0.11 each,"https://cdn.metcash.media/image/upload/f_auto,c_limit,w_300,q_auto/igashop/images/64193"
Berri Pop Tops Apple Juice 250mL,$1.55,$0.62/100mL,"https://cdn.metcash.media/image/upload/f_auto,c_limit,w_300,q_auto/igashop/images/20000003738"
Community Co Psyllium Husk 150g,$6.20,$4.13/100g,"https://cdn.metcash.media/image/upload/f_auto,c_limit,w_300,q_auto/igashop/images/799117"
Cadbury Old Gold Bisc & Peanut Clusters 120g,$6.00,$5.00/100g,"https://cdn.metcash.media/image/upload/f_auto,c_limit,w_300,q_auto/igashop/images/180000005537"
Nuttelex Buttery 500g,$5.20,$1.04/100g,"https://cdn.metcash.media/image/upload/f_auto,c_limit,w_300,q_auto/igashop/images/445438"
Clairol Nice 'N Easy 6A Natural Light Ash Brown,$9.00,N/A,"https://cdn.metcash.media/image/upload/f_auto,c_limit,w_300,q_auto/igashop/images/190000002193"
Orgran Gluten Free Self Raising Flour 500g,$5.95,$1.19/100g,"https://cdn.metcash.media/image/upload/f_auto,c_limit,w_300,q_auto/igashop/images/456811"
Sard Wonder Laundry Additives Sublime White With Ultra Whitening Agents 7 Pack,$4.15,$0.59 each,"https://cdn.metcash.media/image/upload/f_auto,c_limit,w_300,q_auto/igashop/images/935103"
L'OR Espresso Supremo Intensity 10 Pack,$13.00,$1.30 each,"https://cdn.metcash.media/image/upload/f_auto,c_limit,w_300,q_auto/igashop/images/160000000104"
Golden Wok Thai Chicken Dumpling 230g,$8.50,$3.70/100g,"https://cdn.metcash.media/image/upload/f_auto,c_limit,w_300,q_auto/igashop/images/932228"
Whittaker's Block Chocolate Peanut Brittle 250g,$7.00,$2.80/100g,https://www.igashop.com.au/static/default-product-image.png
Palmolive Antibacterial Liquid Hand Wash Soap White Tea Refill & Save 1L,$7.50,$7.50/1L,"https://cdn.metcash.media/image/upload/f_auto,c_limit,w_300,q_auto/igashop/images/91098"
Sunbeam Nuts Australian Slivered Almonds 300g,$15.30,$5.10/100g,"https://cdn.metcash.media/image/upload/f_auto,c_limit,w_300,q_auto/igashop/images/160000018199"
Nestlé Yorkie Bar 46g,$2.30,$5.00/100g,"https://cdn.metcash.media/image/upload/f_auto,c_limit,w_300,q_auto/igashop/images/190000002926"
Gourmet Garden Lightly Dried Chives 4g,$4.50,$112.50/100g,"https://cdn.metcash.media/image/upload/f_auto,c_limit,w_300,q_auto/igashop/images/749536"
Sistema Rectangle Klip It 1L 3 Pack,$7.85,$2.62 each,"https://cdn.metcash.media/image/upload/f_auto,c_limit,w_300,q_auto/igashop/images/897805"
Colgate Gel 2in1 Whitening 130g,$6.50,$5.00/100g,"https://cdn.metcash.media/image/upload/f_auto,c_limit,w_300,q_auto/igashop/images/440056"
Koala Natural Multi-Purpose Bathroom Cleaner Eucalyptus 500mL,$13.10,$2.62/100mL,"https://cdn.metcash.media/image/upload/f_auto,c_limit,w_300,q_auto/igashop/images/190000001943"
Heritage Delight Meringue Nests Passionfruit 8 Pack,$7.95,$0.99 each,"https://cdn.metcash.media/image/upload/f_auto,c_limit,w_300,q_auto/igashop/images/180000000186"
Oates Antibacterial Mop Head Refill Large,$11.00,N/A,"https://cdn.metcash.media/image/upload/f_auto,c_limit,w_300,q_auto/igashop/images/785210"
Norco Cape Byron Choc Lava 380mL,$8.00,$2.11/100mL,https://www.igashop.com.au/static/default-product-image.png
Dove Antiperspirant Aerosol Classic 250mL,$9.50,$3.80/100mL,https://www.igashop.com.au/static/default-product-image.png
Haagen-Dazs Ice Cream Macaron Yuzu Lemon 420mL,$13.50,$3.21/100mL,"https://cdn.metcash.media/image/upload/f_auto,c_limit,w_300,q_auto/igashop/images/279141"
Glen 20 Spray Disinfectant All-In-One Crisp Linen 175g,$6.00,$3.43/100g,"https://cdn.metcash.media/image/upload/f_auto,c_limit,w_300,q_auto/igashop/images/459102"
Bakers Collection Sponge Cake Assorted Coffee/Salted Caramel 220g,$9.70,$4.41/100g,https://www.igashop.com.au/static/default-product-image.png
Cadbury Favourites Box 470g,$12.00,$2.55/100g,"https://cdn.metcash.media/image/upload/f_auto,c_limit,w_300,q_auto/igashop/images/180000006309"
Nestlé KitKat Choc Mint Chip 45g,$2.00,$4.44/100g,"https://cdn.metcash.media/image/upload/f_auto,c_limit,w_300,q_auto/igashop/images/155326"
Real Foods Corn Thins Soy & Linseed With Chia 150g,$1.50,$1.00/100g,"https://cdn.metcash.media/image/upload/f_auto,c_limit,w_300,q_auto/igashop/images/911594"
Big Lolly Snakes 180g,$2.30,$1.28/100g,"https://cdn.metcash.media/image/upload/f_auto,c_limit,w_300,q_auto/igashop/images/562756"
Radiant All-In-One Mixed Colours Laundry Powder 2kg,$12.00,$6.00/kg,"https://cdn.metcash.media/image/upload/f_auto,c_limit,w_300,q_auto/igashop/images/369462"
Youfoodz Chargrilled Chicken With Chipotle Mayo 326g,$10.95,$3.36/100g,"https://cdn.metcash.media/image/upload/f_auto,c_limit,w_300,q_auto/igashop/images/858479"
I&J Cooked Peeled Prawns Tail Off 500g,$19.40,$3.88/100g,"https://cdn.metcash.media/image/upload/f_auto,c_limit,w_300,q_auto/igashop/images/186770"
McCormick Seasons All #180GM 180g,$5.85,$3.25/100g,"https://cdn.metcash.media/image/upload/f_auto,c_limit,w_300,q_auto/igashop/images/190000003784"
Cadbury Caramilk 180g,$4.00,$2.22/100g,"https://cdn.metcash.media/image/upload/f_auto,c_limit,w_300,q_auto/igashop/images/930218"
Safcol Responsibly Fished Tuna Pieces with Extra Virgin Olive Oil 100g,$2.70,$2.70/100g,"https://cdn.metcash.media/image/upload/f_auto,c_limit,w_300,q_auto/igashop/images/313555"
Canon Foods Southern Style Popcorn Chicken 400g,$8.05,$2.01/100g,"https://cdn.metcash.media/image/upload/f_auto,c_limit,w_300,q_auto/igashop/images/983025"
Selleys Sugar Soap Liquid 750mL,$5.40,$0.72/100mL,"https://cdn.metcash.media/image/upload/f_auto,c_limit,w_300,q_auto/igashop/images/94106"
Pickers Spicy Onion Rings 350g,$7.50,$2.14/100g,"https://cdn.metcash.media/image/upload/f_auto,c_limit,w_300,q_auto/igashop/images/649134"
Pauls Full Cream Milk NSW 2L,$4.50,$2.25/1L,"https://cdn.metcash.media/image/upload/f_auto,c_limit,w_300,q_auto/igashop/images/181513"
Mother Energy Drink Berry Can 500mL,$3.30,$0.66/100mL,"https://cdn.metcash.media/image/upload/f_auto,c_limit,w_300,q_auto/igashop/images/190000001534"
Ceres Organics Original Brown Rice Crackers 115g,$4.00,$3.48/100g,"https://cdn.metcash.media/image/upload/f_auto,c_limit,w_300,q_auto/igashop/images/20000001600"
Redberry Nail Brush,$2.20,N/A,"https://cdn.metcash.media/image/upload/f_auto,c_limit,w_300,q_auto/igashop/images/248085"
Colgate Kids Battery Powered Sonic Toothbrush,$9.85,N/A,"https://cdn.metcash.media/image/upload/f_auto,c_limit,w_300,q_auto/igashop/images/20000006655"
Gotzinger Liverwurst Farm House 250g,$6.95,$2.78/100g,"https://cdn.metcash.media/image/upload/f_auto,c_limit,w_300,q_auto/igashop/images/190000004967"
Heinz Seriously Good Fiery Chilli & Garlic Aioli 295mL,$5.50,$1.86/100mL,"https://cdn.metcash.media/image/upload/f_auto,c_limit,w_300,q_auto/igashop/images/1800000067617"
SKYN Maximum Performance Lubricant 80mL,$13.00,$16.25/100mL,"https://cdn.metcash.media/image/upload/f_auto,c_limit,w_300,q_auto/igashop/images/160000003243"
Prime Hydration Meta Moon 500mL,$4.50,$9.00/1L,https://www.igashop.com.au/static/default-product-image.png
Bundaberg Sparkling Blood Orange Sparkling Drink 4 Pack,$6.30,$1.58 each,"https://cdn.metcash.media/image/upload/f_auto,c_limit,w_300,q_auto/igashop/images/388039"
Pauls Egg Nog Bundaberg Rum Flavoured Milk 1L,$5.70,$5.70/1L,https://www.igashop.com.au/static/default-product-image.png
Sprite Lemon Plus Bottle 1.25L,$3.85,$3.08/1L,"https://cdn.metcash.media/image/upload/f_auto,c_limit,w_300,q_auto/igashop/images/635790"
Haagen-Dazs Ice Cream Fruit Collection 4 Pack,$10.00,$2.50 each,https://www.igashop.com.au/static/default-product-image.png
Continental Value Pack Pasta & Sauce Macaroni Cheese 170g,$3.80,$2.24/100g,"https://cdn.metcash.media/image/upload/f_auto,c_limit,w_300,q_auto/igashop/images/34384"
Obap Kimchi Paste 180g,$4.75,$2.64/100g,"https://cdn.metcash.media/image/upload/f_auto,c_limit,w_300,q_auto/igashop/images/845895"
L'OR Latte Coffee 220g,$5.00,$2.27/100g,"https://cdn.metcash.media/image/upload/f_auto,c_limit,w_300,q_auto/igashop/images/180000003094"
Dates Natural 454g,$15.50,$3.41/100g,"https://cdn.metcash.media/image/upload/f_auto,c_limit,w_300,q_auto/igashop/images/180000002202"
Moki Sports Earphones Black,$10.00,N/A,"https://cdn.metcash.media/image/upload/f_auto,c_limit,w_300,q_auto/igashop/images/788213"
Tatua Mascarpone Pouch 500g,$10.40,$2.08/100g,"https://cdn.metcash.media/image/upload/f_auto,c_limit,w_300,q_auto/igashop/images/160000013152"
Red Rock Deli Share Pack Sea Salt 165g,$6.00,$3.64/100g,"https://cdn.metcash.media/image/upload/f_auto,c_limit,w_300,q_auto/igashop/images/23786"
Community Co Diced Beetroot 420g,$2.25,$0.54/100g,https://www.igashop.com.au/static/default-product-image.png
Red Tulip Easter Hollow Egg 50g,$1.70,$3.40/100g,"https://cdn.metcash.media/image/upload/f_auto,c_limit,w_300,q_auto/igashop/images/190000009782"
Laughing Cow Original 240g,$7.00,$2.92/100g,https://www.igashop.com.au/static/default-product-image.png
Community Co Spinach & Ricotta Agnolotti 625g,$7.40,$1.18/100g,"https://cdn.metcash.media/image/upload/f_auto,c_limit,w_300,q_auto/igashop/images/838000"
Doritos Tortilla Chips Lime 255g,$4.00,$1.57/100g,"https://cdn.metcash.media/image/upload/f_auto,c_limit,w_300,q_auto/igashop/images/1800000068155"
Oak Plus Salted Caramel Flavoured Milk 500mL,$4.40,$0.88/100mL,"https://cdn.metcash.media/image/upload/f_auto,c_limit,w_300,q_auto/igashop/images/180000006368"
Wokka Pad Thai Noodle Box 350g,$5.00,$1.43/100g,"https://cdn.metcash.media/image/upload/f_auto,c_limit,w_300,q_auto/igashop/images/675517"
Yarra Valley Hilltop Juice Orange Pulp Free 2L,$5.10,$2.55/1L,https://www.igashop.com.au/static/default-product-image.png
Always Fresh Olives Spanish Stuffed 700g,$6.55,$0.94/100g,"https://cdn.metcash.media/image/upload/f_auto,c_limit,w_300,q_auto/igashop/images/66917"
Community Co Loaded Choc Cookies 300g,$6.50,$2.17/100g,"https://cdn.metcash.media/image/upload/f_auto,c_limit,w_300,q_auto/igashop/images/245228"
Air Wick Pure Freshmatic Air Freshener Cherry Blossom Prime 157g,$13.20,$8.41/100g,"https://cdn.metcash.media/image/upload/f_auto,c_limit,w_300,q_auto/igashop/images/198434"
Stevia Sweet Granulated Sweetener Jar 75g,$8.80,$11.73/100g,"https://cdn.metcash.media/image/upload/f_auto,c_limit,w_300,q_auto/igashop/images/9481"
Nudie Juice Nothing But Orange Pulp Free 400mL,$4.00,$1.00/100mL,"https://cdn.metcash.media/image/upload/f_auto,c_limit,w_300,q_auto/igashop/images/180000000066"
Black Swan Salsa Pico De Gallo 225g,$6.00,$2.67/100g,"https://cdn.metcash.media/image/upload/f_auto,c_limit,w_300,q_auto/igashop/images/20000005006"
The Monday Food Co Paleo Granola Macadamia & Cranberry 300g,$21.95,$7.32/100g,https://www.igashop.com.au/static/default-product-image.png
Bondi Sands Self Tanning Foam Dark 200mL,$21.95,$10.98/100mL,"https://cdn.metcash.media/image/upload/f_auto,c_limit,w_300,q_auto/igashop/images/463033"
Ceres Organics Chickpea Crisps Turmeric Pepper 100g,$4.30,$4.30/100g,"https://cdn.metcash.media/image/upload/f_auto,c_limit,w_300,q_auto/igashop/images/20000002108"
Sard Oils & Grime Stain Remover Spray Expert Action 420mL,$4.00,$0.95/100mL,"https://cdn.metcash.media/image/upload/f_auto,c_limit,w_300,q_auto/igashop/images/180000000603"
Cuddly Concentrate Fabric Softener Aroma Collections Lavender 500mL,$5.65,$1.13/100mL,"https://cdn.metcash.media/image/upload/f_auto,c_limit,w_300,q_auto/igashop/images/490857"
Combat Ant-Rid Gel Ant Bait Pest Control Insecticide 4 Pack,$14.00,$3.50 each,"https://cdn.metcash.media/image/upload/f_auto,c_limit,w_300,q_auto/igashop/images/764701"
The Confectionery House Honeycomb Milk Chocolate 400g,$6.80,$1.70/100g,https://www.igashop.com.au/static/default-product-image.png
Bundy Juice Orange 2L,$6.50,$3.25/1L,"https://cdn.metcash.media/image/upload/f_auto,c_limit,w_300,q_auto/igashop/images/20000006355"
Handee Ultra Paper Towels Triple Length White 2 Pack,$8.00,$4.00 each,"https://cdn.metcash.media/image/upload/f_auto,c_limit,w_300,q_auto/igashop/images/642860"
Bref Blue Active Eucalyptus Rim Block Toilet Cleaner 100g,$11.00,$11.00/100g,"https://cdn.metcash.media/image/upload/f_auto,c_limit,w_300,q_auto/igashop/images/834182"
Reese's Peanut Butter Cup Chocolate Big Cup 79g,$3.50,$4.43/100g,https://www.igashop.com.au/static/default-product-image.png
TCC Coconut Cream 400mL,$3.20,$0.80/100mL,"https://cdn.metcash.media/image/upload/f_auto,c_limit,w_300,q_auto/igashop/images/978588"
Marathon Chef Lamb Shank In Red Wine 1kg,Final cost based on weight,$24.00/$24.00,"https://cdn.metcash.media/image/upload/f_auto,c_limit,w_300,q_auto/igashop/images/180000049"
Dine Desire Tuna & Whitemeat 85g,$2.50,$2.94/100g,"https://cdn.metcash.media/image/upload/f_auto,c_limit,w_300,q_auto/igashop/images/25063"
Sunbites Cracker Sour Cream And Chives 110g,$2.75,$2.50/100g,https://www.igashop.com.au/static/default-product-image.png
Latina Fresh Veal Tortellini 625g,$8.00,$1.28/100g,"https://cdn.metcash.media/image/upload/f_auto,c_limit,w_300,q_auto/igashop/images/20000001774"
Garnier Vitamin C Night Serum 30mL,$40.00,$133.33/100mL,"https://cdn.metcash.media/image/upload/f_auto,c_limit,w_300,q_auto/igashop/images/373131"
Community Co Peanut Butter Crunchy 500g,$3.40,$0.68/100g,"https://cdn.metcash.media/image/upload/f_auto,c_limit,w_300,q_auto/igashop/images/1800000068278"
Nestlé Milkybar Chocolate Biscoff 44g,$2.50,$5.68/100g,"https://cdn.metcash.media/image/upload/f_auto,c_limit,w_300,q_auto/igashop/images/691827"
Anticol Throat Lozenge Vapour Action 10 Pack,$2.75,$0.28 each,"https://cdn.metcash.media/image/upload/f_auto,c_limit,w_300,q_auto/igashop/images/473554"
Ecostore Soap Bar Coconut 80g,$3.30,$4.13/100g,"https://cdn.metcash.media/image/upload/f_auto,c_limit,w_300,q_auto/igashop/images/49533"
ETA Dressings Potato Salad 365g,$4.00,$1.10/100g,"https://cdn.metcash.media/image/upload/f_auto,c_limit,w_300,q_auto/igashop/images/34114"
Monster Energy Drink Punch Papillon Cans 500mL,$4.45,$8.90/1L,https://www.igashop.com.au/static/default-product-image.png
Tip Top English Muffins Original 6 Pack,$4.10,$0.68 each,"https://cdn.metcash.media/image/upload/f_auto,c_limit,w_300,q_auto/igashop/images/476405"
Queen Sugar Free Chocolate Fudge Topping 355mL,$5.50,$1.55/100mL,"https://cdn.metcash.media/image/upload/f_auto,c_limit,w_300,q_auto/igashop/images/1800000068878"
Continental Cup A Soup Italian Minestrone 2 Pack,$2.80,$1.40 each,"https://cdn.metcash.media/image/upload/f_auto,c_limit,w_300,q_auto/igashop/images/361480"
Weis Half and Half Mango & Vanilla 1L,$10.00,$10.00/1L,"https://cdn.metcash.media/image/upload/f_auto,c_limit,w_300,q_auto/igashop/images/20000006553"
Barilla Pasta Sauce Arrabbiata Chilli 400g,$4.90,$1.23/100g,"https://cdn.metcash.media/image/upload/f_auto,c_limit,w_300,q_auto/igashop/images/81373"
Barker's Seedless Passionfruit Butter 270g,$7.50,$2.78/100g,"https://cdn.metcash.media/image/upload/f_auto,c_limit,w_300,q_auto/igashop/images/180000004244"
Birds Eye Deli Beer Batter Chips 600g,$6.20,$1.03/100g,"https://cdn.metcash.media/image/upload/f_auto,c_limit,w_300,q_auto/igashop/images/622506"
MasterFoods Dried Mixed Herbs 40g,$6.50,$16.25/100g,"https://cdn.metcash.media/image/upload/f_auto,c_limit,w_300,q_auto/igashop/images/16158"
OMO Sensitive Laundry Detergent Washing Powder Front & Top Loader 5kg,$37.50,$7.50/kg,"https://cdn.metcash.media/image/upload/f_auto,c_limit,w_300,q_auto/igashop/images/624752"
Fennel Bulb,$4.50,N/A,"https://cdn.metcash.media/image/upload/f_auto,c_limit,w_300,q_auto/igashop/images/80050134"
Nature's Gift Wet Dog Food Chicken 6 Pack,$7.50,$1.25 each,"https://cdn.metcash.media/image/upload/f_auto,c_limit,w_300,q_auto/igashop/images/335594"
EasiYo Greek-Style Honey Yogurt Base 210g,$6.49,$3.09/100g,"https://cdn.metcash.media/image/upload/f_auto,c_limit,w_300,q_auto/igashop/images/707500"
Bickford's Wellbeing Immunity Support Blended Citrus Fruits & Apple 1L,$6.50,$6.50/1L,https://www.igashop.com.au/static/default-product-image.png
KR Castlemaine Virginian Boneless Leg Ham 750g,$8.99,$1.20/100g,"https://cdn.metcash.media/image/upload/f_auto,c_limit,w_300,q_auto/igashop/images/140452"
Radiant Fabric Liquid Indoor Dry 1.8L,$12.00,$6.67/1L,"https://cdn.metcash.media/image/upload/f_auto,c_limit,w_300,q_auto/igashop/images/541357"
Leda Choc Chip Cookies 155g,$3.50,$2.26/100g,"https://cdn.metcash.media/image/upload/f_auto,c_limit,w_300,q_auto/igashop/images/160000017852"
Schwarzkopf Extra Care Strong Styling Hairspray 400g,$14.00,$3.50/100g,"https://cdn.metcash.media/image/upload/f_auto,c_limit,w_300,q_auto/igashop/images/442511"
Laucke Country Women's Scone Mix 1kg,$6.15,$6.15/kg,"https://cdn.metcash.media/image/upload/f_auto,c_limit,w_300,q_auto/igashop/images/737050"
Edgell Black Beans Capsicum And Charred Corn With Zesty Salsa 70g,$1.60,$2.29/100g,"https://cdn.metcash.media/image/upload/f_auto,c_limit,w_300,q_auto/igashop/images/565822"
Cadbury Chocolate Caramilk Marble 173g,$4.00,$2.31/100g,"https://cdn.metcash.media/image/upload/f_auto,c_limit,w_300,q_auto/igashop/images/236949"
St Dalfour Four Fruits Spread No Added Sugar 284g,$6.20,$2.18/100g,"https://cdn.metcash.media/image/upload/f_auto,c_limit,w_300,q_auto/igashop/images/190000000873"
Nicorette Nicotine Gum Icy Mint 2mg Regular Strength 75 Pack,$28.00,$0.37 each,"https://cdn.metcash.media/image/upload/f_auto,c_limit,w_300,q_auto/igashop/images/89059"
Celebrate Health Creamy Caesar With Apple Cider Vinegar & Avacado Oil 150g,$4.60,$3.07/100g,https://www.igashop.com.au/static/default-product-image.png
Cadbury Scorched Peanuts 300g,$13.00,$4.33/100g,"https://cdn.metcash.media/image/upload/f_auto,c_limit,w_300,q_auto/igashop/images/180999"
The Bar Counter Bar High Protein Chocolate Mint 40g,$4.00,$10.00/100g,"https://cdn.metcash.media/image/upload/f_auto,c_limit,w_300,q_auto/igashop/images/703831"
BuonTempo Gluten Free Pasta Spirals 600g,$6.00,$1.00/100g,"https://cdn.metcash.media/image/upload/f_auto,c_limit,w_300,q_auto/igashop/images/20000007115"
Hydralyte Electrolyte Powder Orange 10 Pack,$10.95,$1.10 each,"https://cdn.metcash.media/image/upload/f_auto,c_limit,w_300,q_auto/igashop/images/828547"
Kellogg's LCM's Split Stix Yoghurty 264g,$3.75,$1.42/100g,"https://cdn.metcash.media/image/upload/f_auto,c_limit,w_300,q_auto/igashop/images/308958"
Steggles Frozen Turkey Breast Roast 2kg,$12.00,$6.00/kg,"https://cdn.metcash.media/image/upload/f_auto,c_limit,w_300,q_auto/igashop/images/189260"
Bega Farmers' Tasty Cheese Lactose Free 15 Pack,$6.50,$0.43 each,"https://cdn.metcash.media/image/upload/f_auto,c_limit,w_300,q_auto/igashop/images/190000005273"
McKenzie's Coconut Flour Resealable 330g,$4.00,$1.21/100g,"https://cdn.metcash.media/image/upload/f_auto,c_limit,w_300,q_auto/igashop/images/345219"
Ardmona Pasta Sauce Basil Garlic & Black Pepper 360g,$4.30,$1.19/100g,"https://cdn.metcash.media/image/upload/f_auto,c_limit,w_300,q_auto/igashop/images/180000006388"
Black & Gold Milky Pops Chocolate 10 Pack,$5.70,$0.57 each,"https://cdn.metcash.media/image/upload/f_auto,c_limit,w_300,q_auto/igashop/images/159184"
Colgate Advanced Whitening Toothpaste 200g,$11.00,$5.50/100g,"https://cdn.metcash.media/image/upload/f_auto,c_limit,w_300,q_auto/igashop/images/514973"
Black & Gold Peas And Corn 420g,$1.80,$0.43/100g,"https://cdn.metcash.media/image/upload/f_auto,c_limit,w_300,q_auto/igashop/images/180000002934"
Dare Toffee Latte 500mL,$3.60,$0.72/100mL,"https://cdn.metcash.media/image/upload/f_auto,c_limit,w_300,q_auto/igashop/images/180000005381"
Trill Canary & Finch Mix 1.8kg,$6.00,$3.33/kg,"https://cdn.metcash.media/image/upload/f_auto,c_limit,w_300,q_auto/igashop/images/824682"
MasterFoods Marinade Satay 375g,$3.00,$0.80/100g,"https://cdn.metcash.media/image/upload/f_auto,c_limit,w_300,q_auto/igashop/images/48838"
Evian Natural Mineral Water 1L,$3.00,$3.00/1L,"https://cdn.metcash.media/image/upload/f_auto,c_limit,w_300,q_auto/igashop/images/914932"
Croco Brezel Crackers Mix 250g,$1.00,$0.40/100g,"https://cdn.metcash.media/image/upload/f_auto,c_limit,w_300,q_auto/igashop/images/20000006667"
Vitasoy Unsweetened Protein Plus Soy Milk 1L,$3.00,$3.00/1L,"https://cdn.metcash.media/image/upload/f_auto,c_limit,w_300,q_auto/igashop/images/636157"
NIVEA Hydro Care Lip Balm SPF15 4.8g,$3.00,$62.50/100g,"https://cdn.metcash.media/image/upload/f_auto,c_limit,w_300,q_auto/igashop/images/382965"
Huggies Diaper Pants Size 6 Girl Jumbo 48 Pack,$33.50,$0.70 each,"https://cdn.metcash.media/image/upload/f_auto,c_limit,w_300,q_auto/igashop/images/1800000067627"
McKenzie's Tapioca Flour Resealable 300g,$4.00,$1.33/100g,"https://cdn.metcash.media/image/upload/f_auto,c_limit,w_300,q_auto/igashop/images/345196"
McCormick Slow Cookers Country Chicken Cassarole 40g,$1.80,$4.50/100g,"https://cdn.metcash.media/image/upload/f_auto,c_limit,w_300,q_auto/igashop/images/8924"
Kellogg's Sultana Bran Gluten Free 350g,$7.50,$2.14/100g,"https://cdn.metcash.media/image/upload/f_auto,c_limit,w_300,q_auto/igashop/images/170000002560"
Kreol Sparkling Drink Passionfruit Orange 330mL,$4.50,$1.36/100mL,"https://cdn.metcash.media/image/upload/f_auto,c_limit,w_300,q_auto/igashop/images/20000007173"
Fab Spice Desire Triple Capsules 30 Pack,$13.00,$0.43 each,https://www.igashop.com.au/static/default-product-image.png
Heinz Big Red Salt Reduced Condensed Tomato Soup 420g,$2.50,$0.60/100g,"https://cdn.metcash.media/image/upload/f_auto,c_limit,w_300,q_auto/igashop/images/323204"
John West Skinless & Boneless Red Salmon in Oil 90g,$4.00,$4.44/100g,"https://cdn.metcash.media/image/upload/f_auto,c_limit,w_300,q_auto/igashop/images/180000003428"
Masterfoods Herbs And Spices Avocado Smash Blend Jar 30g,$3.50,$11.67/100g,"https://cdn.metcash.media/image/upload/f_auto,c_limit,w_300,q_auto/igashop/images/683515"
Angas Park Dried Pears 200g,$6.50,$3.25/100g,"https://cdn.metcash.media/image/upload/f_auto,c_limit,w_300,q_auto/igashop/images/991861"
Schwarzkopf Brilliance 89 Bitter Sweet Chocolate,$26.00,N/A,"https://cdn.metcash.media/image/upload/f_auto,c_limit,w_300,q_auto/igashop/images/245207"
Harris Smokehouse Premium Smoked Salmon 100g,$11.50,$11.50/100g,"https://cdn.metcash.media/image/upload/f_auto,c_limit,w_300,q_auto/igashop/images/7968"
Community Co Aussie Mix 110g,$3.00,$2.73/100g,"https://cdn.metcash.media/image/upload/f_auto,c_limit,w_300,q_auto/igashop/images/696911"
Lawson's Traditional White Bread 750g,$5.80,$0.77/100g,"https://cdn.metcash.media/image/upload/f_auto,c_limit,w_300,q_auto/igashop/images/839608"
Dare Iced Coffee Hazelnut Latte 500mL,$4.25,$8.50/1L,"https://cdn.metcash.media/image/upload/f_auto,c_limit,w_300,q_auto/igashop/images/413135"
Streets Golden Gaytime Strawberries & Cream 4 Pack,$10.00,$2.50 each,"https://cdn.metcash.media/image/upload/f_auto,c_limit,w_300,q_auto/igashop/images/279214"
Sukin Hydrating Shampoo 500mL,$20.00,$4.00/100mL,"https://cdn.metcash.media/image/upload/f_auto,c_limit,w_300,q_auto/igashop/images/160000012518"
Bostik Blu-Tack 75g,$3.10,$4.13/100g,"https://cdn.metcash.media/image/upload/f_auto,c_limit,w_300,q_auto/igashop/images/232453"
"Norco Natural Malt, Honey & Chocolate Milk 500mL",$3.20,$0.64/100mL,"https://cdn.metcash.media/image/upload/f_auto,c_limit,w_300,q_auto/igashop/images/190000003871"
U By Kotex Ultrathin Pads Regular With Wings 14 Pack,$5.60,$0.40 each,"https://cdn.metcash.media/image/upload/f_auto,c_limit,w_300,q_auto/igashop/images/384881"
Schweppes Classic Mixers Dry Ginger Ale Zero Sugar 1.1L,$1.25,$1.14/1L,"https://cdn.metcash.media/image/upload/f_auto,c_limit,w_300,q_auto/igashop/images/852813"
Suimin K-Pow Bowl Noodles Beef 105g,$3.50,$3.33/100g,"https://cdn.metcash.media/image/upload/f_auto,c_limit,w_300,q_auto/igashop/images/180000006394"
Moccona Classic Medium Roast Freeze Dried Instant Coffee 180g,$15.00,$8.33/100g,"https://cdn.metcash.media/image/upload/f_auto,c_limit,w_300,q_auto/igashop/images/180000003125"
BabyLove Nappy Pants Junior 22 Pack,$19.50,$0.89 each,"https://cdn.metcash.media/image/upload/f_auto,c_limit,w_300,q_auto/igashop/images/475174"
Cadbury Crunchie Chunks Bites 130g,$3.50,$2.69/100g,"https://cdn.metcash.media/image/upload/f_auto,c_limit,w_300,q_auto/igashop/images/1800000068033"
Balfours Albert Cake Bar 500g,$9.35,$1.87/100g,"https://cdn.metcash.media/image/upload/f_auto,c_limit,w_300,q_auto/igashop/images/803173"
Huggies DryNites Night Time Pants for Girls 8-15 Years (27-57kg) 8 Pack,$11.00,$1.38 each,"https://cdn.metcash.media/image/upload/f_auto,c_limit,w_300,q_auto/igashop/images/582395"
Black & Gold Giant Household Wipes 5 Pack,$2.00,$0.40 each,"https://cdn.metcash.media/image/upload/f_auto,c_limit,w_300,q_auto/igashop/images/41836"
"Carman's Honey, Vanilla & Cinnamon Gourmet Porridge Sachets 8 Pack",$7.50,$0.94 each,"https://cdn.metcash.media/image/upload/f_auto,c_limit,w_300,q_auto/igashop/images/601356"
Fragassi Vodka Pasta Sauce 500g,$8.50,$1.70/100g,"https://cdn.metcash.media/image/upload/f_auto,c_limit,w_300,q_auto/igashop/images/160000013957"
Dettol Healthy Clean Antibacterial Bathroom Cleaner Trigger Spray 500mL,$4.50,$0.90/100mL,"https://cdn.metcash.media/image/upload/f_auto,c_limit,w_300,q_auto/igashop/images/460161"
TRESemmé Violet Blonde Shine Shampoo 675mL,$13.00,$1.93/100mL,"https://cdn.metcash.media/image/upload/f_auto,c_limit,w_300,q_auto/igashop/images/809881"
Sandhurst Antipasto Roasted Red Pepper Strips 470g,$6.10,$1.30/100g,"https://cdn.metcash.media/image/upload/f_auto,c_limit,w_300,q_auto/igashop/images/272348"
MasterFoods Beef Stroganoff Simmer Sauce 495g,$4.50,$0.91/100g,"https://cdn.metcash.media/image/upload/f_auto,c_limit,w_300,q_auto/igashop/images/404453"
Schweppes Classic Mixers Indian Tonic Water 4 Pack,$3.50,$0.88 each,"https://cdn.metcash.media/image/upload/f_auto,c_limit,w_300,q_auto/igashop/images/460404"
Peters Drumstick Caramel 4 Pack,$9.50,$2.38 each,"https://cdn.metcash.media/image/upload/f_auto,c_limit,w_300,q_auto/igashop/images/159613"
Morning Fresh Lemon Refill Doy 800mL,$6.50,$0.81/100mL,https://www.igashop.com.au/static/default-product-image.png
Community Co Black Peppercorn Grinder 50g,$4.00,$8.00/100g,"https://cdn.metcash.media/image/upload/f_auto,c_limit,w_300,q_auto/igashop/images/835832"
Pandaroo Lite Coconut Milk 400mL,$2.25,$0.56/100mL,"https://cdn.metcash.media/image/upload/f_auto,c_limit,w_300,q_auto/igashop/images/190000004849"
Perfect Italiano Garlic & Herb Parmesan Canister 100g,$5.90,$5.90/100g,"https://cdn.metcash.media/image/upload/f_auto,c_limit,w_300,q_auto/igashop/images/180000005677"
INGHAM'S Devil Wing Dings 1kg,$16.20,$16.20/kg,"https://cdn.metcash.media/image/upload/f_auto,c_limit,w_300,q_auto/igashop/images/20000004616"
Community Co Chicken Tikka & Rice 350g,$8.50,$2.43/100g,https://www.igashop.com.au/static/default-product-image.png
Perrier Sparkling Water 1L,$4.50,$4.50/1L,"https://cdn.metcash.media/image/upload/f_auto,c_limit,w_300,q_auto/igashop/images/20000003635"
Mainland Cheese & Lavosh Crackers Rosemary & Rock Salt 36g,$2.80,$7.78/100g,"https://cdn.metcash.media/image/upload/f_auto,c_limit,w_300,q_auto/igashop/images/190000004735"
MasterFoods Finely Crushed Garlic 280g,$5.30,$1.89/100g,"https://cdn.metcash.media/image/upload/f_auto,c_limit,w_300,q_auto/igashop/images/1800000068676"
McKenzie's Rice Flour 375g,$1.70,$0.45/100g,"https://cdn.metcash.media/image/upload/f_auto,c_limit,w_300,q_auto/igashop/images/42222"
Uncle Tobys Le Snak Snacks For Kids Mini Cracker Cheese 119g,$5.60,$4.71/100g,https://www.igashop.com.au/static/default-product-image.png
Go Natural Beauty Collagen Cookie Macadamia and White Choc 50g,$4.29,$8.58/100g,"https://cdn.metcash.media/image/upload/f_auto,c_limit,w_300,q_auto/igashop/images/160000011972"
Reese's Chocolate Peanut Butter Cup Block 120g,$4.90,$4.08/100g,https://www.igashop.com.au/static/default-product-image.png
Cadbury Caramello Koala 15g,$0.80,$5.33/100g,"https://cdn.metcash.media/image/upload/f_auto,c_limit,w_300,q_auto/igashop/images/307203"
Dove Nutritive Solutions Conditioner Daily Moisture 320mL,$7.70,$2.41/100mL,"https://cdn.metcash.media/image/upload/f_auto,c_limit,w_300,q_auto/igashop/images/244701"
Homestyle Bake Thick Slice Bread 850g,$5.50,$0.65/100g,"https://cdn.metcash.media/image/upload/f_auto,c_limit,w_300,q_auto/igashop/images/20000006871"
Gatorade Blue Bolt Sports Drink 1L,$5.30,$5.30/1L,"https://cdn.metcash.media/image/upload/f_auto,c_limit,w_300,q_auto/igashop/images/666657"
Health Lab Choc Caramel Fudge Cake Protein Bar 50g,$4.50,$9.00/100g,https://www.igashop.com.au/static/default-product-image.png
The Gourmet Sausage Company Pork & Fennel Sausages 500g,$9.50,$1.90/100g,"https://cdn.metcash.media/image/upload/f_auto,c_limit,w_300,q_auto/igashop/images/981374"
Musashi High Protein Milk Choc Brownie Bar 90g,$6.90,$7.67/100g,"https://cdn.metcash.media/image/upload/f_auto,c_limit,w_300,q_auto/igashop/images/589067"
Whittaker's Block Creamy Milk Chocolate 33% Cocoa Almond Gold 200g,$7.00,$3.50/100g,"https://cdn.metcash.media/image/upload/f_auto,c_limit,w_300,q_auto/igashop/images/571271"
Black & Gold Tomato Sauce 2L,$5.00,$2.50/1L,"https://cdn.metcash.media/image/upload/f_auto,c_limit,w_300,q_auto/igashop/images/402090"
Wildly Good Sweet Potato & Kimchi Burger 250g,$6.00,$2.40/100g,"https://cdn.metcash.media/image/upload/f_auto,c_limit,w_300,q_auto/igashop/images/190000002485"
Fantastic Rice Crackers Pink Salt & Vinegar 100g,$2.50,$2.50/100g,"https://cdn.metcash.media/image/upload/f_auto,c_limit,w_300,q_auto/igashop/images/549740"
Angas Park Apricots 375g,$13.60,$3.63/100g,"https://cdn.metcash.media/image/upload/f_auto,c_limit,w_300,q_auto/igashop/images/379129"
Lindt Excellence 85% Cocoa 100g,$4.95,$4.95/100g,"https://cdn.metcash.media/image/upload/f_auto,c_limit,w_300,q_auto/igashop/images/19449"
Dairy Farmers Whole Milk Carton 600mL,$1.99,$0.33/100mL,"https://cdn.metcash.media/image/upload/f_auto,c_limit,w_300,q_auto/igashop/images/872805"
Chobani Greek Yoghurt Natural 907g,$7.90,$0.87/100g,"https://cdn.metcash.media/image/upload/f_auto,c_limit,w_300,q_auto/igashop/images/180000000001"
Norco Elbo Style Cheese Block 500g,$10.00,$2.00/100g,"https://cdn.metcash.media/image/upload/f_auto,c_limit,w_300,q_auto/igashop/images/893767"
Dairy Farmers Thick & Creamy Yoghurt Vanilla 4 Pack,$4.50,$1.13 each,"https://cdn.metcash.media/image/upload/f_auto,c_limit,w_300,q_auto/igashop/images/34151"
Libra Girl Pads Regular with Wings 12 Pack,$4.55,$0.38 each,"https://cdn.metcash.media/image/upload/f_auto,c_limit,w_300,q_auto/igashop/images/372685"
Multix Trolley Liner Garbage Bags 10 Pack,$6.50,$0.65 each,"https://cdn.metcash.media/image/upload/f_auto,c_limit,w_300,q_auto/igashop/images/688997"
Lenards Chicken Cordon Bleus 150g,$17.00,$11.33/100g,"https://cdn.metcash.media/image/upload/f_auto,c_limit,w_300,q_auto/igashop/images/591912"
Lean Cuisine Chicken And Lentil Spinach Dhal 350g,$7.90,$2.26/100g,https://www.igashop.com.au/static/default-product-image.png
ChapStick Conditioner Lip Balm SPF15 4.2g,$4.00,$95.24/100g,"https://cdn.metcash.media/image/upload/f_auto,c_limit,w_300,q_auto/igashop/images/20000000199"
GARNIER Fructis Nourishing Banana Hair Food 390mL,$10.00,$2.56/100mL,"https://cdn.metcash.media/image/upload/f_auto,c_limit,w_300,q_auto/igashop/images/966984"
Trident Miso Noodle Soup 50g,$1.10,$2.20/100g,"https://cdn.metcash.media/image/upload/f_auto,c_limit,w_300,q_auto/igashop/images/200485"
Macros Shredded Chicken & Mushroom Korma 300g,$12.00,$4.00/100g,https://www.igashop.com.au/static/default-product-image.png
Kinder Softy/Bueno Easter Eggs 147g,$13.25,$9.01/100g,"https://cdn.metcash.media/image/upload/f_auto,c_limit,w_300,q_auto/igashop/images/809085"
Community Co Dairy Free Spread 300g,$2.40,$0.80/100g,"https://cdn.metcash.media/image/upload/f_auto,c_limit,w_300,q_auto/igashop/images/836312"
Bakers Collection Pastry Palmiers 225g,$7.95,$3.53/100g,"https://cdn.metcash.media/image/upload/f_auto,c_limit,w_300,q_auto/igashop/images/180000000307"
Arnott's Vita-Weat Cracker Regular 250g,$3.50,$1.40/100g,"https://cdn.metcash.media/image/upload/f_auto,c_limit,w_300,q_auto/igashop/images/309226"
Continental Cucumber,$2.50,N/A,"https://cdn.metcash.media/image/upload/f_auto,c_limit,w_300,q_auto/igashop/images/80050021"
Gatorade Lemon & Lime 1L,$5.30,$5.30/1L,"https://cdn.metcash.media/image/upload/f_auto,c_limit,w_300,q_auto/igashop/images/383050"
Schwarzkopf Extra Care Ultimate Repair Strengthening Shampoo 400mL,$10.00,$2.50/100mL,"https://cdn.metcash.media/image/upload/f_auto,c_limit,w_300,q_auto/igashop/images/160000010235"
Dairy Farmers Classic Maltesers 500mL,$3.20,$0.64/100mL,"https://cdn.metcash.media/image/upload/f_auto,c_limit,w_300,q_auto/igashop/images/180000006406"
Lynx Dark Temptation Deodorant Bodyspray 165mL,$4.00,$2.42/100mL,"https://cdn.metcash.media/image/upload/f_auto,c_limit,w_300,q_auto/igashop/images/748365"
Your Bakery Croissnt 3 Pack,$2.85,$0.95 each,"https://cdn.metcash.media/image/upload/f_auto,c_limit,w_300,q_auto/igashop/images/954759"
Australia's Own Dairy A2 Full Cream 1L,$2.90,$2.90/1L,"https://cdn.metcash.media/image/upload/f_auto,c_limit,w_300,q_auto/igashop/images/31488"
Helga's Wholemeal Sourdough Loaf 750g,$5.20,$0.69/100g,"https://cdn.metcash.media/image/upload/f_auto,c_limit,w_300,q_auto/igashop/images/20000003066"
Atkins Advantage Fudge Caramel 50g,$4.80,$9.60/100g,"https://cdn.metcash.media/image/upload/f_auto,c_limit,w_300,q_auto/igashop/images/256004"
Wokka Shelf Fresh Thin Hokkien Noodles 440g,$3.00,$0.68/100g,"https://cdn.metcash.media/image/upload/f_auto,c_limit,w_300,q_auto/igashop/images/346090"
Black & Gold Sponge Scourers 3 Pack,$2.00,$0.67 each,"https://cdn.metcash.media/image/upload/f_auto,c_limit,w_300,q_auto/igashop/images/343050"
Eveready Gold AA Batteries 4 Pack,$6.75,$1.69 each,"https://cdn.metcash.media/image/upload/f_auto,c_limit,w_300,q_auto/igashop/images/706591"
Beerenberg Mango Chutney 280g,$6.45,$2.30/100g,"https://cdn.metcash.media/image/upload/f_auto,c_limit,w_300,q_auto/igashop/images/963884"
White King Bleach Lemon Tablets 40 Pack,$6.25,$0.16 each,"https://cdn.metcash.media/image/upload/f_auto,c_limit,w_300,q_auto/igashop/images/324700"
Colgate Toothpaste Total Sensitivity & Gum Health 200g,$5.50,$2.75/100g,"https://cdn.metcash.media/image/upload/f_auto,c_limit,w_300,q_auto/igashop/images/515097"
Baker's Oven Triple Choc Chip Cookies 500g,$6.00,$1.20/100g,"https://cdn.metcash.media/image/upload/f_auto,c_limit,w_300,q_auto/igashop/images/245236"
Logan Farm Broad Beans 500g,$4.50,$0.90/100g,"https://cdn.metcash.media/image/upload/f_auto,c_limit,w_300,q_auto/igashop/images/181678"
Aegean Salted Macadamia & Cashew 425g,$12.00,$2.82/100g,https://www.igashop.com.au/static/default-product-image.png
Thomas Cappo Seafoods Crumbed Squid Rings 1kg,$18.85,$18.85/kg,https://www.igashop.com.au/static/default-product-image.png
Jase's Kitchen Drop Ins Ginger 90g,$4.00,$4.44/100g,"https://cdn.metcash.media/image/upload/f_auto,c_limit,w_300,q_auto/igashop/images/7148"
Purina Total Care Shiny Dangler Cat Toy,$8.50,N/A,"https://cdn.metcash.media/image/upload/f_auto,c_limit,w_300,q_auto/igashop/images/170000004734"
Norco Flavoured Milk Strawberry Supreme 500mL,$3.20,$0.64/100mL,"https://cdn.metcash.media/image/upload/f_auto,c_limit,w_300,q_auto/igashop/images/190000004090"
Kan Tong Stir Fry Sauce Sweet & Sour 515g,$2.00,$0.39/100g,"https://cdn.metcash.media/image/upload/f_auto,c_limit,w_300,q_auto/igashop/images/390400"
Vanish Gold 3 In 1 Carpet Deep Cleaning Foam 600g,$9.00,$1.50/100g,"https://cdn.metcash.media/image/upload/f_auto,c_limit,w_300,q_auto/igashop/images/160000014013"
D'Orsogna Hungarian Salami 250g,$9.50,$3.80/100g,"https://cdn.metcash.media/image/upload/f_auto,c_limit,w_300,q_auto/igashop/images/20000006567"
San Remo No.23 Bowties 500g,$2.95,$0.59/100g,"https://cdn.metcash.media/image/upload/f_auto,c_limit,w_300,q_auto/igashop/images/13998"
Philips Led 806 Lumen Light Bulb Warm White,$7.20,N/A,"https://cdn.metcash.media/image/upload/f_auto,c_limit,w_300,q_auto/igashop/images/20000000482"
Capilano Honey Squeeze Bottle 750g,$12.85,$1.71/100g,https://www.igashop.com.au/static/default-product-image.png
Darrell Lea Caramel Snow Slice 180g,$2.50,$1.39/100g,"https://cdn.metcash.media/image/upload/f_auto,c_limit,w_300,q_auto/igashop/images/280419"
Snickers Peanut Brownie Bar 44g,$3.00,$6.82/100g,"https://cdn.metcash.media/image/upload/f_auto,c_limit,w_300,q_auto/igashop/images/180000002421"
Spice & Co Moroccan Spice Mix 45g,$3.75,$8.33/100g,"https://cdn.metcash.media/image/upload/f_auto,c_limit,w_300,q_auto/igashop/images/190000002408"
Maggie Beer Beef Stock 500mL,$5.90,$1.18/100mL,"https://cdn.metcash.media/image/upload/f_auto,c_limit,w_300,q_auto/igashop/images/190000004663"
Community Co Passionfruit Pulp 170g,$1.30,$0.76/100g,"https://cdn.metcash.media/image/upload/f_auto,c_limit,w_300,q_auto/igashop/images/190000010629"
Maggi Dry Recipe Base Creamy Carbonara Natural 35g,$1.85,$5.29/100g,"https://cdn.metcash.media/image/upload/f_auto,c_limit,w_300,q_auto/igashop/images/180000006593"
International Organics Society Pure Organic Tofu 500g,$13.95,$2.79/100g,"https://cdn.metcash.media/image/upload/f_auto,c_limit,w_300,q_auto/igashop/images/655"
Blackmores Executive B Stress 28 Pack,$12.95,$0.46 each,"https://cdn.metcash.media/image/upload/f_auto,c_limit,w_300,q_auto/igashop/images/721062"
Faber-Castell Connector Pens 10 Pack,$5.90,$0.59 each,"https://cdn.metcash.media/image/upload/f_auto,c_limit,w_300,q_auto/igashop/images/715736"
Atkins Advantage Bar Chocolate Decadence 60g,$5.00,$8.33/100g,"https://cdn.metcash.media/image/upload/f_auto,c_limit,w_300,q_auto/igashop/images/797181"
Primo Diced Bacon Style Pieces 300g,$4.50,$1.50/100g,"https://cdn.metcash.media/image/upload/f_auto,c_limit,w_300,q_auto/igashop/images/102378"
San Remo No. 5 Spaghetti 500g,$2.95,$0.59/100g,"https://cdn.metcash.media/image/upload/f_auto,c_limit,w_300,q_auto/igashop/images/46797"
Libra Ultra Thins Sanitary Pads Thin Regular 14 Pack,$4.55,$0.32 each,"https://cdn.metcash.media/image/upload/f_auto,c_limit,w_300,q_auto/igashop/images/908075"
Vegemite 380g,$7.70,$2.03/100g,"https://cdn.metcash.media/image/upload/f_auto,c_limit,w_300,q_auto/igashop/images/136453"
Bellamy's Organic Apple & Fig Oatmeal 120g,$2.30,$1.92/100g,"https://cdn.metcash.media/image/upload/f_auto,c_limit,w_300,q_auto/igashop/images/968368"
Quest Chocolate Chip Cookie Dough Protein Bar 60g,$5.40,$9.00/100g,"https://cdn.metcash.media/image/upload/f_auto,c_limit,w_300,q_auto/igashop/images/999709"
The Candy Market Apple Rings 150g,$2.20,$1.47/100g,"https://cdn.metcash.media/image/upload/f_auto,c_limit,w_300,q_auto/igashop/images/190000004460"
Massel Ultracubes Salt Reduced Chicken 105g,$4.00,$3.81/100g,"https://cdn.metcash.media/image/upload/f_auto,c_limit,w_300,q_auto/igashop/images/600169"
Diet Rite Cordial Apple Strawberry Guava 1L,$3.50,$3.50/1L,"https://cdn.metcash.media/image/upload/f_auto,c_limit,w_300,q_auto/igashop/images/861082"
Heinz Big N Chunky Canned Chilli Beef 520g,$4.40,$0.85/100g,"https://cdn.metcash.media/image/upload/f_auto,c_limit,w_300,q_auto/igashop/images/379535"
Leggo's Tomato & Barossa Shiraz Gourmet Pasta Sauce With Pepperjack 390g,$4.80,$1.23/100g,"https://cdn.metcash.media/image/upload/f_auto,c_limit,w_300,q_auto/igashop/images/180000003069"
Nyal Cold Sore Cream 10g,$10.20,$102.00/100g,"https://cdn.metcash.media/image/upload/f_auto,c_limit,w_300,q_auto/igashop/images/160000001329"
Maggi Rich Gravy Mix Classic 2kg,$35.35,$17.68/kg,"https://cdn.metcash.media/image/upload/f_auto,c_limit,w_300,q_auto/igashop/images/4240"
Vo5 Shampoo Refresh Me Quick 250mL,$6.80,$2.72/100mL,"https://cdn.metcash.media/image/upload/f_auto,c_limit,w_300,q_auto/igashop/images/463258"
Elastoplast Disney Frozen II 20 Pack,$4.00,$0.20 each,"https://cdn.metcash.media/image/upload/f_auto,c_limit,w_300,q_auto/igashop/images/170000004049"
Nature's Gift Dog Food Prime Beef Cut 100g,$1.20,$1.20/100g,"https://cdn.metcash.media/image/upload/f_auto,c_limit,w_300,q_auto/igashop/images/180000000342"
Cadbury Dairy Milk Fruit & Nut Milk Chocolate Block 180g,$4.00,$2.22/100g,"https://cdn.metcash.media/image/upload/f_auto,c_limit,w_300,q_auto/igashop/images/462972"
"Primo Mild Twiggy, Rice Crackers Mix & Tasty Cheese Cubes 47g",$4.50,$9.57/100g,"https://cdn.metcash.media/image/upload/f_auto,c_limit,w_300,q_auto/igashop/images/548702"
Maple Grove Maple Syrup 375g,$3.50,$0.93/100g,"https://cdn.metcash.media/image/upload/f_auto,c_limit,w_300,q_auto/igashop/images/190000004444"
Sakana Seafood Stick 110g,$6.50,$5.91/100g,"https://cdn.metcash.media/image/upload/f_auto,c_limit,w_300,q_auto/igashop/images/20000004364"
Tasmanian Heritage Harvarti 80g,$4.50,$5.63/100g,"https://cdn.metcash.media/image/upload/f_auto,c_limit,w_300,q_auto/igashop/images/279329"
Clif Bar Builders Chocolate Peanut Butter 68g,$5.00,$7.35/100g,"https://cdn.metcash.media/image/upload/f_auto,c_limit,w_300,q_auto/igashop/images/160000012135"
San Remo Thick Spaghetti 500g,$2.95,$0.59/100g,"https://cdn.metcash.media/image/upload/f_auto,c_limit,w_300,q_auto/igashop/images/24818"
Carman's Dehydrated Fruit Straps Apple & Blueberry 70g,$6.00,$8.57/100g,"https://cdn.metcash.media/image/upload/f_auto,c_limit,w_300,q_auto/igashop/images/477317"
Air Wick Essential Oil Electrical Air Freshener Turquoise Oasis Refill 63mL,$18.00,$28.57/100mL,"https://cdn.metcash.media/image/upload/f_auto,c_limit,w_300,q_auto/igashop/images/180000002435"
Powerade Active Water Peach and Apple No Sugar Sipper Cap 600mL,$2.70,$0.45/100mL,"https://cdn.metcash.media/image/upload/f_auto,c_limit,w_300,q_auto/igashop/images/712267_1"
Golden Circle Tropical Punch Fruit Drink 24 Pack,$14.90,$0.62 each,"https://cdn.metcash.media/image/upload/f_auto,c_limit,w_300,q_auto/igashop/images/170000000794"
Rexona Deodorant Aerosol Fresh Citrus 230mL,$12.50,$5.43/100mL,"https://cdn.metcash.media/image/upload/f_auto,c_limit,w_300,q_auto/igashop/images/1800000067823"
Streets Golden Gaytime Ice Cream Original,$5.95,N/A,"https://cdn.metcash.media/image/upload/f_auto,c_limit,w_300,q_auto/igashop/images/180000000196"
Ajitas Vege Chips Natural Flavour 250g,$8.60,$3.44/100g,"https://cdn.metcash.media/image/upload/f_auto,c_limit,w_300,q_auto/igashop/images/527146"
Mr Donut Choc Jam Donuts 4 Pack,$7.75,$1.94 each,"https://cdn.metcash.media/image/upload/f_auto,c_limit,w_300,q_auto/igashop/images/20000003608"
Extra Spearmint Chewing Gum Sugar Free 27g,$2.50,$9.26/100g,"https://cdn.metcash.media/image/upload/f_auto,c_limit,w_300,q_auto/igashop/images/81909"
Lindt Gold Bunny Plush with Mini Milk & White Chocolate Eggs 50g,$19.40,$38.80/100g,"https://cdn.metcash.media/image/upload/f_auto,c_limit,w_300,q_auto/igashop/images/190000009652"
Helga's Traditional White Turkish Rolls 3 Pack,$3.60,$1.20 each,"https://cdn.metcash.media/image/upload/f_auto,c_limit,w_300,q_auto/igashop/images/632080"
Trill Millet Sprays 150g,$7.00,$4.67/100g,"https://cdn.metcash.media/image/upload/f_auto,c_limit,w_300,q_auto/igashop/images/92308"
Primo Thinly Sliced Manuka Honey Sweet Leg Ham 100g,$3.00,$3.00/100g,"https://cdn.metcash.media/image/upload/f_auto,c_limit,w_300,q_auto/igashop/images/179671"
Aunt Betty Christmas Plum Pudding 200g,$2.50,$1.25/100g,https://www.igashop.com.au/static/default-product-image.png
Purina One Adult Nestle Purina Dry Indoor Chicken 2.8kg,$32.00,$11.43/kg,"https://cdn.metcash.media/image/upload/f_auto,c_limit,w_300,q_auto/igashop/images/409958"
Fifya Vegan Dips Roasted Pumpkin 250g,$7.65,$3.06/100g,"https://cdn.metcash.media/image/upload/f_auto,c_limit,w_300,q_auto/igashop/images/20000003166"
Coolibah Gourmet Salad Mix 100g,$4.00,$4.00/100g,"https://cdn.metcash.media/image/upload/f_auto,c_limit,w_300,q_auto/igashop/images/150000007590"
Crisco Vegetable Blended Oil 2L,$8.00,$4.00/1L,"https://cdn.metcash.media/image/upload/f_auto,c_limit,w_300,q_auto/igashop/images/40678"
Vanish Preen Oxi Action Fabric Stain Remover Trigger Refill 375mL,$6.75,$1.80/100mL,"https://cdn.metcash.media/image/upload/f_auto,c_limit,w_300,q_auto/igashop/images/13736"
Abbott's Bakery Sourdough Rye Loaf 760g,$5.50,$0.72/100g,"https://cdn.metcash.media/image/upload/f_auto,c_limit,w_300,q_auto/igashop/images/810167"
Fifya Roast Pumpkin Herbs & Seeds Dip 250g,$8.25,$3.30/100g,"https://cdn.metcash.media/image/upload/f_auto,c_limit,w_300,q_auto/igashop/images/190000004116"
Mayver's Smooth Peanut Butter 375g,$5.80,$1.55/100g,"https://cdn.metcash.media/image/upload/f_auto,c_limit,w_300,q_auto/igashop/images/848738"
Swisspers Cotton Tips With Paper Stems 120 Pack,$3.40,$0.03 each,"https://cdn.metcash.media/image/upload/f_auto,c_limit,w_300,q_auto/igashop/images/616437"
Helga's Pumpkin Seed & Grain Loaf 720g,$5.20,$0.72/100g,"https://cdn.metcash.media/image/upload/f_auto,c_limit,w_300,q_auto/igashop/images/687700"
Bakers Collection Celebration Tarts 6 Pack 300g,$7.50,$2.50/100g,"https://cdn.metcash.media/image/upload/f_auto,c_limit,w_300,q_auto/igashop/images/180000002072"
My Dog Beef & Liver Meaty Loaf Wet Dog Food 100g,$1.80,$1.80/100g,"https://cdn.metcash.media/image/upload/f_auto,c_limit,w_300,q_auto/igashop/images/77366"
Pringles Original Crisps 570g,$3.50,$0.61/100g,https://www.igashop.com.au/static/default-product-image.png
Red Tulip Ultimate Easter Hunt Bag 916g,$25.50,$2.78/100g,"https://cdn.metcash.media/image/upload/f_auto,c_limit,w_300,q_auto/igashop/images/916455"
TRESemmé Conditioner Smooth Curls 500mL,$17.00,$3.40/100mL,"https://cdn.metcash.media/image/upload/f_auto,c_limit,w_300,q_auto/igashop/images/177378"
Swisse Ultiboost Sleep 60 Pack,$29.50,$0.49 each,"https://cdn.metcash.media/image/upload/f_auto,c_limit,w_300,q_auto/igashop/images/879878"
Noshu Less Sugar Bites White Chocolate Raspberries 100g,$4.50,$4.50/100g,"https://cdn.metcash.media/image/upload/f_auto,c_limit,w_300,q_auto/igashop/images/269926"
Lilydale Free Range Chicken Breast Mince Final cost based on weight,$20.00,N/A,"https://cdn.metcash.media/image/upload/f_auto,c_limit,w_300,q_auto/igashop/images/80070023"
Dettol Antibacterial Liquid Hand Wash Refresh Refill 950mL,$5.50,$0.58/100mL,"https://cdn.metcash.media/image/upload/f_auto,c_limit,w_300,q_auto/igashop/images/82159"
Black & Gold Super Glue 3 Pack,$3.00,$1.00 each,https://www.igashop.com.au/static/default-product-image.png
Lo Bros Kombucha Organic Lemon Lime & Bitters 750mL,$6.30,$0.84/100mL,"https://cdn.metcash.media/image/upload/f_auto,c_limit,w_300,q_auto/igashop/images/180000000103"
Community Co Salad Kit Asian 335g,$4.30,$1.28/100g,"https://cdn.metcash.media/image/upload/f_auto,c_limit,w_300,q_auto/igashop/images/1800000067476"
Don Entertain Salami Pepperoni 80g,$4.00,$5.00/100g,https://www.igashop.com.au/static/default-product-image.png
Campbell's Real Stock Beef Stock 500mL,$2.75,$0.55/100mL,"https://cdn.metcash.media/image/upload/f_auto,c_limit,w_300,q_auto/igashop/images/357596"
Chux Non-Scratch Scourer Sponge 2 Pack,$4.50,$2.25 each,"https://cdn.metcash.media/image/upload/f_auto,c_limit,w_300,q_auto/igashop/images/309653"
Uncle Tobys Le Snak Cheddar Cheese Dip & Crackers 6 Pack,$2.75,$0.46 each,"https://cdn.metcash.media/image/upload/f_auto,c_limit,w_300,q_auto/igashop/images/434380"
Lemon Grass Herbs 50g,$4.00,$8.00/100g,https://www.igashop.com.au/static/default-product-image.png
Glade Sense & Spray Automatic Freshener Sheer Vanilla Embrace,$17.50,N/A,"https://cdn.metcash.media/image/upload/f_auto,c_limit,w_300,q_auto/igashop/images/779772"
Banana Boat After Sun Aloe Vera Gel 375g,$9.00,$2.40/100g,https://www.igashop.com.au/static/default-product-image.png
Huggies Ultra Dry Nappies Boys Size 4 (10-15kg) 36 Pack,$22.00,$0.61 each,"https://cdn.metcash.media/image/upload/f_auto,c_limit,w_300,q_auto/igashop/images/3202"
Streets Viennetta Vanilla 650mL,$5.60,$0.86/100mL,"https://cdn.metcash.media/image/upload/f_auto,c_limit,w_300,q_auto/igashop/images/241525"
Nurofen Cold and Flu Tablets 200mg Ibuprofen /5mg Phenylephrine Hydrochloride 12 Pack,$9.50,$0.79 each,"https://cdn.metcash.media/image/upload/f_auto,c_limit,w_300,q_auto/igashop/images/190000010399"
Whiskas 1+ Wet Cat Food with Mixed Favourites In Gravy 12 Pack,$13.00,$1.08 each,"https://cdn.metcash.media/image/upload/f_auto,c_limit,w_300,q_auto/igashop/images/64672"
The Cobbler Company Liquid Shoe Polish Black 75mL,$5.75,$7.67/100mL,https://www.igashop.com.au/static/default-product-image.png
Fab Fresh Frangipani Washing Powder Laundry Detergent 2kg,$9.00,$4.50/kg,"https://cdn.metcash.media/image/upload/f_auto,c_limit,w_300,q_auto/igashop/images/425441"
Nestlé Sweetened Condensed Milk 395g,$3.80,$0.96/100g,"https://cdn.metcash.media/image/upload/f_auto,c_limit,w_300,q_auto/igashop/images/10030023"
Diegos GoWell Classic Wrap 400g,$5.25,$1.31/100g,"https://cdn.metcash.media/image/upload/f_auto,c_limit,w_300,q_auto/igashop/images/190000004370"
Prima Tropical Fruit Drink 6 Pack,$4.80,$0.80 each,"https://cdn.metcash.media/image/upload/f_auto,c_limit,w_300,q_auto/igashop/images/346171"
McKenzie's Baking Aids Acid Tartaric 75g,$3.45,$4.60/100g,"https://cdn.metcash.media/image/upload/f_auto,c_limit,w_300,q_auto/igashop/images/401890"
Darrell Lea Traditional Liquorice Block 180g,$5.00,$2.78/100g,"https://cdn.metcash.media/image/upload/f_auto,c_limit,w_300,q_auto/igashop/images/681979"
Golden North Vanilla Giant Twins Ice Cream Bars 5 Pack,$12.25,$2.45 each,"https://cdn.metcash.media/image/upload/f_auto,c_limit,w_300,q_auto/igashop/images/190000004989"
GARNIER Pure Charcoal Hyaluronic Acid + Black Algae Sheet Mask 28g,$8.00,$28.57/100g,"https://cdn.metcash.media/image/upload/f_auto,c_limit,w_300,q_auto/igashop/images/190000000526"
Lindt Lindor Milk Chocolate 100g,$8.50,$8.50/100g,"https://cdn.metcash.media/image/upload/f_auto,c_limit,w_300,q_auto/igashop/images/642632"
Massel Gourmet Liquid Stock Chicken 1L,$4.20,$4.20/1L,"https://cdn.metcash.media/image/upload/f_auto,c_limit,w_300,q_auto/igashop/images/640813"
Frisp Crispy Chocolate Coated Strawberries 100g,$7.50,$7.50/100g,"https://cdn.metcash.media/image/upload/f_auto,c_limit,w_300,q_auto/igashop/images/180000005997"
Laoganma Crispy Chilli Oil 210g,$4.90,$2.33/100g,"https://cdn.metcash.media/image/upload/f_auto,c_limit,w_300,q_auto/igashop/images/20000005276"
Lipton Chai Latte Classic 8 Pack,$8.15,$1.02 each,https://www.igashop.com.au/static/default-product-image.png
Mylanta 2Go Antacid Original 24 Pack,$7.15,$0.30 each,"https://cdn.metcash.media/image/upload/f_auto,c_limit,w_300,q_auto/igashop/images/455336"
McCain Hash Browns 750g,$5.80,$0.77/100g,"https://cdn.metcash.media/image/upload/f_auto,c_limit,w_300,q_auto/igashop/images/186636"
Steggles Tempura Chicken Dino Snacks 400g,$6.00,$1.50/100g,"https://cdn.metcash.media/image/upload/f_auto,c_limit,w_300,q_auto/igashop/images/115208"
Heritage Delight Meringue Twirls 12 Pack,$7.95,$0.66 each,"https://cdn.metcash.media/image/upload/f_auto,c_limit,w_300,q_auto/igashop/images/160000013112"
So Good Regular Soy Milk 1L,$2.40,$2.40/1L,"https://cdn.metcash.media/image/upload/f_auto,c_limit,w_300,q_auto/igashop/images/425195"
Food Guru Measuring Cups 4 Pack,$5.40,$1.35 each,"https://cdn.metcash.media/image/upload/f_auto,c_limit,w_300,q_auto/igashop/images/832729"
Continental Cup A Soup Creamy Chicken With Lots Of Noodles 2 Pack,$2.80,$1.40 each,"https://cdn.metcash.media/image/upload/f_auto,c_limit,w_300,q_auto/igashop/images/458130"
Prinetti Rice Cooker 5 Cup,$15.00,N/A,"https://cdn.metcash.media/image/upload/f_auto,c_limit,w_300,q_auto/igashop/images/611327"
Community Co Linseed 400g,$3.50,$0.88/100g,"https://cdn.metcash.media/image/upload/f_auto,c_limit,w_300,q_auto/igashop/images/799141"
Musashi High Protein Salted Caramel Bar 90g,$6.90,$7.67/100g,"https://cdn.metcash.media/image/upload/f_auto,c_limit,w_300,q_auto/igashop/images/676720"
Comfort Pure Kind To Skin Fabric Conditioner 900mL,$5.50,$0.61/100mL,"https://cdn.metcash.media/image/upload/f_auto,c_limit,w_300,q_auto/igashop/images/20000004986"
Huggies Ultra Dry Nappies Boys Size 5 (13-18kg) 64 Pack,$27.00,$0.42 each,"https://cdn.metcash.media/image/upload/f_auto,c_limit,w_300,q_auto/igashop/images/651636"
MasterFoods Finely Crushed Garlic 170g,$2.70,$1.59/100g,"https://cdn.metcash.media/image/upload/f_auto,c_limit,w_300,q_auto/igashop/images/491073"
Carman's Seed & Plant Protein Raspberry & Pistachio 5 Pack,$8.50,$1.70 each,"https://cdn.metcash.media/image/upload/f_auto,c_limit,w_300,q_auto/igashop/images/424495"
Gluten Free Bakehouse Roll Jam & Cream,$17.95,N/A,https://www.igashop.com.au/static/default-product-image.png
Fresh Fodder Taramosalata Dip 100g,$3.50,$3.50/100g,"https://cdn.metcash.media/image/upload/f_auto,c_limit,w_300,q_auto/igashop/images/20000004013"
Greenseas Tuna Sundried Tomato & Onion 95g,$2.60,$2.74/100g,"https://cdn.metcash.media/image/upload/f_auto,c_limit,w_300,q_auto/igashop/images/465941"
Gold Sweet Potatoes 350g,Final cost based on weight,$1.02/$2.90,"https://cdn.metcash.media/image/upload/f_auto,c_limit,w_300,q_auto/igashop/images/80060059"
Empire Pizza Queenslander 600g,$12.00,$2.00/100g,"https://cdn.metcash.media/image/upload/f_auto,c_limit,w_300,q_auto/igashop/images/804718"
Glad Bag Handle Tie Lavender Large 25 Pack,$4.15,$0.17 each,"https://cdn.metcash.media/image/upload/f_auto,c_limit,w_300,q_auto/igashop/images/490263"
Smith's Oven Baked Roast Chicken & Thyme 130g,$2.50,$1.92/100g,"https://cdn.metcash.media/image/upload/f_auto,c_limit,w_300,q_auto/igashop/images/902260"
Chobani Fit Greek Yogurt Vanilla Pouch 150g,$3.00,$2.00/100g,"https://cdn.metcash.media/image/upload/f_auto,c_limit,w_300,q_auto/igashop/images/1800000068919"
Yarrows Christmas Fruit Tart 360g,$2.00,$0.56/100g,"https://cdn.metcash.media/image/upload/f_auto,c_limit,w_300,q_auto/igashop/images/180000000700"
Cottons Organic 100% Cotton Super Tampons 16 Pack,$6.00,$0.38 each,"https://cdn.metcash.media/image/upload/f_auto,c_limit,w_300,q_auto/igashop/images/650106"
Cadbury Chocolate Makers Mint Chip Block 170g,$6.00,$3.53/100g,"https://cdn.metcash.media/image/upload/f_auto,c_limit,w_300,q_auto/igashop/images/599871"
Birds Eye Garden Baby Peas 825g,$4.90,$0.59/100g,"https://cdn.metcash.media/image/upload/f_auto,c_limit,w_300,q_auto/igashop/images/180000005060"
Purina Supercoat Adult Pet Food Beef 12kg,$55.00,$4.58/kg,"https://cdn.metcash.media/image/upload/f_auto,c_limit,w_300,q_auto/igashop/images/180000003186"
Monster High Marshmallow Pop 45g,$0.75,$1.67/100g,https://www.igashop.com.au/static/default-product-image.png
Angas Park Fruit Salad 500g,$11.75,$2.35/100g,"https://cdn.metcash.media/image/upload/f_auto,c_limit,w_300,q_auto/igashop/images/894140"
Nature's Way Kids Smart Vita Gummies Vitamin C + Zinc 60 Pack,$18.00,$0.30 each,"https://cdn.metcash.media/image/upload/f_auto,c_limit,w_300,q_auto/igashop/images/69318"
Dragon & Phoenix Fried Shallots 100g,$2.80,$2.80/100g,"https://cdn.metcash.media/image/upload/f_auto,c_limit,w_300,q_auto/igashop/images/839409"
Soothers Honey & Lemon Lozenges 3 Pack,$6.50,$2.17 each,"https://cdn.metcash.media/image/upload/f_auto,c_limit,w_300,q_auto/igashop/images/20000002481"
Duck Under The Rim Liquid Toilet Cleaner Lavender 50mL,$3.70,$7.40/100mL,"https://cdn.metcash.media/image/upload/f_auto,c_limit,w_300,q_auto/igashop/images/480535"
Primo White Hungarian Salami 200g,$8.30,$4.15/100g,"https://cdn.metcash.media/image/upload/f_auto,c_limit,w_300,q_auto/igashop/images/1800000070787"
Christmas Ham Bag,$5.00,N/A,"https://cdn.metcash.media/image/upload/f_auto,c_limit,w_300,q_auto/igashop/images/279918"
Swisspers Makeup Pads Cotton Large 50 Pack,$4.20,$0.08 each,"https://cdn.metcash.media/image/upload/f_auto,c_limit,w_300,q_auto/igashop/images/945815"
Community Co Jasmine Microwavable Rice 250g,$1.80,$0.72/100g,"https://cdn.metcash.media/image/upload/f_auto,c_limit,w_300,q_auto/igashop/images/936544"
The Ginger People Ginger Shot Lemon Cayenne 60mL,$5.50,$9.17/100mL,"https://cdn.metcash.media/image/upload/f_auto,c_limit,w_300,q_auto/igashop/images/190000002291"
Philips LED Bayonet Cap Cool White 14W,$10.00,N/A,"https://cdn.metcash.media/image/upload/f_auto,c_limit,w_300,q_auto/igashop/images/20000000488"
Kleenex Anti-Bacterial Wipes 15 Pack,$2.35,$0.16 each,"https://cdn.metcash.media/image/upload/f_auto,c_limit,w_300,q_auto/igashop/images/51488"
Pandaroo Japanese Ginger Sushi 200g,$3.40,$1.70/100g,"https://cdn.metcash.media/image/upload/f_auto,c_limit,w_300,q_auto/igashop/images/377643"
Purina Total Care Dog Toy Toy Crinkler Plush,$16.00,N/A,"https://cdn.metcash.media/image/upload/f_auto,c_limit,w_300,q_auto/igashop/images/1800000069786"
"DermaVeen Extra Hydration Intensive Moisturising Lotion for Extra Dry, Itchy & Sensitive Skin 500mL",$20.00,$4.00/100mL,"https://cdn.metcash.media/image/upload/f_auto,c_limit,w_300,q_auto/igashop/images/796520"
Vanish NapiSan White Stain Remover Powder 2kg,$16.50,$8.25/kg,"https://cdn.metcash.media/image/upload/f_auto,c_limit,w_300,q_auto/igashop/images/68008"
Borg's Puff Pastry Extra Flakey 1.6kg,$8.65,$5.41/kg,"https://cdn.metcash.media/image/upload/f_auto,c_limit,w_300,q_auto/igashop/images/180000003856"
MasterFoods Chinese Beef Stir Fry Recipe Base 175g,$2.70,$1.54/100g,"https://cdn.metcash.media/image/upload/f_auto,c_limit,w_300,q_auto/igashop/images/694574"
Brookfarm Premium Oven Roasted Whole Macadamias with Pink Lake Salt 100g,$13.95,$13.95/100g,"https://cdn.metcash.media/image/upload/f_auto,c_limit,w_300,q_auto/igashop/images/20000001886"
L'Oreal Menexpert Hydra Energetic Extreme Sport Shower Gel 400mL,$10.00,$2.50/100mL,https://www.igashop.com.au/static/default-product-image.png
Mainland Garlic & Herb Butter Stick 125g,$3.60,$2.88/100g,"https://cdn.metcash.media/image/upload/f_auto,c_limit,w_300,q_auto/igashop/images/273242"
5Gum Tropical Stick 32g,$2.50,$7.81/100g,"https://cdn.metcash.media/image/upload/f_auto,c_limit,w_300,q_auto/igashop/images/742453"
Praise Mayonnaise Vegan Squeeze 245g,$3.00,$1.22/100g,"https://cdn.metcash.media/image/upload/f_auto,c_limit,w_300,q_auto/igashop/images/689809"
Old El Paso Regular Tortillas,$4.50,N/A,"https://cdn.metcash.media/image/upload/f_auto,c_limit,w_300,q_auto/igashop/images/677734"
Cadbury Christmas Stocking 244g,$4.00,$1.64/100g,"https://cdn.metcash.media/image/upload/f_auto,c_limit,w_300,q_auto/igashop/images/180000002386"
Tasmanian Heritage Gouda 180g,$6.50,$3.61/100g,"https://cdn.metcash.media/image/upload/f_auto,c_limit,w_300,q_auto/igashop/images/292330"
Liddells Block Lactose Free 250g,$6.75,$2.70/100g,"https://cdn.metcash.media/image/upload/f_auto,c_limit,w_300,q_auto/igashop/images/169215"
The Natural Confectionery Co. Soft Jellies Fruit Salad 220g,$5.00,$2.27/100g,"https://cdn.metcash.media/image/upload/f_auto,c_limit,w_300,q_auto/igashop/images/542353"
Gruyere Cheese 1kg,Final cost based on weight,$84.95/$84.95,"https://cdn.metcash.media/image/upload/f_auto,c_limit,w_300,q_auto/igashop/images/80072139"
True Thai Lite Coconut Cream 400mL,$2.50,$0.63/100mL,"https://cdn.metcash.media/image/upload/f_auto,c_limit,w_300,q_auto/igashop/images/160000012452"
Community Co Bacon Ranch Salad Bowl 200g,$6.50,$3.25/100g,"https://cdn.metcash.media/image/upload/f_auto,c_limit,w_300,q_auto/igashop/images/170000004669"
CSR Caster Sugar 500g,$2.00,$0.40/100g,"https://cdn.metcash.media/image/upload/f_auto,c_limit,w_300,q_auto/igashop/images/386367"
V8 Power Blend Juice Golden Glow 1.25L,$6.00,$4.80/1L,"https://cdn.metcash.media/image/upload/f_auto,c_limit,w_300,q_auto/igashop/images/160000005932"
Arnott's Shapes Fully Loaded Wicked Sweet Chilli 130g,$3.00,$2.31/100g,"https://cdn.metcash.media/image/upload/f_auto,c_limit,w_300,q_auto/igashop/images/191945"
Mae Ploy Curry Paste Red 400g,$4.29,$1.07/100g,"https://cdn.metcash.media/image/upload/f_auto,c_limit,w_300,q_auto/igashop/images/904199"
Milk Chocolate Bluey 30g,$0.30,$1.00/100g,https://www.igashop.com.au/static/default-product-image.png
Campbells Bone Broth Turmeric & Ginger 500mL,$7.00,$1.40/100mL,"https://cdn.metcash.media/image/upload/f_auto,c_limit,w_300,q_auto/igashop/images/172959"
Fantastic Chicken Noodle Bowl 85g,$1.75,$2.06/100g,"https://cdn.metcash.media/image/upload/f_auto,c_limit,w_300,q_auto/igashop/images/90047"
Astra Scourer Scrub Non-Scratch 3 Pack,$2.25,$0.75 each,"https://cdn.metcash.media/image/upload/f_auto,c_limit,w_300,q_auto/igashop/images/369852"
Gillette Simply Venus Women's Disposable Razor 4 Pack,$2.95,$0.74 each,"https://cdn.metcash.media/image/upload/f_auto,c_limit,w_300,q_auto/igashop/images/344205"
KB Seafoods Crumbed Whiting Fillets 800g,$11.00,$1.38/100g,https://www.igashop.com.au/static/default-product-image.png
Bakers Collection Meringue Pistachio 100g,$1.50,$1.50/100g,https://www.igashop.com.au/static/default-product-image.png
Cadbury Roasted Hazelnut & Almond Gift Box 450g,$15.00,$3.33/100g,"https://cdn.metcash.media/image/upload/f_auto,c_limit,w_300,q_auto/igashop/images/452985"
Great Temptations Gluten Free Orange & Poppy Seed Muffins 180g,$6.50,$3.61/100g,"https://cdn.metcash.media/image/upload/f_auto,c_limit,w_300,q_auto/igashop/images/20000000706"
Black Swan Salsa Chipotle 225g,$6.00,$2.67/100g,"https://cdn.metcash.media/image/upload/f_auto,c_limit,w_300,q_auto/igashop/images/20000005004"
Jacobsen's Danish Butter Cookies 454g,$6.50,$1.43/100g,"https://cdn.metcash.media/image/upload/f_auto,c_limit,w_300,q_auto/igashop/images/169485"
Black & Gold Meat With Chicken Dog Food 1.2kg,$3.20,$2.67/kg,"https://cdn.metcash.media/image/upload/f_auto,c_limit,w_300,q_auto/igashop/images/99091"
Oreo Cookie Sandwich Choc Split 133g,$2.80,$2.11/100g,"https://cdn.metcash.media/image/upload/f_auto,c_limit,w_300,q_auto/igashop/images/714492"
Cadbury Dairy Milk Top Deck Chocolate Block 180g,$4.00,$2.22/100g,"https://cdn.metcash.media/image/upload/f_auto,c_limit,w_300,q_auto/igashop/images/462906"
Lexar USB 2.0 S50 16GB,$15.00,N/A,"https://cdn.metcash.media/image/upload/f_auto,c_limit,w_300,q_auto/igashop/images/941845"
S&W Whole Egg Mayonnaise Squeeze Bottle 320g,$6.20,$1.94/100g,"https://cdn.metcash.media/image/upload/f_auto,c_limit,w_300,q_auto/igashop/images/378403"
Whole Red Watermelon 8kg,Final cost based on weight,$15.92/$1.99,"https://cdn.metcash.media/image/upload/f_auto,c_limit,w_300,q_auto/igashop/images/80060066"
Black & Gold Pancake Shake Original 350g,$2.20,$0.63/100g,"https://cdn.metcash.media/image/upload/f_auto,c_limit,w_300,q_auto/igashop/images/700896"
Farmers Union Iced Coffee 2L,$6.00,$3.00/1L,"https://cdn.metcash.media/image/upload/f_auto,c_limit,w_300,q_auto/igashop/images/160004"
Voltaren 12 Hourly Osteo Gel 100g,$32.00,$32.00/100g,"https://cdn.metcash.media/image/upload/f_auto,c_limit,w_300,q_auto/igashop/images/799798"
Neutrogena Ultra Sheer Face Lotion Sunscreen SPF 50 88mL,$22.00,$25.00/100mL,"https://cdn.metcash.media/image/upload/f_auto,c_limit,w_300,q_auto/igashop/images/357449"
Bondi Dairy Mix Seed Bagels 400g,$6.65,$1.66/100g,https://www.igashop.com.au/static/default-product-image.png
Evia Pods Greek Yoghurt 170g,$9.95,$5.85/100g,"https://cdn.metcash.media/image/upload/f_auto,c_limit,w_300,q_auto/igashop/images/180000000286"
Community Co Sunflower Seeds 350g,$4.00,$1.14/100g,"https://cdn.metcash.media/image/upload/f_auto,c_limit,w_300,q_auto/igashop/images/799191"
Bundaberg Pink Grapefruit 200mL,$6.30,$31.50/1L,"https://cdn.metcash.media/image/upload/f_auto,c_limit,w_300,q_auto/igashop/images/476688"
Aeroplane Jelly Original Blue Heaven 85g,$1.80,$2.12/100g,"https://cdn.metcash.media/image/upload/f_auto,c_limit,w_300,q_auto/igashop/images/180000000152"
V Energy Drink Black 2L,$16.75,$8.38/1L,"https://cdn.metcash.media/image/upload/f_auto,c_limit,w_300,q_auto/igashop/images/753425"
Lynx Black Antiperspirant Deodorant 165mL,$4.00,$2.42/100mL,"https://cdn.metcash.media/image/upload/f_auto,c_limit,w_300,q_auto/igashop/images/749196"
Deliredi Hungarian Salami 125g,$6.95,$5.56/100g,"https://cdn.metcash.media/image/upload/f_auto,c_limit,w_300,q_auto/igashop/images/20000003249"
Kikkoman Gluten Free Sushi Teriyaki Sauce 200mL,$5.49,$2.75/100mL,"https://cdn.metcash.media/image/upload/f_auto,c_limit,w_300,q_auto/igashop/images/190000004672"
V.I.P. Paws Mince Lean Reseal Bulk 3kg,$17.00,$5.67/kg,"https://cdn.metcash.media/image/upload/f_auto,c_limit,w_300,q_auto/igashop/images/132394"
Ritz Mini Original Multipack 184g,$5.00,$2.72/100g,"https://cdn.metcash.media/image/upload/f_auto,c_limit,w_300,q_auto/igashop/images/160000018397"
Yarrows Cinnamon Jam Donut 4 Pack,$6.10,$1.53 each,https://www.igashop.com.au/static/default-product-image.png
Lindt Excellence Milk 100g,$4.95,$4.95/100g,"https://cdn.metcash.media/image/upload/f_auto,c_limit,w_300,q_auto/igashop/images/376613"
Stayfree Pads Super No Wings 18 Pack,$7.00,$0.39 each,"https://cdn.metcash.media/image/upload/f_auto,c_limit,w_300,q_auto/igashop/images/441688"
Raw C Coconut Water 330mL,$3.00,$0.91/100mL,"https://cdn.metcash.media/image/upload/f_auto,c_limit,w_300,q_auto/igashop/images/4961"
Life Savers Grape Sherbert Fizz Stix 200g,$3.50,$1.75/100g,"https://cdn.metcash.media/image/upload/f_auto,c_limit,w_300,q_auto/igashop/images/555322"
Cheetos Puffs Party Bag 165g,$4.00,$2.42/100g,"https://cdn.metcash.media/image/upload/f_auto,c_limit,w_300,q_auto/igashop/images/966641"
Schweppes Lemonade 4 Pack,$7.50,$1.88 each,"https://cdn.metcash.media/image/upload/f_auto,c_limit,w_300,q_auto/igashop/images/460365"
Community Co Tasty Cheese Shredded 250g,$5.50,$2.20/100g,"https://cdn.metcash.media/image/upload/f_auto,c_limit,w_300,q_auto/igashop/images/827635"
Community Co Gluten Free Creme Collection Biscuits 225g,$5.90,$2.62/100g,"https://cdn.metcash.media/image/upload/f_auto,c_limit,w_300,q_auto/igashop/images/870471"
Heinz Canned Soup Chunky Beef Stockpot 535g,$4.40,$0.82/100g,"https://cdn.metcash.media/image/upload/f_auto,c_limit,w_300,q_auto/igashop/images/331401"
Head & Shoulders Itchy Scalp Care Anti Dandruff Shampoo with Eucalyptus Extract for Itchy Scalp 400mL,$15.00,$3.75/100mL,"https://cdn.metcash.media/image/upload/f_auto,c_limit,w_300,q_auto/igashop/images/160000011000"
Grinders Caffitaly Smooth Espresso Coffee Capsules 10 Pack,$8.00,$0.80 each,"https://cdn.metcash.media/image/upload/f_auto,c_limit,w_300,q_auto/igashop/images/689896"
Schwarzkopf Live Colour Natural Brown 75mL,$14.00,$18.67/100mL,"https://cdn.metcash.media/image/upload/f_auto,c_limit,w_300,q_auto/igashop/images/254772"
Colgate Tooth Brush Slim Soft Advanced Design 3 Pack,$7.00,$2.33 each,"https://cdn.metcash.media/image/upload/f_auto,c_limit,w_300,q_auto/igashop/images/190444"
Coloxyl Tab With Senna 45 Pack,$8.00,$0.18 each,"https://cdn.metcash.media/image/upload/f_auto,c_limit,w_300,q_auto/igashop/images/487210"
Australian Botanical Sea Salt Soap 200g,$4.40,$2.20/100g,"https://cdn.metcash.media/image/upload/f_auto,c_limit,w_300,q_auto/igashop/images/180000001820"
MeadowLea Original Spread Original 250g,$2.85,$1.14/100g,"https://cdn.metcash.media/image/upload/f_auto,c_limit,w_300,q_auto/igashop/images/190000000881"
Nudie Juice Nothing But Cloudy Apple 1L,$5.00,$5.00/1L,"https://cdn.metcash.media/image/upload/f_auto,c_limit,w_300,q_auto/igashop/images/180000000078"
Sensodyne Toothbrush Sensitive Teeth Daily Care Soft 3 Pack,$9.90,$3.30 each,"https://cdn.metcash.media/image/upload/f_auto,c_limit,w_300,q_auto/igashop/images/420386"
Magnum Tahiti Passionfruit White Chocolate 4 Pack,$11.00,$2.75 each,"https://cdn.metcash.media/image/upload/f_auto,c_limit,w_300,q_auto/igashop/images/20000006536"
Bonne Maman Fruits Of The Forest Conserve 37g,$6.90,$18.65/100g,"https://cdn.metcash.media/image/upload/f_auto,c_limit,w_300,q_auto/igashop/images/20000005189"
Blistex Ultra Lip Balm Spf50+ 4.25g,$6.50,$152.94/100g,https://www.igashop.com.au/static/default-product-image.png
Cenovis Multivitamin & Minerals Tablets Value Pack 200 Pack,$8.25,$0.04 each,"https://cdn.metcash.media/image/upload/f_auto,c_limit,w_300,q_auto/igashop/images/74229"
Daily Company Juice Orange 2L,$6.50,$3.25/1L,"https://cdn.metcash.media/image/upload/f_auto,c_limit,w_300,q_auto/igashop/images/124480"
AusFresh Tomato Sundried Marinade Australian 150g,$4.10,$2.73/100g,"https://cdn.metcash.media/image/upload/f_auto,c_limit,w_300,q_auto/igashop/images/413402"
Schar Gluten Free Baguette 175g,$7.95,$4.54/100g,"https://cdn.metcash.media/image/upload/f_auto,c_limit,w_300,q_auto/igashop/images/20000000416"
Bundaberg Sarsaparilla 10 Pack,$14.20,$1.42 each,https://www.igashop.com.au/static/default-product-image.png
Edgell Organic No Added Salt Black Beans 400g,$2.30,$0.58/100g,"https://cdn.metcash.media/image/upload/f_auto,c_limit,w_300,q_auto/igashop/images/566006"
Liddells Yoghurt Lactose Free Strawberry 4 Pack,$6.40,$1.60 each,"https://cdn.metcash.media/image/upload/f_auto,c_limit,w_300,q_auto/igashop/images/172836"
Always Fresh Dolmades 280g,$5.20,$1.86/100g,"https://cdn.metcash.media/image/upload/f_auto,c_limit,w_300,q_auto/igashop/images/64779"
Campbell's Soup Condensed Vegetable & Beef 420g,$2.20,$0.52/100g,"https://cdn.metcash.media/image/upload/f_auto,c_limit,w_300,q_auto/igashop/images/15291"
BIC Intensity Metal Bullet Black,$4.00,N/A,"https://cdn.metcash.media/image/upload/f_auto,c_limit,w_300,q_auto/igashop/images/696791"
Mirabella LED Fancy Round Globe 5.5W BC Warm White,$7.25,N/A,"https://cdn.metcash.media/image/upload/f_auto,c_limit,w_300,q_auto/igashop/images/223381"
Stay Fresh Sponge Spikbrite 3 Pack,$2.35,$0.78 each,"https://cdn.metcash.media/image/upload/f_auto,c_limit,w_300,q_auto/igashop/images/20000006315"
Vitapet Marine Master Goldfish Granules 100g,$5.35,$5.35/100g,https://www.igashop.com.au/static/default-product-image.png
Jiffy Firelighters 24 Pack,$6.00,$0.25 each,"https://cdn.metcash.media/image/upload/f_auto,c_limit,w_300,q_auto/igashop/images/47612"
Garnier Pure Active Mattifying Air Cream 50mL,$30.60,$61.20/100mL,https://www.igashop.com.au/static/default-product-image.png
Dilmah Tea Bags 200 Pack,$14.30,$0.07 each,"https://cdn.metcash.media/image/upload/f_auto,c_limit,w_300,q_auto/igashop/images/397300"
Talley's Chilled Mussels Chilli 375g,$5.00,$1.33/100g,"https://cdn.metcash.media/image/upload/f_auto,c_limit,w_300,q_auto/igashop/images/963156"
On The Menu Angus Beef Lasagne 400g,$6.00,$1.50/100g,"https://cdn.metcash.media/image/upload/f_auto,c_limit,w_300,q_auto/igashop/images/32293"
Capi Blood Orange 4 Pack,$8.25,$2.06 each,"https://cdn.metcash.media/image/upload/f_auto,c_limit,w_300,q_auto/igashop/images/936688"
Fever Tree Yuzu Soda 500mL,$4.50,$0.90/100mL,https://www.igashop.com.au/static/default-product-image.png
Love'em Air Dried Beef Liver 90g,$7.00,$7.78/100g,"https://cdn.metcash.media/image/upload/f_auto,c_limit,w_300,q_auto/igashop/images/160000000427"
Huggies DryNites Night Time Pants for Girls 4-7 Years (17-30kg) 9 Pack,$11.00,$1.22 each,"https://cdn.metcash.media/image/upload/f_auto,c_limit,w_300,q_auto/igashop/images/582442"
Moki Vent Mount Mobile,$19.99,N/A,"https://cdn.metcash.media/image/upload/f_auto,c_limit,w_300,q_auto/igashop/images/719463"
Praise Dressings French Original 330mL,$3.00,$0.91/100mL,"https://cdn.metcash.media/image/upload/f_auto,c_limit,w_300,q_auto/igashop/images/364975"
Barossa Kitchen Barossa Bard Sesame Nigella Flatbread 100g,$13.50,$13.50/100g,"https://cdn.metcash.media/image/upload/f_auto,c_limit,w_300,q_auto/igashop/images/190000002538"
Penfield Olives Extra Virgin Olive Oil 750mL,$25.95,$3.46/100mL,"https://cdn.metcash.media/image/upload/f_auto,c_limit,w_300,q_auto/igashop/images/20000005372"
Nature's Gift Mini Treats Beef With Liver Bites 130g,$3.50,$2.69/100g,"https://cdn.metcash.media/image/upload/f_auto,c_limit,w_300,q_auto/igashop/images/346647"
Gillette Comfort Glide Shave Gel 195g,$5.25,$2.69/100g,"https://cdn.metcash.media/image/upload/f_auto,c_limit,w_300,q_auto/igashop/images/160000011026"
SPC Spaghetti & Cheese 420g,$2.50,$0.60/100g,"https://cdn.metcash.media/image/upload/f_auto,c_limit,w_300,q_auto/igashop/images/21747"
Oreo Original 370g,$4.50,$1.22/100g,"https://cdn.metcash.media/image/upload/f_auto,c_limit,w_300,q_auto/igashop/images/150000007538"
Montville Coffee Woodford Blend Ground Plunger Coffee 250g,$18.95,$7.58/100g,"https://cdn.metcash.media/image/upload/f_auto,c_limit,w_300,q_auto/igashop/images/190000003993"
Eveready Black Super Heavy Duty D 1250 2 Pack,$6.50,$3.25 each,"https://cdn.metcash.media/image/upload/f_auto,c_limit,w_300,q_auto/igashop/images/190000003594"
Nando's Sauce Medium 250g,$6.95,$2.78/100g,"https://cdn.metcash.media/image/upload/f_auto,c_limit,w_300,q_auto/igashop/images/599431"
Dairy Farmers Lactose Free Chocolate 500mL,$3.20,$6.40/1L,"https://cdn.metcash.media/image/upload/f_auto,c_limit,w_300,q_auto/igashop/images/219997"
Pirates Treasure Milk Chocolate Gold Coins In Mesh Bag 60g,$1.00,$1.67/100g,https://www.igashop.com.au/static/default-product-image.png
The Natural Confectionery Co. Jelly Fruit Salad 400g,$5.50,$1.38/100g,https://www.igashop.com.au/static/default-product-image.png
Maltesers Dark 135g,$3.50,$2.59/100g,"https://cdn.metcash.media/image/upload/f_auto,c_limit,w_300,q_auto/igashop/images/150494"
Sukin Haircare Natural Balance Shampoo 1L,$35.00,$35.00/1L,"https://cdn.metcash.media/image/upload/f_auto,c_limit,w_300,q_auto/igashop/images/510542"
Beerenberg Pale Ale Mustard 150g,$5.05,$3.37/100g,"https://cdn.metcash.media/image/upload/f_auto,c_limit,w_300,q_auto/igashop/images/628434"
Eveready Red Heavy Duty D 1050 2 Pack,$4.60,$2.30 each,"https://cdn.metcash.media/image/upload/f_auto,c_limit,w_300,q_auto/igashop/images/728616"
Swisspers Make-Up Pads 80 Pack,$4.30,$0.05 each,"https://cdn.metcash.media/image/upload/f_auto,c_limit,w_300,q_auto/igashop/images/33524"
7Up Lemonade Soda 1.25L,$1.75,$1.40/1L,"https://cdn.metcash.media/image/upload/f_auto,c_limit,w_300,q_auto/igashop/images/428622"
Twinings English Breakfast Loose Leaf Tea 125g,$7.50,$6.00/100g,"https://cdn.metcash.media/image/upload/f_auto,c_limit,w_300,q_auto/igashop/images/15835"
Ben & Jerry's Ice Cream Oh My! Banoffee Pie! Sundae 427mL,$14.50,$3.40/100mL,"https://cdn.metcash.media/image/upload/f_auto,c_limit,w_300,q_auto/igashop/images/273182"
Pitted Kalamata Olive 1kg,Final cost based on weight,$23.50/$23.50,"https://cdn.metcash.media/image/upload/f_auto,c_limit,w_300,q_auto/igashop/images/80072047"
Kinder Surprise Natoons 3 Pack,$6.80,$2.27 each,"https://cdn.metcash.media/image/upload/f_auto,c_limit,w_300,q_auto/igashop/images/71580"
Rennie Indigestion and Heartburn Relief Spearmint Chewable Tablets 48 Pack,$9.00,$0.19 each,"https://cdn.metcash.media/image/upload/f_auto,c_limit,w_300,q_auto/igashop/images/653853"
Canon Chicken Nacho Wedges 550g,$9.00,$1.64/100g,https://www.igashop.com.au/static/default-product-image.png
Continental Pasta & Sauce Alfredo 80g,$2.25,$2.81/100g,https://www.igashop.com.au/static/default-product-image.png
Kellogg's All-Bran Honey Almond 420g,$6.50,$1.55/100g,"https://cdn.metcash.media/image/upload/f_auto,c_limit,w_300,q_auto/igashop/images/99211"
Continental Pasta & Sauce Cheesy Nachos 80g,$3.80,$4.75/100g,"https://cdn.metcash.media/image/upload/f_auto,c_limit,w_300,q_auto/igashop/images/1800000067495"
McKenzie's Fine Desiccated Coconut 250g,$3.70,$1.48/100g,"https://cdn.metcash.media/image/upload/f_auto,c_limit,w_300,q_auto/igashop/images/361820"
Simson's Pantry Low Carb Garlic & Herb Plus Protein Large Wraps 420g,$6.50,$1.55/100g,https://www.igashop.com.au/static/default-product-image.png
Youfoodz Creamy Garlic Chicken Kyiv With Chips 312g,$10.95,$3.51/100g,"https://cdn.metcash.media/image/upload/f_auto,c_limit,w_300,q_auto/igashop/images/795579"
The Ginger People Ginger Soother Drink Lemon & Honey 360mL,$5.50,$1.53/100mL,"https://cdn.metcash.media/image/upload/f_auto,c_limit,w_300,q_auto/igashop/images/20000006864"
Obela Dip Hommus Garnished Korean Style Chilli 220g,$4.90,$2.23/100g,"https://cdn.metcash.media/image/upload/f_auto,c_limit,w_300,q_auto/igashop/images/180000004839_1"
Bulla Creamy Classics Cookies And Cream Sundae Cone 4 Pack,$12.75,$3.19 each,"https://cdn.metcash.media/image/upload/f_auto,c_limit,w_300,q_auto/igashop/images/1800000067417"
Palmolive Micellar Aloe Vera Body Wash 400mL,$7.25,$1.81/100mL,"https://cdn.metcash.media/image/upload/f_auto,c_limit,w_300,q_auto/igashop/images/727291"
Cheezels Snacks 114g,$3.50,$3.07/100g,"https://cdn.metcash.media/image/upload/f_auto,c_limit,w_300,q_auto/igashop/images/92688"
Violet Crumble Honeycomb Cream Chocolate Santa 23g,$1.00,$4.35/100g,"https://cdn.metcash.media/image/upload/f_auto,c_limit,w_300,q_auto/igashop/images/185944"
Lenards Chicken Garlic Mignons 600g,$27.00,$4.50/100g,"https://cdn.metcash.media/image/upload/f_auto,c_limit,w_300,q_auto/igashop/images/591946"
CSR Caster Sugar 500g,$2.00,$0.40/100g,"https://cdn.metcash.media/image/upload/f_auto,c_limit,w_300,q_auto/igashop/images/16000001545"
Cheer Cheese Tasty Cheese Block 1kg,$14.95,$14.95/kg,"https://cdn.metcash.media/image/upload/f_auto,c_limit,w_300,q_auto/igashop/images/100999"
San Remo Short Cut Angel Hair No 141 500g,$2.95,$0.59/100g,"https://cdn.metcash.media/image/upload/f_auto,c_limit,w_300,q_auto/igashop/images/496837"
Beerenberg Apple Sauce 160g,$5.10,$3.19/100g,"https://cdn.metcash.media/image/upload/f_auto,c_limit,w_300,q_auto/igashop/images/886901"
Vileda Mop Microfibre Refill,$13.90,N/A,"https://cdn.metcash.media/image/upload/f_auto,c_limit,w_300,q_auto/igashop/images/269109"
TLC Jack Of All Concentrate Sachet 30mL,$5.15,$17.17/100mL,"https://cdn.metcash.media/image/upload/f_auto,c_limit,w_300,q_auto/igashop/images/927600"
Masterfoods Herbs And Spices Chimichurri Spice Blend 25g,$3.50,$14.00/100g,"https://cdn.metcash.media/image/upload/f_auto,c_limit,w_300,q_auto/igashop/images/742762"
Smith's Thinly Original 70g,$2.00,$2.86/100g,"https://cdn.metcash.media/image/upload/f_auto,c_limit,w_300,q_auto/igashop/images/690096"
John West Mackerel Fillets In Olive Oil 125g,$4.20,$3.36/100g,"https://cdn.metcash.media/image/upload/f_auto,c_limit,w_300,q_auto/igashop/images/190000002302"
Ben & Jerry's Ice Cream The Tonight Dough 458mL,$14.50,$3.17/100mL,"https://cdn.metcash.media/image/upload/f_auto,c_limit,w_300,q_auto/igashop/images/268975"
Corelle Winter Frost White Dinner Plate 26cm,$7.60,N/A,"https://cdn.metcash.media/image/upload/f_auto,c_limit,w_300,q_auto/igashop/images/232089"
Mortein Fast Knockdown Low Allergenic Fly & Mosquito Killer Aerosol 250g,$7.55,$3.02/100g,"https://cdn.metcash.media/image/upload/f_auto,c_limit,w_300,q_auto/igashop/images/89648"
Air Wick Essential Oil Air Freshener Le Vanilla & Soft Cashmere 21mL,$9.00,$42.86/100mL,"https://cdn.metcash.media/image/upload/f_auto,c_limit,w_300,q_auto/igashop/images/643905"
Heinz Spaghetti The Lil' One Multipack 4 Pack,$6.00,$1.50 each,"https://cdn.metcash.media/image/upload/f_auto,c_limit,w_300,q_auto/igashop/images/310578"
Sunsilk Biotin Shampoo Longer & Stronger 700mL,$10.00,$1.43/100mL,"https://cdn.metcash.media/image/upload/f_auto,c_limit,w_300,q_auto/igashop/images/618052"
Ferrero Rocher Tree Boxed Chocolate Gift 12 Pack,$20.00,$1.67 each,"https://cdn.metcash.media/image/upload/f_auto,c_limit,w_300,q_auto/igashop/images/799227"
Palmolive Naturals Rich Moisture Soap Free Body Wash Milk & Honey 500mL,$7.50,$1.50/100mL,"https://cdn.metcash.media/image/upload/f_auto,c_limit,w_300,q_auto/igashop/images/494576"
SPC Diced Apricots In Juice 4 Pack,$2.80,$0.70 each,"https://cdn.metcash.media/image/upload/f_auto,c_limit,w_300,q_auto/igashop/images/850405"
Glade 2 In 1 Candle Passionfruit Hawaiian Breeze 96g,$8.15,$8.49/100g,"https://cdn.metcash.media/image/upload/f_auto,c_limit,w_300,q_auto/igashop/images/657129"
Brunnings Potting Mix 25L,$8.50,$0.34/1L,"https://cdn.metcash.media/image/upload/f_auto,c_limit,w_300,q_auto/igashop/images/180000002024"
NIVEA Cocoa & Indulging Body Lotion 400mL,$5.70,$1.43/100mL,"https://cdn.metcash.media/image/upload/f_auto,c_limit,w_300,q_auto/igashop/images/190000009993"
Mars Chocolate Medium Party Share Bag 216g,$3.99,$1.85/100g,"https://cdn.metcash.media/image/upload/f_auto,c_limit,w_300,q_auto/igashop/images/622098"
Bakers Collection Festive Iced Fruit Cake Slice 250g,$3.00,$1.20/100g,"https://cdn.metcash.media/image/upload/f_auto,c_limit,w_300,q_auto/igashop/images/180000002086"
Community Co Fresh Lasagne Sheets 375g,$5.15,$1.37/100g,"https://cdn.metcash.media/image/upload/f_auto,c_limit,w_300,q_auto/igashop/images/839213"
Nescafe Coffee Double Shot Caramel Latte 10 Pack,$4.00,$0.40 each,https://www.igashop.com.au/static/default-product-image.png
Tom Organic Super Tampons 16 Pack,$6.50,$0.41 each,"https://cdn.metcash.media/image/upload/f_auto,c_limit,w_300,q_auto/igashop/images/782479"
Nair Sensitive Large Wax Strips 40 Pack,$15.00,$0.38 each,"https://cdn.metcash.media/image/upload/f_auto,c_limit,w_300,q_auto/igashop/images/160000001340"
Brasilia Coffee Beans Blue Mountain 500g,$14.00,$2.80/100g,https://www.igashop.com.au/static/default-product-image.png
Yorkshire Tea Malty Biscuit Brew Tea Bags 40 Pack,$9.95,$0.25 each,"https://cdn.metcash.media/image/upload/f_auto,c_limit,w_300,q_auto/igashop/images/236698"
San Remo Wholemeal CousCous 500g,$2.70,$0.54/100g,"https://cdn.metcash.media/image/upload/f_auto,c_limit,w_300,q_auto/igashop/images/595050"
"Leggo's Pizza Sauce With Garlic, Onion & Herbs 400g",$4.50,$1.13/100g,"https://cdn.metcash.media/image/upload/f_auto,c_limit,w_300,q_auto/igashop/images/494908"
Glen 20 Spray Disinfectant All-In-One Country Scent 375g,$8.05,$2.15/100g,"https://cdn.metcash.media/image/upload/f_auto,c_limit,w_300,q_auto/igashop/images/391689"
Eveready Super Heavy Duty AA Batteries 4 Pack,$7.20,$1.80 each,"https://cdn.metcash.media/image/upload/f_auto,c_limit,w_300,q_auto/igashop/images/273572"
Pork Leg Roast 1.2kg,Final cost based on weight,$14.34/$11.95,"https://cdn.metcash.media/image/upload/f_auto,c_limit,w_300,q_auto/igashop/images/80080104"
Heinz Spaghetti and Meatballs 420g,$3.15,$0.75/100g,"https://cdn.metcash.media/image/upload/f_auto,c_limit,w_300,q_auto/igashop/images/362431"
Zappo Grape 29g,$1.25,$4.31/100g,https://www.igashop.com.au/static/default-product-image.png
The Cobbler Company Shoe Polish Black 38g,$4.70,$12.37/100g,https://www.igashop.com.au/static/default-product-image.png
Kleenex Bath Tissue 12 Pack,$11.75,$0.98 each,"https://cdn.metcash.media/image/upload/f_auto,c_limit,w_300,q_auto/igashop/images/560856"
Sirena Sicilian Style Pasta With Tuna 170g,$3.40,$2.00/100g,"https://cdn.metcash.media/image/upload/f_auto,c_limit,w_300,q_auto/igashop/images/160000012260"
Air Wick Essential Oil Freshmatic Refill Vanilla 174g,$11.00,$6.32/100g,"https://cdn.metcash.media/image/upload/f_auto,c_limit,w_300,q_auto/igashop/images/643492"
Forager Fruits Banana 15g,$4.65,$31.00/100g,https://www.igashop.com.au/static/default-product-image.png
Playette Bib Fashion Assorted,$11.80,N/A,https://www.igashop.com.au/static/default-product-image.png
Vanish Preen Fabric Stain Remover Gold Oxiaction Refill 500mL,$7.50,$1.50/100mL,"https://cdn.metcash.media/image/upload/f_auto,c_limit,w_300,q_auto/igashop/images/638662"
The Pet Hub - Seatbelt Restraint Adjustable,$8.50,N/A,https://www.igashop.com.au/static/default-product-image.png
Purina Total Care Training Pads,$12.00,N/A,"https://cdn.metcash.media/image/upload/f_auto,c_limit,w_300,q_auto/igashop/images/888319"
Dolmio Nonna's Bolognese Pasta Sauce 500g,$4.65,$0.93/100g,"https://cdn.metcash.media/image/upload/f_auto,c_limit,w_300,q_auto/igashop/images/160000011671"
Quick-Eze Tablet Original Multipack 5 Pack,$12.00,$2.40 each,"https://cdn.metcash.media/image/upload/f_auto,c_limit,w_300,q_auto/igashop/images/94570"
Ciabatta Loaf White 350g,$4.20,$1.20/100g,"https://cdn.metcash.media/image/upload/f_auto,c_limit,w_300,q_auto/igashop/images/629655"
Eveready Gold Alkaline AAA Batteries 16 Pack,$12.05,$0.75 each,"https://cdn.metcash.media/image/upload/f_auto,c_limit,w_300,q_auto/igashop/images/647750"
Natureland Night Cup Tea Bag 20 Pack,$3.10,$0.16 each,"https://cdn.metcash.media/image/upload/f_auto,c_limit,w_300,q_auto/igashop/images/20000000259"
Guylian Artisanal Belgian Chocolate Sea Shells 65g,$7.15,$11.00/100g,"https://cdn.metcash.media/image/upload/f_auto,c_limit,w_300,q_auto/igashop/images/311257"
Sharwood's Simmer Sauce Korma 420g,$5.00,$1.19/100g,"https://cdn.metcash.media/image/upload/f_auto,c_limit,w_300,q_auto/igashop/images/422155"
Musashi Protein Crisp Choc Brownie 60g,$4.90,$8.17/100g,"https://cdn.metcash.media/image/upload/f_auto,c_limit,w_300,q_auto/igashop/images/260914"
Life Savers Fruit Pastilles 34g,$1.20,$3.53/100g,"https://cdn.metcash.media/image/upload/f_auto,c_limit,w_300,q_auto/igashop/images/69350"
Glasseye Meat Sauce Wild 420mL,$13.95,$3.32/100mL,"https://cdn.metcash.media/image/upload/f_auto,c_limit,w_300,q_auto/igashop/images/180000000481"
Cadbury Chocolate Fruit & Nut 310g,$5.00,$1.61/100g,"https://cdn.metcash.media/image/upload/f_auto,c_limit,w_300,q_auto/igashop/images/206834"
Bulla Thickened Cream 300mL,$3.90,$1.30/100mL,"https://cdn.metcash.media/image/upload/f_auto,c_limit,w_300,q_auto/igashop/images/102569"
Lamb Loin Chop Loose 500g,Final cost based on weight,$17.00/$34.00,"https://cdn.metcash.media/image/upload/f_auto,c_limit,w_300,q_auto/igashop/images/80080010"
United Organics Organic Brown Onions 1kg,$9.50,$9.50/kg,"https://cdn.metcash.media/image/upload/f_auto,c_limit,w_300,q_auto/igashop/images/180000001582"
Banana Boat After Sun Aloe Vera Gel 250g,$11.00,$4.40/100g,"https://cdn.metcash.media/image/upload/f_auto,c_limit,w_300,q_auto/igashop/images/929961"
Heinz Smooth Food 6 Months Strawberry & Banana Custard 110g,$1.00,$0.91/100g,"https://cdn.metcash.media/image/upload/f_auto,c_limit,w_300,q_auto/igashop/images/958164"
Chobani Greek Yoghurt Raspberry Pouch 140g,$2.70,$1.93/100g,"https://cdn.metcash.media/image/upload/f_auto,c_limit,w_300,q_auto/igashop/images/180000000049"
The Natural Confectionery Co. Berry Bliss 180g,$3.50,$1.94/100g,"https://cdn.metcash.media/image/upload/f_auto,c_limit,w_300,q_auto/igashop/images/150000007996"
Impulse Body Spray Love Story 75mL,$3.00,$4.00/100mL,"https://cdn.metcash.media/image/upload/f_auto,c_limit,w_300,q_auto/igashop/images/140033"
Streets Paddle Pop Chocolate 8 Pack,$9.00,$1.13 each,"https://cdn.metcash.media/image/upload/f_auto,c_limit,w_300,q_auto/igashop/images/890395"
On The Menu Three Cheese Macaroni 260g,$4.50,$1.73/100g,"https://cdn.metcash.media/image/upload/f_auto,c_limit,w_300,q_auto/igashop/images/154472"
Jif Cream Cleanser With Micro Particles Original 500mL,$4.80,$0.96/100mL,"https://cdn.metcash.media/image/upload/f_auto,c_limit,w_300,q_auto/igashop/images/856744"
Nestle Kit Kat Icon Chocolate Bunny 29g,$1.80,$6.21/100g,https://www.igashop.com.au/static/default-product-image.png
Norco Elbo Style Cheese 12 Slices 250g,$7.50,$3.00/100g,"https://cdn.metcash.media/image/upload/f_auto,c_limit,w_300,q_auto/igashop/images/894425"
Bickfords Cordial Ice Tea Mango 750mL,$5.50,$0.73/100mL,"https://cdn.metcash.media/image/upload/f_auto,c_limit,w_300,q_auto/igashop/images/20000006637"
Life Savers Musk 34g,$1.25,$3.68/100g,"https://cdn.metcash.media/image/upload/f_auto,c_limit,w_300,q_auto/igashop/images/41331"
Lemnos Haloumi Cyprus Style Cheese 180g,$6.60,$3.67/100g,"https://cdn.metcash.media/image/upload/f_auto,c_limit,w_300,q_auto/igashop/images/162588_1"
Fairy Original All in One Automatic Dishwasher Tablets 26 Pack,$12.00,$0.46 each,"https://cdn.metcash.media/image/upload/f_auto,c_limit,w_300,q_auto/igashop/images/160000011184"
Gillette Blue II Plus Pivot Razors 11 Pack & Gillette Sensor3 Razor,$12.00,N/A,"https://cdn.metcash.media/image/upload/f_auto,c_limit,w_300,q_auto/igashop/images/427155"
Venerdi Paleo Bread Almond Linseed 550g,$16.50,$3.00/100g,"https://cdn.metcash.media/image/upload/f_auto,c_limit,w_300,q_auto/igashop/images/190000005234"
Dilmah Decaffeinated Tea Bag 50 Pack,$8.10,$0.16 each,"https://cdn.metcash.media/image/upload/f_auto,c_limit,w_300,q_auto/igashop/images/393500"
Ben & Jerry's Ice Cream Half Baked 458mL,$14.50,$3.17/100mL,"https://cdn.metcash.media/image/upload/f_auto,c_limit,w_300,q_auto/igashop/images/893704"
Ecostore Hydrating Conditioner Normal Hair 350mL,$17.50,$5.00/100mL,"https://cdn.metcash.media/image/upload/f_auto,c_limit,w_300,q_auto/igashop/images/190000001927"
I&J Beer Batter Fish Fillets 425g,$8.00,$1.88/100g,"https://cdn.metcash.media/image/upload/f_auto,c_limit,w_300,q_auto/igashop/images/910373"
Bundaberg Ginger Beer Mini Can 6 Pack,$6.30,$1.05 each,"https://cdn.metcash.media/image/upload/f_auto,c_limit,w_300,q_auto/igashop/images/831757"
Deeko Entertainment Wine Cups 8 Pack,$3.50,$0.44 each,"https://cdn.metcash.media/image/upload/f_auto,c_limit,w_300,q_auto/igashop/images/355659"
Flawless Face White Gen 2,$33.00,N/A,"https://cdn.metcash.media/image/upload/f_auto,c_limit,w_300,q_auto/igashop/images/610936"
I&J Calamari Lightly Crumbed 360g,$8.00,$2.22/100g,"https://cdn.metcash.media/image/upload/f_auto,c_limit,w_300,q_auto/igashop/images/405598"
Hot Salami 1kg,Final cost based on weight,$38.00/$38.00,"https://cdn.metcash.media/image/upload/f_auto,c_limit,w_300,q_auto/igashop/images/80072127"
400 Gradi Biscotti Chocolate Dripped Fingers 200g,$7.00,$3.50/100g,"https://cdn.metcash.media/image/upload/f_auto,c_limit,w_300,q_auto/igashop/images/190000009602"
The Olive Branch Dukka Original 175g,$10.50,$6.00/100g,"https://cdn.metcash.media/image/upload/f_auto,c_limit,w_300,q_auto/igashop/images/1476"
Rafferty's Garden Pea Pods Original Just 3 Ingredients 12M+ 40g,$4.00,$10.00/100g,https://www.igashop.com.au/static/default-product-image.png
Barossa Schulz Bacon 200g,$8.95,$4.48/100g,"https://cdn.metcash.media/image/upload/f_auto,c_limit,w_300,q_auto/igashop/images/959152"
Ambi Pur Car Air Freshener Premium Clip Vanilla Voyage,$8.80,N/A,"https://cdn.metcash.media/image/upload/f_auto,c_limit,w_300,q_auto/igashop/images/250980"
Tom Organic Pads Regular Ultra Thin 10 Pack,$6.50,$0.65 each,"https://cdn.metcash.media/image/upload/f_auto,c_limit,w_300,q_auto/igashop/images/783137"
Colgate Travel Pack,$9.00,N/A,"https://cdn.metcash.media/image/upload/f_auto,c_limit,w_300,q_auto/igashop/images/5385"
Arnott's Assorted Cream Biscuits 500g,$6.50,$1.30/100g,"https://cdn.metcash.media/image/upload/f_auto,c_limit,w_300,q_auto/igashop/images/308872"
Olive Mortadella Slices 1kg,Final cost based on weight,$26.95/$26.95,"https://cdn.metcash.media/image/upload/f_auto,c_limit,w_300,q_auto/igashop/images/80072087"
Grants OF AUSTRALIA Fresh Mint Toothpaste 110g,$4.95,$4.50/100g,"https://cdn.metcash.media/image/upload/f_auto,c_limit,w_300,q_auto/igashop/images/20000001777"
Nice & Natural Fruit Frogs Raspberry 136g,$4.50,$3.31/100g,"https://cdn.metcash.media/image/upload/f_auto,c_limit,w_300,q_auto/igashop/images/20000002104"
Mount Franklin Lightly Sparkling Water Watermelon Multipack Cans 10 Pack,$12.00,$1.20 each,"https://cdn.metcash.media/image/upload/f_auto,c_limit,w_300,q_auto/igashop/images/566860"
DON Short Cut Bacon Twin Pack 500g,$14.00,$2.80/100g,"https://cdn.metcash.media/image/upload/f_auto,c_limit,w_300,q_auto/igashop/images/20000006973"
Macro Mike Powdered Peanut Butter Cookie Dough 180g,$15.95,$8.86/100g,"https://cdn.metcash.media/image/upload/f_auto,c_limit,w_300,q_auto/igashop/images/160000013527"
White King Bathroom Power Gel Lemon 750mL,$3.60,$0.48/100mL,"https://cdn.metcash.media/image/upload/f_auto,c_limit,w_300,q_auto/igashop/images/332601"
Palmolive Skin Food Liquid Hand Wash Soap Desert Lime Natural AHA 500mL,$10.00,$2.00/100mL,"https://cdn.metcash.media/image/upload/f_auto,c_limit,w_300,q_auto/igashop/images/1800000069508"
Red Plastic Re-usable,$0.15,N/A,"https://cdn.metcash.media/image/upload/f_auto,c_limit,w_300,q_auto/igashop/images/180000001359"
Cadbury Giant Caramello Koala Bar 35g,$1.50,$4.29/100g,"https://cdn.metcash.media/image/upload/f_auto,c_limit,w_300,q_auto/igashop/images/307185"
Crumbed Squid Rings 500g,$10.00,$2.00/100g,"https://cdn.metcash.media/image/upload/f_auto,c_limit,w_300,q_auto/igashop/images/972257"
Suimin Noodle Cup Spicy Thai 70g,$2.40,$3.43/100g,"https://cdn.metcash.media/image/upload/f_auto,c_limit,w_300,q_auto/igashop/images/392211"
Fehlbergs Jalapenos Pickled 470g,$3.20,$0.68/100g,"https://cdn.metcash.media/image/upload/f_auto,c_limit,w_300,q_auto/igashop/images/433680"
Yes You Can Buckwheat Pancake Mix 280g,$6.20,$2.21/100g,"https://cdn.metcash.media/image/upload/f_auto,c_limit,w_300,q_auto/igashop/images/160000017871"
SKYN Maximum Performance Lubricant 80mL,$13.00,$16.25/100mL,"https://cdn.metcash.media/image/upload/f_auto,c_limit,w_300,q_auto/igashop/images/626440"
Kaffir Lime Leaves 15g,$4.00,$26.67/100g,https://www.igashop.com.au/static/default-product-image.png
Kind Caramel Almond & Sea Salt Bar 40g,$3.00,$7.50/100g,"https://cdn.metcash.media/image/upload/f_auto,c_limit,w_300,q_auto/igashop/images/180000006334"
Old El Paso Mexican Burrito Tortillas 6 Pack,$4.50,$0.75 each,"https://cdn.metcash.media/image/upload/f_auto,c_limit,w_300,q_auto/igashop/images/20000006749"
Skin Control Party Pack 36mL,$8.10,$22.50/100mL,https://www.igashop.com.au/static/default-product-image.png
Sunbeam Yoghurt Coated Sultanas 6 Pack,$5.00,$0.83 each,"https://cdn.metcash.media/image/upload/f_auto,c_limit,w_300,q_auto/igashop/images/322203"
Eveready Dolphin 2-In-1 Emergency Torch Light with AA Batteries,$24.50,N/A,https://www.igashop.com.au/static/default-product-image.png
True Thai Laksa Paste 230g,$4.60,$2.00/100g,"https://cdn.metcash.media/image/upload/f_auto,c_limit,w_300,q_auto/igashop/images/160000012611"
Ocean Spray Cranberry & Pomegranate Fruit Drink 1.5L,$6.40,$4.27/1L,"https://cdn.metcash.media/image/upload/f_auto,c_limit,w_300,q_auto/igashop/images/99148"
Chrystal Fresh Cheeseboard Selection 240g,$13.00,$5.42/100g,https://www.igashop.com.au/static/default-product-image.png
Redberry Nail Clippers,$4.30,N/A,"https://cdn.metcash.media/image/upload/f_auto,c_limit,w_300,q_auto/igashop/images/248027"
Nestlé Kit Kat Chocolate Hot Cross Bun Sharepack 8 Pack,$9.00,$1.13 each,"https://cdn.metcash.media/image/upload/f_auto,c_limit,w_300,q_auto/igashop/images/180000004609"
Lenards Chicken Kiev 400g,$16.00,$4.00/100g,"https://cdn.metcash.media/image/upload/f_auto,c_limit,w_300,q_auto/igashop/images/581894"
Lindt Decoration Cube 58g,$5.00,$8.62/100g,"https://cdn.metcash.media/image/upload/f_auto,c_limit,w_300,q_auto/igashop/images/190000009618"
Dare Iced Coffee No Sugar Added Double Espresso 500mL,$4.25,$0.85/100mL,"https://cdn.metcash.media/image/upload/f_auto,c_limit,w_300,q_auto/igashop/images/20000006389"
Smith's Extra Crunchy Potato Chips Charcoal Chicken And Garlic Sauce 150g,$5.00,$3.33/100g,https://www.igashop.com.au/static/default-product-image.png
Dettol Anti-Bacterial Liquid Handwash Aloe Vera 500mL,$3.50,$0.70/100mL,"https://cdn.metcash.media/image/upload/f_auto,c_limit,w_300,q_auto/igashop/images/233103"
Soothers Blackcurrant Stick 45g,$2.75,$6.11/100g,"https://cdn.metcash.media/image/upload/f_auto,c_limit,w_300,q_auto/igashop/images/638413"
Community Co Crumbed Chicken Kiev 350g,$10.00,$2.86/100g,"https://cdn.metcash.media/image/upload/f_auto,c_limit,w_300,q_auto/igashop/images/870439"
Pauls Egg Nog Rum Flavoured Milk 1L,$4.00,$4.00/1L,"https://cdn.metcash.media/image/upload/f_auto,c_limit,w_300,q_auto/igashop/images/286376"
Luv-A-Duck Fresh Whole Duck 2.1kg,$22.00,$10.48/kg,https://www.igashop.com.au/static/default-product-image.png
Ecostore Soap Boxed Goats Milk 80g,$3.30,$4.13/100g,"https://cdn.metcash.media/image/upload/f_auto,c_limit,w_300,q_auto/igashop/images/892342"
Wattle Valley Wraps Wholegrain 8 Pack,$5.10,$0.64 each,"https://cdn.metcash.media/image/upload/f_auto,c_limit,w_300,q_auto/igashop/images/190000004762"
NIVEA Gentle Exfoliating Scrub 150mL,$7.80,$5.20/100mL,"https://cdn.metcash.media/image/upload/f_auto,c_limit,w_300,q_auto/igashop/images/190000009962"
Macros Massaman Beef Curry 300g,$12.00,$4.00/100g,https://www.igashop.com.au/static/default-product-image.png
United Organics Wild Roquette 120g,$4.98,$4.15/100g,https://www.igashop.com.au/static/default-product-image.png
Mrs Mac's Sausage Roll Microwave 175g,$2.50,$1.43/100g,"https://cdn.metcash.media/image/upload/f_auto,c_limit,w_300,q_auto/igashop/images/MrsMacs_GiantSausageRoll"
Oreo Original Grab & Go 248g,$3.50,$1.41/100g,"https://cdn.metcash.media/image/upload/f_auto,c_limit,w_300,q_auto/igashop/images/229997"
TRESemmé Shampoo Smooth & Silky 940mL,$9.25,$0.98/100mL,"https://cdn.metcash.media/image/upload/f_auto,c_limit,w_300,q_auto/igashop/images/509041"
Capilano Manuka Honey MGO 100+ 340g,$24.90,$7.32/100g,"https://cdn.metcash.media/image/upload/f_auto,c_limit,w_300,q_auto/igashop/images/807083"
Off! Tropical Strength Insect Repellent Spray 150g,$10.90,$7.27/100g,"https://cdn.metcash.media/image/upload/f_auto,c_limit,w_300,q_auto/igashop/images/300531"
Nature Valley Protein Bar Peanut & Chocolate 160g,$5.40,$3.38/100g,https://www.igashop.com.au/static/default-product-image.png
Kikkoman Makoto Gluten Free Sauce Dashi 150mL,$3.40,$2.27/100mL,"https://cdn.metcash.media/image/upload/f_auto,c_limit,w_300,q_auto/igashop/images/292822"
Kellogg's High Protein Granola Honey Nut 450g,$9.00,$2.00/100g,"https://cdn.metcash.media/image/upload/f_auto,c_limit,w_300,q_auto/igashop/images/180000006378"
Fabulon Ironing Aid Linen Breeze Trigger Spray 500mL,$10.50,$2.10/100mL,"https://cdn.metcash.media/image/upload/f_auto,c_limit,w_300,q_auto/igashop/images/69729"
San Remo Fresh Ravioli Beef 350g,$8.10,$2.31/100g,"https://cdn.metcash.media/image/upload/f_auto,c_limit,w_300,q_auto/igashop/images/173311"
Cottee's Raspberry Jam 250g,$2.75,$1.10/100g,"https://cdn.metcash.media/image/upload/f_auto,c_limit,w_300,q_auto/igashop/images/29729"
Schweppes Classic Mixers Indian Tonic Water Zero Sugar 1.1L,$1.25,$1.14/1L,"https://cdn.metcash.media/image/upload/f_auto,c_limit,w_300,q_auto/igashop/images/851854"
DON Deli Cuts Champagne Leg Ham Shaved 100g,$3.50,$3.50/100g,"https://cdn.metcash.media/image/upload/f_auto,c_limit,w_300,q_auto/igashop/images/180000002989"
ZoOSh Creamy Garlic & Herb Creamy Dreamy Dip 185g,$3.00,$1.62/100g,"https://cdn.metcash.media/image/upload/f_auto,c_limit,w_300,q_auto/igashop/images/190000001951"
Purina One Adult Healthy Weight Chicken Dry Cat Food Bag 1.4kg,$15.00,$10.71/kg,"https://cdn.metcash.media/image/upload/f_auto,c_limit,w_300,q_auto/igashop/images/517659"
V Refresh Energy Drink Green Apple Lemonade 4 Pack,$8.20,$2.05 each,"https://cdn.metcash.media/image/upload/f_auto,c_limit,w_300,q_auto/igashop/images/327907"
QBA Artisan Batard Cheese 460g,$7.50,$1.63/100g,"https://cdn.metcash.media/image/upload/f_auto,c_limit,w_300,q_auto/igashop/images/670486"
Nicabate Mini Lozenges 4mg 20 Pack,$13.00,$0.65 each,"https://cdn.metcash.media/image/upload/f_auto,c_limit,w_300,q_auto/igashop/images/464102"
Pureau Noble Ultra Pure Water 5L,$5.85,$1.17/1L,"https://cdn.metcash.media/image/upload/f_auto,c_limit,w_300,q_auto/igashop/images/415205"
TRESemmé Pro Pure Alright Volume Conditioner 675mL,$13.00,$1.93/100mL,"https://cdn.metcash.media/image/upload/f_auto,c_limit,w_300,q_auto/igashop/images/160000010313"
Bickford's Super Berry Juice 1L,$7.00,$7.00/1L,"https://cdn.metcash.media/image/upload/f_auto,c_limit,w_300,q_auto/igashop/images/310332"
Loaf Chrismas Bites 120g,$6.85,$5.71/100g,"https://cdn.metcash.media/image/upload/f_auto,c_limit,w_300,q_auto/igashop/images/665208"
Always Fresh Marinated Artichoke Hearts 230g,$4.00,$1.74/100g,"https://cdn.metcash.media/image/upload/f_auto,c_limit,w_300,q_auto/igashop/images/642190"
Tetley Decaffeinated Tea Bags 100 Pack,$6.90,$0.07 each,"https://cdn.metcash.media/image/upload/f_auto,c_limit,w_300,q_auto/igashop/images/419958"
Black & Gold Chicken Flavoured Noodles 5 Pack,$2.00,$0.40 each,"https://cdn.metcash.media/image/upload/f_auto,c_limit,w_300,q_auto/igashop/images/_447668"
Lemon Fresh Lemon Juice 245mL,$6.80,$2.78/100mL,"https://cdn.metcash.media/image/upload/f_auto,c_limit,w_300,q_auto/igashop/images/918452"
V Energy Pure Energy Drink 4 Pack,$9.95,$2.49 each,"https://cdn.metcash.media/image/upload/f_auto,c_limit,w_300,q_auto/igashop/images/190000001615"
Smith's Thinly Cut Potato Chips Sour Cream & Onion 175g,$2.50,$1.43/100g,"https://cdn.metcash.media/image/upload/f_auto,c_limit,w_300,q_auto/igashop/images/689228"
Fyna Fads Fun Sticks 90g,$3.90,$4.33/100g,"https://cdn.metcash.media/image/upload/f_auto,c_limit,w_300,q_auto/igashop/images/20000004827"
Kellogg's Coco Pops 650g,$8.00,$1.23/100g,"https://cdn.metcash.media/image/upload/f_auto,c_limit,w_300,q_auto/igashop/images/99258"
Temptations Mixups Catnip Chicken And Cheddar 180g,$8.00,$4.44/100g,"https://cdn.metcash.media/image/upload/f_auto,c_limit,w_300,q_auto/igashop/images/192412"
Nobby's Pork Crackle Flamin' Hot 50g,$2.50,$5.00/100g,https://www.igashop.com.au/static/default-product-image.png
Tyrrell's Cheddar Cheese & Chive Potato Chips 165g,$3.80,$2.30/100g,"https://cdn.metcash.media/image/upload/f_auto,c_limit,w_300,q_auto/igashop/images/675224"
Wild Breads Fresh Fruit Scones 500g,$6.10,$1.22/100g,https://www.igashop.com.au/static/default-product-image.png
Nescafe Classic Coffee Hazelnut 95g,$8.00,$8.42/100g,"https://cdn.metcash.media/image/upload/f_auto,c_limit,w_300,q_auto/igashop/images/1800000067728"
Latina Fresh Ricotta & Spinach Ravioli Gluten Free 280g,$8.75,$3.12/100g,"https://cdn.metcash.media/image/upload/f_auto,c_limit,w_300,q_auto/igashop/images/320133"
Community Co Lime Flavoured Jelly Crystals 85g,$1.30,$1.53/100g,"https://cdn.metcash.media/image/upload/f_auto,c_limit,w_300,q_auto/igashop/images/414398"
D'Orsogna Deli To Go Champagne Ham Sliced 180g,$4.50,$2.50/100g,https://www.igashop.com.au/static/default-product-image.png
Eggplant 500g,Final cost based on weight,$3.75/$7.50,"https://cdn.metcash.media/image/upload/f_auto,c_limit,w_300,q_auto/igashop/images/80060022"
OMO Laundry Capsules Expert Odour Eliminator 28 Pack,$36.00,$1.29 each,"https://cdn.metcash.media/image/upload/f_auto,c_limit,w_300,q_auto/igashop/images/659118"
Crystal Springs Water 10L,$11.00,$1.10/1L,"https://cdn.metcash.media/image/upload/f_auto,c_limit,w_300,q_auto/igashop/images/20000005201"
Lynx Deodorant Aerosol New Zealand 165mL,$8.00,$4.85/100mL,"https://cdn.metcash.media/image/upload/f_auto,c_limit,w_300,q_auto/igashop/images/747092"
Huggies Drynites Pyjama Pants 2-4yrs Boy 11 Pack,$12.10,$1.10 each,"https://cdn.metcash.media/image/upload/f_auto,c_limit,w_300,q_auto/igashop/images/109197"
Pine O Cleen Disinfectant Gel Bottle 400mL,$6.50,$1.63/100mL,"https://cdn.metcash.media/image/upload/f_auto,c_limit,w_300,q_auto/igashop/images/675350"
Dine Wet Cat Food Classic Terrine With Chicken Tray 7 Pack,$8.00,$1.14 each,"https://cdn.metcash.media/image/upload/f_auto,c_limit,w_300,q_auto/igashop/images/49651"
BabyLove Nappy Pants Jumbo Toddler 56 Pack,$31.00,$0.55 each,"https://cdn.metcash.media/image/upload/f_auto,c_limit,w_300,q_auto/igashop/images/483554"
OMO Active Clean Laundry Washing Powder Front & Top Loader 1kg,$10.00,$10.00/kg,"https://cdn.metcash.media/image/upload/f_auto,c_limit,w_300,q_auto/igashop/images/625164"
Betty Crocker Bake Smart Muffin Mix 99% Sugar Free Chocolate 320g,$3.50,$1.09/100g,"https://cdn.metcash.media/image/upload/f_auto,c_limit,w_300,q_auto/igashop/images/180000002923"
Black & Gold Paper Towel 2 Pack,$2.20,$1.10 each,"https://cdn.metcash.media/image/upload/f_auto,c_limit,w_300,q_auto/igashop/images/964717"
L'Oreal Paris Elvive Dream Long Shampoo 340mL,$10.00,$2.94/100mL,"https://cdn.metcash.media/image/upload/f_auto,c_limit,w_300,q_auto/igashop/images/1800000068761"
Berri Quelch Berry 24 Pack,$7.80,$0.33 each,"https://cdn.metcash.media/image/upload/f_auto,c_limit,w_300,q_auto/igashop/images/426138"
White King Bleach Lemon 1.25L,$3.90,$3.12/1L,"https://cdn.metcash.media/image/upload/f_auto,c_limit,w_300,q_auto/igashop/images/62816"
Much Moore Awesome Hokey Pokey Ice Cream Tub 2L,$12.50,$6.25/1L,"https://cdn.metcash.media/image/upload/f_auto,c_limit,w_300,q_auto/igashop/images/190000005228"
Cadbury Magical Elves Christmas Bon Bon 120g,$5.00,$4.17/100g,"https://cdn.metcash.media/image/upload/f_auto,c_limit,w_300,q_auto/igashop/images/453643"
Oreo Double Stuff Sandwich Biscuits Inspired by Cadbury Caramilk 136g,$3.25,$2.39/100g,"https://cdn.metcash.media/image/upload/f_auto,c_limit,w_300,q_auto/igashop/images/1800000071694"
Gippsland Dairy Yoghurt Blueberry 700g,$7.90,$1.13/100g,"https://cdn.metcash.media/image/upload/f_auto,c_limit,w_300,q_auto/igashop/images/160000018240"
Nescafe Blend 43 Mild Roast 250g,$13.80,$5.52/100g,"https://cdn.metcash.media/image/upload/f_auto,c_limit,w_300,q_auto/igashop/images/690601"
Australian Botanical Hand Wash Goats Milk & Raspberry 500mL,$8.90,$1.78/100mL,https://www.igashop.com.au/static/default-product-image.png
Yarrows Cinnamon Donuts 240g,$4.85,$2.02/100g,https://www.igashop.com.au/static/default-product-image.png
Skara Smoked Chorizo 250g,$9.50,$3.80/100g,"https://cdn.metcash.media/image/upload/f_auto,c_limit,w_300,q_auto/igashop/images/20000002048"
Pureland Hommus Dip 300g,$4.59,$1.53/100g,"https://cdn.metcash.media/image/upload/f_auto,c_limit,w_300,q_auto/igashop/images/166610"
Primo Middle Bacon 750g,$16.80,$2.24/100g,"https://cdn.metcash.media/image/upload/f_auto,c_limit,w_300,q_auto/igashop/images/150000000227"
Kook A Krumb Golden Fish Batter 150g,$4.70,$3.13/100g,"https://cdn.metcash.media/image/upload/f_auto,c_limit,w_300,q_auto/igashop/images/160000012732"
Lindt Lindor Milk Heart Tin 147g,$20.40,$13.88/100g,"https://cdn.metcash.media/image/upload/f_auto,c_limit,w_300,q_auto/igashop/images/751004"
Cleaver's Organic Native Berry & BBQ Flavoured Beef Ribs 800g,$27.00,$3.38/100g,"https://cdn.metcash.media/image/upload/f_auto,c_limit,w_300,q_auto/igashop/images/695067"
Coyo Organic Chocolate Coconut Milk Ice Cream Alternative 500mL,$10.50,$2.10/100mL,"https://cdn.metcash.media/image/upload/f_auto,c_limit,w_300,q_auto/igashop/images/887596"
The Happy Muffin Co Mini Double Choc Chip 8 Pack,$4.50,$0.56 each,"https://cdn.metcash.media/image/upload/f_auto,c_limit,w_300,q_auto/igashop/images/20000003799"
Aerogard Tropical Pump 135mL,$8.50,$6.30/100mL,"https://cdn.metcash.media/image/upload/f_auto,c_limit,w_300,q_auto/igashop/images/45589"
Red Bull Energy Drink 473mL,$4.50,$0.95/100mL,"https://cdn.metcash.media/image/upload/f_auto,c_limit,w_300,q_auto/igashop/images/8401"
Finish Power All in One Dishwashing Tablets Lemon Sparkle 45 Pack,$28.00,$0.62 each,"https://cdn.metcash.media/image/upload/f_auto,c_limit,w_300,q_auto/igashop/images/554693"
Fibre One Cake Bar Strawberry Cheesecake 100g,$6.90,$6.90/100g,"https://cdn.metcash.media/image/upload/f_auto,c_limit,w_300,q_auto/igashop/images/272987"
Kirks Originals Olde Stoney Ginger Beer Multipack Cans Soft Drink 10 Pack,$15.00,$1.50 each,"https://cdn.metcash.media/image/upload/f_auto,c_limit,w_300,q_auto/igashop/images/392708_1"
Bakers Oven Croissants 168g,$2.60,$1.55/100g,"https://cdn.metcash.media/image/upload/f_auto,c_limit,w_300,q_auto/igashop/images/646916"
Sunbeam Sultanas 375g,$5.00,$1.33/100g,"https://cdn.metcash.media/image/upload/f_auto,c_limit,w_300,q_auto/igashop/images/46488"
Bulla Creamy Classics Vanilla Sandwich 4 Pack,$5.00,$1.25 each,https://www.igashop.com.au/static/default-product-image.png
Obento Japanese Sushi Kit 540g,$12.80,$2.37/100g,"https://cdn.metcash.media/image/upload/f_auto,c_limit,w_300,q_auto/igashop/images/956455"
Birds Eye Cauliflower Cheese 600g,$8.25,$1.38/100g,"https://cdn.metcash.media/image/upload/f_auto,c_limit,w_300,q_auto/igashop/images/306765"
Twinings Live Well Digest Herbal Tea Bags 18 Pack,$6.50,$0.36 each,"https://cdn.metcash.media/image/upload/f_auto,c_limit,w_300,q_auto/igashop/images/160000005525"
The Natural Confectionery Co. Vegan Fruity Flavoured Jellies 180g,$5.00,$2.78/100g,"https://cdn.metcash.media/image/upload/f_auto,c_limit,w_300,q_auto/igashop/images/542450"
Community Co Gluten Free Caramel Slice 180g,$6.40,$3.56/100g,"https://cdn.metcash.media/image/upload/f_auto,c_limit,w_300,q_auto/igashop/images/439864"
Homestyle Bake Country Cafe Thick White Sliced Bread 850g,$5.50,$0.65/100g,"https://cdn.metcash.media/image/upload/f_auto,c_limit,w_300,q_auto/igashop/images/190000004808"
Little Trees Air Freshener New Car 3 Pack,$6.80,$2.27 each,"https://cdn.metcash.media/image/upload/f_auto,c_limit,w_300,q_auto/igashop/images/190000001483"
Cocobella Coconut Yoghurt Natural 500g,$5.90,$1.18/100g,"https://cdn.metcash.media/image/upload/f_auto,c_limit,w_300,q_auto/igashop/images/226648"
Steggles Chicken Breast Schnitzel 1kg,$15.40,$15.40/kg,"https://cdn.metcash.media/image/upload/f_auto,c_limit,w_300,q_auto/igashop/images/144956"
Bulla Murray Street Ice Cream Tubs Lemon Curd 1L,$6.00,$6.00/1L,"https://cdn.metcash.media/image/upload/f_auto,c_limit,w_300,q_auto/igashop/images/687967"
The Milk Thief Organic Milk Kefir Natural 1kg,$9.50,$9.50/kg,"https://cdn.metcash.media/image/upload/f_auto,c_limit,w_300,q_auto/igashop/images/893652"
Lindor Tablet Salted Caramel 100g,$5.50,$5.50/100g,https://www.igashop.com.au/static/default-product-image.png
Sunbeam Yoghurt Coated Sultanas Strawberry 180g,$5.00,$2.78/100g,"https://cdn.metcash.media/image/upload/f_auto,c_limit,w_300,q_auto/igashop/images/778849"
Continental Sensations Soup Cheesy Broccoli & Potato 56g,$3.50,$6.25/100g,"https://cdn.metcash.media/image/upload/f_auto,c_limit,w_300,q_auto/igashop/images/792746"
TRESemmé Pro Pure Damage Protect Shampoo 675mL,$13.00,$1.93/100mL,"https://cdn.metcash.media/image/upload/f_auto,c_limit,w_300,q_auto/igashop/images/160000010315"
Black & Gold Eucalyptus Disinfectant 2L,$1.50,$0.75/1L,"https://cdn.metcash.media/image/upload/f_auto,c_limit,w_300,q_auto/igashop/images/63595"
Koala Natural Hand Wash Rosalina & Peppermint 500mL,$15.90,$3.18/100mL,"https://cdn.metcash.media/image/upload/f_auto,c_limit,w_300,q_auto/igashop/images/190000001941"
Vaalia Boost Banana Buzz Yoghurt 150g,$2.80,$1.87/100g,https://www.igashop.com.au/static/default-product-image.png
Bluey Milk Chocolate Mini Eggs 100g,$5.60,$5.60/100g,"https://cdn.metcash.media/image/upload/f_auto,c_limit,w_300,q_auto/igashop/images/180000004773"
Birds Eye Golden Crunch Wedges 1kg,$6.00,$6.00/kg,"https://cdn.metcash.media/image/upload/f_auto,c_limit,w_300,q_auto/igashop/images/189252"
Golden Circle Apple Splash Fruit Drink Fruit Drink 1L,$2.40,$2.40/1L,"https://cdn.metcash.media/image/upload/f_auto,c_limit,w_300,q_auto/igashop/images/59601"
John West Tempters Tuna Chilli 95g,$2.90,$3.05/100g,"https://cdn.metcash.media/image/upload/f_auto,c_limit,w_300,q_auto/igashop/images/607006"
McVitie's Rastops 100g,$2.00,$2.00/100g,"https://cdn.metcash.media/image/upload/f_auto,c_limit,w_300,q_auto/igashop/images/528493"
Sneaker People Sneaker Protector 120g,$8.85,$7.38/100g,https://www.igashop.com.au/static/default-product-image.png
Botany Group Sweet William Chocolate Mini Santas 155g,$3.00,$1.94/100g,https://www.igashop.com.au/static/default-product-image.png
Leggo's Tomato Paste 4 Sachets 200g,$3.20,$1.60/100g,"https://cdn.metcash.media/image/upload/f_auto,c_limit,w_300,q_auto/igashop/images/10788"
Easy-Off Bam Oven & BBQ Cleaner Everyday 750mL,$5.95,$0.79/100mL,"https://cdn.metcash.media/image/upload/f_auto,c_limit,w_300,q_auto/igashop/images/571247"
Duck Protection Plus Toilet Cleaner Liquid Refill Aqua Burst 2 Pack,$6.40,$3.20 each,"https://cdn.metcash.media/image/upload/f_auto,c_limit,w_300,q_auto/igashop/images/30534"
Colgate Zig Zag Deep Interdental Clean Toothbrush Medium Adult,$3.35,N/A,"https://cdn.metcash.media/image/upload/f_auto,c_limit,w_300,q_auto/igashop/images/644197"
San Remo Penne Pasta No 18 750g,$3.60,$0.48/100g,"https://cdn.metcash.media/image/upload/f_auto,c_limit,w_300,q_auto/igashop/images/5296"
Kinder Surprise Chocolate Egg Pink 20g,$2.80,$14.00/100g,"https://cdn.metcash.media/image/upload/f_auto,c_limit,w_300,q_auto/igashop/images/739104"
Schar Gluten Free Digestive Choc Biscuits 150g,$10.50,$7.00/100g,"https://cdn.metcash.media/image/upload/f_auto,c_limit,w_300,q_auto/igashop/images/20000000139"
Mainland Pure New Zealand Salted Butter 125g,$3.60,$2.88/100g,"https://cdn.metcash.media/image/upload/f_auto,c_limit,w_300,q_auto/igashop/images/534067"
Gourmet Garden Lightly Dried Basil 10g,$4.50,$45.00/100g,https://www.igashop.com.au/static/default-product-image.png
GARNIER Fructis Coconut Water Shampoo Shampoo 315mL,$4.00,$1.27/100mL,"https://cdn.metcash.media/image/upload/f_auto,c_limit,w_300,q_auto/igashop/images/271818"
Baker's Oven Muffins English 6 Pack,$2.90,$0.48 each,"https://cdn.metcash.media/image/upload/f_auto,c_limit,w_300,q_auto/igashop/images/20000003555"
My Muscle Chef Chipotle Chicken Burrito Bowl 450g,$11.95,$2.66/100g,"https://cdn.metcash.media/image/upload/f_auto,c_limit,w_300,q_auto/igashop/images/495470"
Wonder Gluten Free Vitamins & Minerals White 470g,$7.00,$1.49/100g,"https://cdn.metcash.media/image/upload/f_auto,c_limit,w_300,q_auto/igashop/images/912105"
True Thai Yellow Curry Paste 240g,$4.60,$1.92/100g,"https://cdn.metcash.media/image/upload/f_auto,c_limit,w_300,q_auto/igashop/images/160000012613"
Optimum Cat Furball Chicken 1.4kg,$20.40,$14.57/kg,"https://cdn.metcash.media/image/upload/f_auto,c_limit,w_300,q_auto/igashop/images/1800000068693"
Liddells Lactose Free Chocolate Milk 3 Pack,$5.15,$1.72 each,"https://cdn.metcash.media/image/upload/f_auto,c_limit,w_300,q_auto/igashop/images/651720"
Norsca Rosewater And Australian Thyme Anti-Perspirant Deodorant 130g,$8.50,$6.54/100g,https://www.igashop.com.au/static/default-product-image.png
Dove Invisible Dry Antiperspirant Roll On White Freesia And Violet Flwer 50mL,$5.00,$10.00/100mL,"https://cdn.metcash.media/image/upload/f_auto,c_limit,w_300,q_auto/igashop/images/324828"
Raid Multi Insect Killer Max 300g,$11.00,$3.67/100g,"https://cdn.metcash.media/image/upload/f_auto,c_limit,w_300,q_auto/igashop/images/851278"
Big Lou's Donuts Fairy Bread Jam Filled 200g,$7.10,$3.55/100g,https://www.igashop.com.au/static/default-product-image.png
Monster Energy Drink Ultra Zero 500mL,$4.45,$0.89/100mL,"https://cdn.metcash.media/image/upload/f_auto,c_limit,w_300,q_auto/igashop/images/644621_1"
Manicare Flawless Complexion Sponge,$9.95,N/A,"https://cdn.metcash.media/image/upload/f_auto,c_limit,w_300,q_auto/igashop/images/160000002595"
Black & Gold Air Fresh Lavender 200g,$3.00,$1.50/100g,"https://cdn.metcash.media/image/upload/f_auto,c_limit,w_300,q_auto/igashop/images/86802"
Four Seasons Naked Classic Condoms 12 Pack,$6.30,$0.52 each,"https://cdn.metcash.media/image/upload/f_auto,c_limit,w_300,q_auto/igashop/images/640711"
Edgell Corn Kernels No Added Salt 420g,$1.95,$0.46/100g,"https://cdn.metcash.media/image/upload/f_auto,c_limit,w_300,q_auto/igashop/images/440991"
Wrigley's Hubba Bubba Seriously Strawberry 5 Pack,$1.55,$0.31 each,"https://cdn.metcash.media/image/upload/f_auto,c_limit,w_300,q_auto/igashop/images/20000000980"
Birds Eye Southern Blue Whiting Original Crumb 425g,$12.50,$2.94/100g,"https://cdn.metcash.media/image/upload/f_auto,c_limit,w_300,q_auto/igashop/images/112072"
Chobani No Sugar Added Greek Yogurt Blueberry 680g,$5.40,$0.79/100g,"https://cdn.metcash.media/image/upload/f_auto,c_limit,w_300,q_auto/igashop/images/180000006426"
Huggies Ultra Dry Nappies Girl Size 6 (16kg+) 14 Pack,$13.00,$0.93 each,"https://cdn.metcash.media/image/upload/f_auto,c_limit,w_300,q_auto/igashop/images/592921"
Arnott's Shapes Snacks Spicy Fried Chicken 165g,$3.00,$1.82/100g,"https://cdn.metcash.media/image/upload/f_auto,c_limit,w_300,q_auto/igashop/images/1800000068067"
Libra Invisible Pads Extra Long with Wings 10 Pack,$7.30,$0.73 each,"https://cdn.metcash.media/image/upload/f_auto,c_limit,w_300,q_auto/igashop/images/608206"
Barossa Fine Foods Lamb & Fetta Sausages 500g,$9.95,$1.99/100g,"https://cdn.metcash.media/image/upload/f_auto,c_limit,w_300,q_auto/igashop/images/20000006893"
Old El Paso Mexican Mild Nachos Topping 390g,$6.00,$1.54/100g,"https://cdn.metcash.media/image/upload/f_auto,c_limit,w_300,q_auto/igashop/images/603418"
Continental Classics Potato Cheesy 110g,$3.90,$3.55/100g,"https://cdn.metcash.media/image/upload/f_auto,c_limit,w_300,q_auto/igashop/images/295249"
No Vac Foam Carpet Sanitiser & Deodoriser Fresh Pet 290g,$3.90,$1.34/100g,"https://cdn.metcash.media/image/upload/f_auto,c_limit,w_300,q_auto/igashop/images/79452"
Cadbury Dairy Milk More With Mixed Roast Nuts Chocolate Block 165g,$6.00,$3.64/100g,"https://cdn.metcash.media/image/upload/f_auto,c_limit,w_300,q_auto/igashop/images/547358"
My Muscle Chef Protein Oat Slice Chocolate & Almond 90g,$5.95,$6.61/100g,"https://cdn.metcash.media/image/upload/f_auto,c_limit,w_300,q_auto/igashop/images/20000006939"
Vanish NapiSan Gold Pro Oxi Action Crystal White Stain Remover Powder 2kg,$24.95,$12.48/kg,"https://cdn.metcash.media/image/upload/f_auto,c_limit,w_300,q_auto/igashop/images/613997"
Epsom Salts 375g,$3.95,$1.05/100g,"https://cdn.metcash.media/image/upload/f_auto,c_limit,w_300,q_auto/igashop/images/361121"
Stevia Sweet Sachets 50 Pack,$5.80,$0.12 each,"https://cdn.metcash.media/image/upload/f_auto,c_limit,w_300,q_auto/igashop/images/9473"
Heinz Spaghetti Tomato Sauce 535g,$3.00,$0.56/100g,"https://cdn.metcash.media/image/upload/f_auto,c_limit,w_300,q_auto/igashop/images/749353"
Optimum Puppy Dry Dog Food With Chicken 7kg,$38.00,$5.43/kg,"https://cdn.metcash.media/image/upload/f_auto,c_limit,w_300,q_auto/igashop/images/27507_1"
Mighty Soft Thick Sliced White Bread 650g,$4.10,$0.63/100g,"https://cdn.metcash.media/image/upload/f_auto,c_limit,w_300,q_auto/igashop/images/860361"
Chris' Tzatziki Dip 200g,$4.75,$2.38/100g,"https://cdn.metcash.media/image/upload/f_auto,c_limit,w_300,q_auto/igashop/images/153696"
DON Salami Sliced Pepperoni 100g,$5.70,$5.70/100g,"https://cdn.metcash.media/image/upload/f_auto,c_limit,w_300,q_auto/igashop/images/159969"
Prinetti Professional Hair Dryer 2000W,$15.00,N/A,"https://cdn.metcash.media/image/upload/f_auto,c_limit,w_300,q_auto/igashop/images/657048"
Poppin Microwave Popcorn Sea Salt 100g,$2.00,$2.00/100g,"https://cdn.metcash.media/image/upload/f_auto,c_limit,w_300,q_auto/igashop/images/771384"
Youfoodz Triple Chocolate Cookie 60g,$3.95,$6.58/100g,"https://cdn.metcash.media/image/upload/f_auto,c_limit,w_300,q_auto/igashop/images/565864"
4 Hunters Biltong Barbecue 100g,$10.00,$10.00/100g,"https://cdn.metcash.media/image/upload/f_auto,c_limit,w_300,q_auto/igashop/images/20000003722"
The Natural Confectionery Co. Gummy Bears Lollies 180g,$5.00,$2.78/100g,"https://cdn.metcash.media/image/upload/f_auto,c_limit,w_300,q_auto/igashop/images/1800000068407"
Hans Strassburg 375g,$5.00,$1.33/100g,"https://cdn.metcash.media/image/upload/f_auto,c_limit,w_300,q_auto/igashop/images/679626"
True Foods Bread Naan Garlic 2 Pack,$4.00,$2.00 each,"https://cdn.metcash.media/image/upload/f_auto,c_limit,w_300,q_auto/igashop/images/751389"
BabyLove Cosifit Nappies Size 3 72 Pack,$28.00,$0.39 each,"https://cdn.metcash.media/image/upload/f_auto,c_limit,w_300,q_auto/igashop/images/180000006631"
Lipton Teabag English Breakfast 200g,$7.00,$3.50/100g,https://www.igashop.com.au/static/default-product-image.png
Listerine Zero Clean Mint Mouthwash 500mL,$6.50,$1.30/100mL,"https://cdn.metcash.media/image/upload/f_auto,c_limit,w_300,q_auto/igashop/images/87214"
Hellmann's Mayonnaise Real 235g,$6.00,$2.55/100g,"https://cdn.metcash.media/image/upload/f_auto,c_limit,w_300,q_auto/igashop/images/342685"
Black & Gold Lemon Juice 250mL,$1.00,$0.40/100mL,"https://cdn.metcash.media/image/upload/f_auto,c_limit,w_300,q_auto/igashop/images/628086"
Maleny Dairies Blue Full Cream Milk 2L,$5.80,$2.90/1L,"https://cdn.metcash.media/image/upload/f_auto,c_limit,w_300,q_auto/igashop/images/190000003857"
Elastoplast Weight Crepe Bandage Unstretched Medium 7.5cm x 1.6m,$8.65,N/A,"https://cdn.metcash.media/image/upload/f_auto,c_limit,w_300,q_auto/igashop/images/392172"
Chicken Tonight Simmer Sauce Creamy Mushroom 475g,$3.50,$0.74/100g,"https://cdn.metcash.media/image/upload/f_auto,c_limit,w_300,q_auto/igashop/images/88626"
The Cobbler Company Quick Dry Foam Cleaner 139g,$12.60,$9.06/100g,https://www.igashop.com.au/static/default-product-image.png
Wildly Good Burger Original Veggie 250g,$6.00,$2.40/100g,"https://cdn.metcash.media/image/upload/f_auto,c_limit,w_300,q_auto/igashop/images/190000002128"
Dolmio Classic Tomato with Basil Pasta Sauce 500g,$2.50,$0.50/100g,"https://cdn.metcash.media/image/upload/f_auto,c_limit,w_300,q_auto/igashop/images/390078"
Global Seafoods Prawn Cutlets Crumbed 500g,$14.95,$2.99/100g,"https://cdn.metcash.media/image/upload/f_auto,c_limit,w_300,q_auto/igashop/images/20000000691"
Finish Quantum Auto Dishwash Tablets Lemon 65 Pack,$30.00,$0.46 each,"https://cdn.metcash.media/image/upload/f_auto,c_limit,w_300,q_auto/igashop/images/1800000068969"
Schick Hydro Razor 5 Kit,$16.30,N/A,"https://cdn.metcash.media/image/upload/f_auto,c_limit,w_300,q_auto/igashop/images/594949"
My Dog Dry Dog Food Chicken Supreme Meaty Loaf 24 Pack,$28.00,$1.17 each,"https://cdn.metcash.media/image/upload/f_auto,c_limit,w_300,q_auto/igashop/images/945501"
Australia's Own Chocolate Flavoured Kids Milk 6 Pack,$6.20,$1.03 each,"https://cdn.metcash.media/image/upload/f_auto,c_limit,w_300,q_auto/igashop/images/20000006962"
BIC Child Guard Lighter 3 Pack,$7.00,$2.33 each,"https://cdn.metcash.media/image/upload/f_auto,c_limit,w_300,q_auto/igashop/images/437621"
Spice & Co Ground Nutmeg 40g,$3.75,$9.38/100g,"https://cdn.metcash.media/image/upload/f_auto,c_limit,w_300,q_auto/igashop/images/190000002412"
Masterfoods Rosemary Leaves 18g,$3.50,$19.44/100g,https://www.igashop.com.au/static/default-product-image.png
Birds Eye Steam Fresh Baby Potatoes With Broccoli Carrots Peas & Herbs 400g,$6.50,$1.63/100g,"https://cdn.metcash.media/image/upload/f_auto,c_limit,w_300,q_auto/igashop/images/302643"
Lavazza Aluminium Espresso Intenso 10 Pack,$5.50,$0.55 each,"https://cdn.metcash.media/image/upload/f_auto,c_limit,w_300,q_auto/igashop/images/614029"
Health Lab Cookies 'N' Creme Custard Filled Ball 40g,$3.70,$9.25/100g,"https://cdn.metcash.media/image/upload/f_auto,c_limit,w_300,q_auto/igashop/images/150000008074"
Leda Choulence Biscuits 180g,$5.60,$3.11/100g,"https://cdn.metcash.media/image/upload/f_auto,c_limit,w_300,q_auto/igashop/images/160000017851"
Beerenberg Seafood Sauce 150mL,$5.50,$3.67/100mL,"https://cdn.metcash.media/image/upload/f_auto,c_limit,w_300,q_auto/igashop/images/887716"
Community Co Organic Coconut Oil 1L,$15.50,$15.50/1L,"https://cdn.metcash.media/image/upload/f_auto,c_limit,w_300,q_auto/igashop/images/717500"
Vittoria Freeze Dried Decaf Coffee Instant 100g,$13.70,$13.70/100g,"https://cdn.metcash.media/image/upload/f_auto,c_limit,w_300,q_auto/igashop/images/1800000067912"
CocoCoast Natural Coconut Water 500mL,$2.50,$0.50/100mL,"https://cdn.metcash.media/image/upload/f_auto,c_limit,w_300,q_auto/igashop/images/190000003932"
Nair Soft Natural Wax Mini Strips 20 Pack,$12.30,$0.62 each,"https://cdn.metcash.media/image/upload/f_auto,c_limit,w_300,q_auto/igashop/images/160000001342"
Out & About Free Range Eggs Jumbo 800g,$10.95,$1.37/100g,"https://cdn.metcash.media/image/upload/f_auto,c_limit,w_300,q_auto/igashop/images/190000009804"
Naturli Minced 100% Plant Based 400g,$12.99,$3.25/100g,"https://cdn.metcash.media/image/upload/f_auto,c_limit,w_300,q_auto/igashop/images/20000000273"
Fountain Steak Sauce 250mL,$2.75,$1.10/100mL,"https://cdn.metcash.media/image/upload/f_auto,c_limit,w_300,q_auto/igashop/images/36784"
Pastrami 1kg,Final cost based on weight,$34.00/$34.00,"https://cdn.metcash.media/image/upload/f_auto,c_limit,w_300,q_auto/igashop/images/80072090"
Kettle Ridge Cut Potato Chips Fried Chicken 165g,$3.00,$1.82/100g,"https://cdn.metcash.media/image/upload/f_auto,c_limit,w_300,q_auto/igashop/images/1800000067654"
Ouma Rusks Buttermilk 500g,$6.49,$1.30/100g,https://www.igashop.com.au/static/default-product-image.png
Baker's Oven Sliced White Bread 700g,$3.60,$0.51/100g,"https://cdn.metcash.media/image/upload/f_auto,c_limit,w_300,q_auto/igashop/images/190000004745"
Connoisseur Ice Cream Mint Choc Cookie 4 Pack,$12.00,$3.00 each,"https://cdn.metcash.media/image/upload/f_auto,c_limit,w_300,q_auto/igashop/images/411926"
Dine Classic Collection In Gravy & In Jelly Mixed Selection 12 Pack,$16.00,$1.33 each,"https://cdn.metcash.media/image/upload/f_auto,c_limit,w_300,q_auto/igashop/images/534588"
Cenovis Centrum Chewable Immune + Energy Tablets 60 Pack,$14.50,$0.24 each,https://www.igashop.com.au/static/default-product-image.png
Community Co LSA 250g,$3.55,$1.42/100g,"https://cdn.metcash.media/image/upload/f_auto,c_limit,w_300,q_auto/igashop/images/799125"
DON Cabanossi 200g,$5.20,$2.60/100g,"https://cdn.metcash.media/image/upload/f_auto,c_limit,w_300,q_auto/igashop/images/159870"
Patak's Korma Curry Simmer Sauce Sauce 450g,$5.50,$1.22/100g,"https://cdn.metcash.media/image/upload/f_auto,c_limit,w_300,q_auto/igashop/images/160000013754"
Masterfoods Mixed Herb 13g,$3.50,$26.92/100g,"https://cdn.metcash.media/image/upload/f_auto,c_limit,w_300,q_auto/igashop/images/180000005705"
Poise Pads Extra Plus 20 Pack,$13.00,$0.65 each,"https://cdn.metcash.media/image/upload/f_auto,c_limit,w_300,q_auto/igashop/images/971280"
Sunbites Grain Waves Cheddar Wholegrain Chips 170g,$3.75,$2.21/100g,"https://cdn.metcash.media/image/upload/f_auto,c_limit,w_300,q_auto/igashop/images/505571"
Yumi's Aioli Chilli & Lime 200g,$3.70,$1.85/100g,"https://cdn.metcash.media/image/upload/f_auto,c_limit,w_300,q_auto/igashop/images/965522"
Raid Insect Spray Ant Killer 375g,$10.50,$2.80/100g,"https://cdn.metcash.media/image/upload/f_auto,c_limit,w_300,q_auto/igashop/images/406976"
Cleaver's Organic Beef Mini Meatballs 400g,$12.50,$3.13/100g,"https://cdn.metcash.media/image/upload/f_auto,c_limit,w_300,q_auto/igashop/images/920815"
Bega Farmer's Tasty Cheese Family Value Pack 1kg,$16.45,$16.45/kg,"https://cdn.metcash.media/image/upload/f_auto,c_limit,w_300,q_auto/igashop/images/101238"
Arnott's Biscuit Orange Slice 250g,$2.80,$1.12/100g,"https://cdn.metcash.media/image/upload/f_auto,c_limit,w_300,q_auto/igashop/images/366456"
Palmolive Naturals Liquid Hand Wash Soap Aloe Vera & Chamomile with Moisturising Milk Refill & Save Recyclable 500mL,$4.50,$0.90/100mL,"https://cdn.metcash.media/image/upload/f_auto,c_limit,w_300,q_auto/igashop/images/358233"
Bostik Super Glue 2 Pack,$5.90,$2.95 each,"https://cdn.metcash.media/image/upload/f_auto,c_limit,w_300,q_auto/igashop/images/867884"
Birds Eye Snap Frozen Winter Vegetables 1kg,$6.50,$6.50/kg,"https://cdn.metcash.media/image/upload/f_auto,c_limit,w_300,q_auto/igashop/images/478371"
McCain Roast Chicken Frozen Meal 320g,$7.50,$2.34/100g,"https://cdn.metcash.media/image/upload/f_auto,c_limit,w_300,q_auto/igashop/images/102666"
The Happy Muffin Co Chocolate Chip 4 Pack,$4.50,$1.13 each,"https://cdn.metcash.media/image/upload/f_auto,c_limit,w_300,q_auto/igashop/images/20000004025"
Arnott's Venetians Fancy 200g,$2.80,$1.40/100g,"https://cdn.metcash.media/image/upload/f_auto,c_limit,w_300,q_auto/igashop/images/372716"
Black & Gold Biscuits Family Assorted 500g,$4.25,$0.85/100g,"https://cdn.metcash.media/image/upload/f_auto,c_limit,w_300,q_auto/igashop/images/345060"
Oral-B Gum Care & Enamel Restore Toothpaste Smooth Mint 110g,$10.00,$9.09/100g,"https://cdn.metcash.media/image/upload/f_auto,c_limit,w_300,q_auto/igashop/images/812180"
Black & Gold Parrot Mix 2kg,$4.40,$2.20/kg,"https://cdn.metcash.media/image/upload/f_auto,c_limit,w_300,q_auto/igashop/images/365057"
Bertolli Five Brothers Pasta Sauce Provvista Sugo Classica 700g,$4.00,$0.57/100g,"https://cdn.metcash.media/image/upload/f_auto,c_limit,w_300,q_auto/igashop/images/150000007524"
Cadbury Old Gold Dark Chocolate Old Jamaica Rum N Raisin 180g,$4.00,$2.22/100g,"https://cdn.metcash.media/image/upload/f_auto,c_limit,w_300,q_auto/igashop/images/462419"
Cadbury Caramilk Easter Giftbox 153g,$13.75,$8.99/100g,"https://cdn.metcash.media/image/upload/f_auto,c_limit,w_300,q_auto/igashop/images/354747"
Ferrero Rondnoir 138g,$16.00,$11.59/100g,https://www.igashop.com.au/static/default-product-image.png
Vitasoy Soy Milky Lite Uht 1L,$2.00,$2.00/1L,"https://cdn.metcash.media/image/upload/f_auto,c_limit,w_300,q_auto/igashop/images/75851"
Medix Pain Relief Extra (Para + Caffeine) 16 Pack,$6.45,$0.40 each,https://www.igashop.com.au/static/default-product-image.png
Norsca Instant Adrenaline Anti-Perspirant Deodorant 130g,$8.50,$6.54/100g,"https://cdn.metcash.media/image/upload/f_auto,c_limit,w_300,q_auto/igashop/images/316286"
Hellmann's Mayonnaise Truffle Squeeze 251g,$3.00,$1.20/100g,https://www.igashop.com.au/static/default-product-image.png
Tamar Valley Dairy Strawberries & Cream Yoghurt 700g,$7.20,$1.03/100g,"https://cdn.metcash.media/image/upload/f_auto,c_limit,w_300,q_auto/igashop/images/160000014092"
Always Fresh Asparagus Crisp Marinated 340g,$5.60,$1.65/100g,"https://cdn.metcash.media/image/upload/f_auto,c_limit,w_300,q_auto/igashop/images/449165"
Aeroplane Jelly Original Port Wine 85g,$1.80,$2.12/100g,"https://cdn.metcash.media/image/upload/f_auto,c_limit,w_300,q_auto/igashop/images/180000000147"
Ajitas Vege Chips Natural 100g,$5.95,$5.95/100g,"https://cdn.metcash.media/image/upload/f_auto,c_limit,w_300,q_auto/igashop/images/492906"
Lynx Antiperspirant Aerosol Copper Santal 150mL,$10.00,$6.67/100mL,"https://cdn.metcash.media/image/upload/f_auto,c_limit,w_300,q_auto/igashop/images/659684"
Vicks Vapo Drops & Immune Support Orange 16 Pack,$6.65,$0.42 each,"https://cdn.metcash.media/image/upload/f_auto,c_limit,w_300,q_auto/igashop/images/616801"
Hrvst St Endless Summer 1L,$10.99,$10.99/1L,"https://cdn.metcash.media/image/upload/f_auto,c_limit,w_300,q_auto/igashop/images/20000006231"
Mount Franklin Lightly Sparkling Water Lemon Bottle 1.25L,$3.25,$2.60/1L,"https://cdn.metcash.media/image/upload/f_auto,c_limit,w_300,q_auto/igashop/images/30589_1"
Bakers Oven Vanilla Sponge Cake 455g,$6.10,$1.34/100g,"https://cdn.metcash.media/image/upload/f_auto,c_limit,w_300,q_auto/igashop/images/180000004335"
Fresh Fodder Taramosalata 200g,$5.95,$2.98/100g,"https://cdn.metcash.media/image/upload/f_auto,c_limit,w_300,q_auto/igashop/images/190000004236"
Kellogg's Rice Bubbles 250g,$5.40,$2.16/100g,"https://cdn.metcash.media/image/upload/f_auto,c_limit,w_300,q_auto/igashop/images/99397"
KB'S Atlantic Salmon 500g,$19.95,$3.99/100g,"https://cdn.metcash.media/image/upload/f_auto,c_limit,w_300,q_auto/igashop/images/20000004945"
Continental Stock Pot Chicken 224g,$5.75,$2.57/100g,"https://cdn.metcash.media/image/upload/f_auto,c_limit,w_300,q_auto/igashop/images/172048"
Starbucks Blonde Roast Coffee Nespresso Compatible Capsules 36 Pack,$23.00,$0.64 each,"https://cdn.metcash.media/image/upload/f_auto,c_limit,w_300,q_auto/igashop/images/227759"
Ajax Luxe Home Vanilla Wipes 110 Pack,$5.50,$0.05 each,"https://cdn.metcash.media/image/upload/f_auto,c_limit,w_300,q_auto/igashop/images/237767"
Stayfree Super with Wings 18 Pack,$3.50,$0.19 each,"https://cdn.metcash.media/image/upload/f_auto,c_limit,w_300,q_auto/igashop/images/313589"
Maxiblock Kinder Sunscreen SPF 50+ 100mL,$9.65,$9.65/100mL,"https://cdn.metcash.media/image/upload/f_auto,c_limit,w_300,q_auto/igashop/images/759227"
Community Co Asian Salad Kit 250g,$5.30,$2.12/100g,"https://cdn.metcash.media/image/upload/f_auto,c_limit,w_300,q_auto/igashop/images/422139"
Pepsi Cola Soft Drink 12 Pack,$16.50,$1.37 each,https://www.igashop.com.au/static/default-product-image.png
Rexona Women Antiperspirant Deodorant Clinical Shower Clean 45mL,$7.00,$15.56/100mL,"https://cdn.metcash.media/image/upload/f_auto,c_limit,w_300,q_auto/igashop/images/139812"
Cadbury Mint Bubbly Bunny 192g,$10.00,$5.21/100g,"https://cdn.metcash.media/image/upload/f_auto,c_limit,w_300,q_auto/igashop/images/351715"
Energizer Lithium E2 AAA 2 Pack,$12.85,$6.43 each,"https://cdn.metcash.media/image/upload/f_auto,c_limit,w_300,q_auto/igashop/images/266779"
Ayam Hawker Mee Goreng 205g,$4.00,$1.95/100g,"https://cdn.metcash.media/image/upload/f_auto,c_limit,w_300,q_auto/igashop/images/8151"
Norco Double Shot Real Iced Coffee 750mL,$4.10,$0.55/100mL,"https://cdn.metcash.media/image/upload/f_auto,c_limit,w_300,q_auto/igashop/images/190000003935"
Dove Women Clinical Roll On Fresh Touch 50mL,$8.00,$16.00/100mL,"https://cdn.metcash.media/image/upload/f_auto,c_limit,w_300,q_auto/igashop/images/240626"
Snickers Chocolate Bar 44g,$1.50,$3.41/100g,"https://cdn.metcash.media/image/upload/f_auto,c_limit,w_300,q_auto/igashop/images/190000011652"
Tek Tooth Brush Medium,$2.25,N/A,"https://cdn.metcash.media/image/upload/f_auto,c_limit,w_300,q_auto/igashop/images/20000001689"
Handee Wipes Multi Purpose Extra Large 25 Pack,$4.15,$0.17 each,"https://cdn.metcash.media/image/upload/f_auto,c_limit,w_300,q_auto/igashop/images/691071"
Tabasco Pepper Sauce 150mL,$8.40,$5.60/100mL,"https://cdn.metcash.media/image/upload/f_auto,c_limit,w_300,q_auto/igashop/images/428973"
Botanica By Air Wick Automatic Spray Air Freshener Jasmine & Cinnamon Leaf Refill 224mL,$15.00,$6.70/100mL,"https://cdn.metcash.media/image/upload/f_auto,c_limit,w_300,q_auto/igashop/images/215888"
Philips Hal Mr6 35w D/Lgt 2 Pack,$5.50,$2.75 each,"https://cdn.metcash.media/image/upload/f_auto,c_limit,w_300,q_auto/igashop/images/711855"
First Press Coffee Cold Drip Bottle 500mL,$12.70,$2.54/100mL,"https://cdn.metcash.media/image/upload/f_auto,c_limit,w_300,q_auto/igashop/images/6688"
Alula S-26 Gold Lactose Intolerance Infant Formula 0-12 Months 900g,$28.80,$3.20/100g,"https://cdn.metcash.media/image/upload/f_auto,c_limit,w_300,q_auto/igashop/images/150000007693"
Nestle Aero Chocolate Strawberry Block 118g,$7.50,$6.36/100g,https://www.igashop.com.au/static/default-product-image.png
Trident Rice Vermicelli 125g,$2.18,$1.74/100g,https://www.igashop.com.au/static/default-product-image.png
Kez's Kitchen Gluten Free Vienna Eclairs 190g,$7.90,$4.16/100g,"https://cdn.metcash.media/image/upload/f_auto,c_limit,w_300,q_auto/igashop/images/20000004282"
Paw Paw 450g,Final cost based on weight,$3.38/$7.50,"https://cdn.metcash.media/image/upload/f_auto,c_limit,w_300,q_auto/igashop/images/80060098"
Zafarelli No61 Denti Rigatti 500g,$2.00,$0.40/100g,"https://cdn.metcash.media/image/upload/f_auto,c_limit,w_300,q_auto/igashop/images/331671"
Bret's Au Fromage Du Jura 125g,$8.95,$7.16/100g,"https://cdn.metcash.media/image/upload/f_auto,c_limit,w_300,q_auto/igashop/images/160000013820"
Schar Gluten Free Hamburger Rolls 300g,$11.50,$3.83/100g,"https://cdn.metcash.media/image/upload/f_auto,c_limit,w_300,q_auto/igashop/images/20000001682"
Frisp Minis Multi Pack - Mixed Berries 35g,$6.95,$19.86/100g,"https://cdn.metcash.media/image/upload/f_auto,c_limit,w_300,q_auto/igashop/images/180000005995"
Schick Hydro Razor 3 Refill 4 Pack,$13.50,$3.38 each,"https://cdn.metcash.media/image/upload/f_auto,c_limit,w_300,q_auto/igashop/images/595026"
Nestlé NAN Optipro 2 Premium Baby Follow-on Formula Powder From 6 to 12 Months 800g,$29.00,$3.63/100g,"https://cdn.metcash.media/image/upload/f_auto,c_limit,w_300,q_auto/igashop/images/250825"
NIVEA Ultra Beach SPF50+ Sunscreen Spray 200mL,$23.50,$11.75/100mL,"https://cdn.metcash.media/image/upload/f_auto,c_limit,w_300,q_auto/igashop/images/147459"
Safcol Delicatessen Smoked Oysters in Oil 85g,$2.70,$3.18/100g,"https://cdn.metcash.media/image/upload/f_auto,c_limit,w_300,q_auto/igashop/images/361817"
Snowy Dishcloth Bleached,$1.05,N/A,https://www.igashop.com.au/static/default-product-image.png
Country Delight Cake Choc Caramel 500g,$8.30,$1.66/100g,https://www.igashop.com.au/static/default-product-image.png
Smith's Crackers Crispy Chicken 160g,$2.50,$1.56/100g,"https://cdn.metcash.media/image/upload/f_auto,c_limit,w_300,q_auto/igashop/images/1800000068065"
Wiltshire Roast Pan 37cm X 26.5cm,$22.00,N/A,"https://cdn.metcash.media/image/upload/f_auto,c_limit,w_300,q_auto/igashop/images/287717"
Birds Eye Microwave Chips Crinkle 140g,$3.50,$2.50/100g,"https://cdn.metcash.media/image/upload/f_auto,c_limit,w_300,q_auto/igashop/images/930894"
Arnott's Shapes Cheese & Bacon 180g,$4.00,$2.22/100g,"https://cdn.metcash.media/image/upload/f_auto,c_limit,w_300,q_auto/igashop/images/305052"
Black Swan Spring Onion Dip 200g,$3.90,$1.95/100g,"https://cdn.metcash.media/image/upload/f_auto,c_limit,w_300,q_auto/igashop/images/872"
Your's Truly The Keto Bar Lemon Cashew 40g,$4.75,$11.88/100g,https://www.igashop.com.au/static/default-product-image.png
Bakers Oven White Soft Lunch Rolls 6 Pack,$3.00,$0.50 each,"https://cdn.metcash.media/image/upload/f_auto,c_limit,w_300,q_auto/igashop/images/589347"
Starbucks Ristretto Shot Coffee 10 Pack,$6.50,$0.65 each,"https://cdn.metcash.media/image/upload/f_auto,c_limit,w_300,q_auto/igashop/images/1800000067869"
Community Co Aussie Black Chia Seeds 350g,$6.70,$1.91/100g,"https://cdn.metcash.media/image/upload/f_auto,c_limit,w_300,q_auto/igashop/images/799230"
Fab Perfume Indulgence Gold Absolute Liquid Laundry Washing Detergent 1.8L,$9.00,$5.00/1L,"https://cdn.metcash.media/image/upload/f_auto,c_limit,w_300,q_auto/igashop/images/806621"
BIC Soft Feel Retractable Blue 3 Pack,$3.00,$1.00 each,"https://cdn.metcash.media/image/upload/f_auto,c_limit,w_300,q_auto/igashop/images/911719"
Nobby's Pork Crackle Spicy BBQ 25g,$2.00,$8.00/100g,"https://cdn.metcash.media/image/upload/f_auto,c_limit,w_300,q_auto/igashop/images/433740"
Fluffy Fabric Softener Summer Breeze Long Lasting Fragrance 2L,$7.00,$3.50/1L,"https://cdn.metcash.media/image/upload/f_auto,c_limit,w_300,q_auto/igashop/images/97502"
Vittoria Italian Nespresso Compatible Coffee Capsules 10 Pack,$6.00,$0.60 each,"https://cdn.metcash.media/image/upload/f_auto,c_limit,w_300,q_auto/igashop/images/160000014201"
Johnson's Baby Wipes Skincare Fragrance Free 3 Pack,$18.35,$6.12 each,"https://cdn.metcash.media/image/upload/f_auto,c_limit,w_300,q_auto/igashop/images/429115"
Black & Gold Garlic Bread Twin Pack 2 Pack,$2.10,$1.05 each,"https://cdn.metcash.media/image/upload/f_auto,c_limit,w_300,q_auto/igashop/images/20000003214"
Wrigler 5 Gum Stick Chewing Gum Watermelon 3 Pack,$5.50,$1.83 each,"https://cdn.metcash.media/image/upload/f_auto,c_limit,w_300,q_auto/igashop/images/717123"
LifeStyle Bakery Soft Light Pizza Base Gluten Free 300g,$7.15,$2.38/100g,"https://cdn.metcash.media/image/upload/f_auto,c_limit,w_300,q_auto/igashop/images/908570"
Nescafe 98% Sugar Free Latte Sachets 10 Pack,$4.00,$0.40 each,"https://cdn.metcash.media/image/upload/f_auto,c_limit,w_300,q_auto/igashop/images/190000002331"
Ajitas Vege Chips Rice Crackers Cheese 75g,$4.90,$6.53/100g,"https://cdn.metcash.media/image/upload/f_auto,c_limit,w_300,q_auto/igashop/images/190000004838"
Berocca Energy Vitamin B & C Orange Flavour Effervescent Tablets 15 Pack,$5.50,$0.37 each,"https://cdn.metcash.media/image/upload/f_auto,c_limit,w_300,q_auto/igashop/images/545474"
Community Co Microwave Brown Rice & Quinoa 250g,$2.30,$0.92/100g,"https://cdn.metcash.media/image/upload/f_auto,c_limit,w_300,q_auto/igashop/images/936594"
Streets Blue Ribbon Cookies & Cream Ice Cream 2L,$6.50,$3.25/1L,"https://cdn.metcash.media/image/upload/f_auto,c_limit,w_300,q_auto/igashop/images/_103468"
Nutrimate Beef 'n' Rice with Vegetables 3kg,$11.10,$3.70/kg,"https://cdn.metcash.media/image/upload/f_auto,c_limit,w_300,q_auto/igashop/images/281290"
Peckish Rice Crackers Sweet Chilli 90g,$2.10,$2.33/100g,"https://cdn.metcash.media/image/upload/f_auto,c_limit,w_300,q_auto/igashop/images/20000007213"
Lurpak Spreadable Slightly Salted 250g,$6.50,$2.60/100g,"https://cdn.metcash.media/image/upload/f_auto,c_limit,w_300,q_auto/igashop/images/994518"
Sparkle Daily Shower Cleaner 750mL,$5.35,$0.71/100mL,"https://cdn.metcash.media/image/upload/f_auto,c_limit,w_300,q_auto/igashop/images/54041"
Magnum Frozen Dessert Cookie Crunch 4 Pack,$12.00,$3.00 each,"https://cdn.metcash.media/image/upload/f_auto,c_limit,w_300,q_auto/igashop/images/180000005912"
Colgate Plax Alcohol Free Mouthwash Freshmint 250mL,$3.50,$1.40/100mL,"https://cdn.metcash.media/image/upload/f_auto,c_limit,w_300,q_auto/igashop/images/373704"
John West Wild Caught Salmon Bowl Tomato Risoni 170g,$4.20,$2.47/100g,"https://cdn.metcash.media/image/upload/f_auto,c_limit,w_300,q_auto/igashop/images/442260"
Old El Paso Nachos Spice Mix Mild 35g,$3.00,$8.57/100g,"https://cdn.metcash.media/image/upload/f_auto,c_limit,w_300,q_auto/igashop/images/813461"
T2 Tea Bags Party Plants Christmas 20 Pack,$32.95,$1.65 each,https://www.igashop.com.au/static/default-product-image.png
McCain Rustica Pizza Sourdough Salami And Double Smoked Leg Ham 430g,$6.60,$1.53/100g,"https://cdn.metcash.media/image/upload/f_auto,c_limit,w_300,q_auto/igashop/images/288564"
Burger Rings Party Bag 220g,$4.00,$1.82/100g,"https://cdn.metcash.media/image/upload/f_auto,c_limit,w_300,q_auto/igashop/images/781525"
Cheeky Brothers Burrito Shredded Steak Cheddar & Chipotle 245g,$6.50,$2.65/100g,https://www.igashop.com.au/static/default-product-image.png
Kettle Flatbread Crackers Sundried Tomato 150g,$4.75,$3.17/100g,"https://cdn.metcash.media/image/upload/f_auto,c_limit,w_300,q_auto/igashop/images/188269_1"
Bulla Murray St Ice Creamery Vanilla Bean 1L,$12.00,$12.00/1L,"https://cdn.metcash.media/image/upload/f_auto,c_limit,w_300,q_auto/igashop/images/650211"
"Red Rock Deli Roasted Sweet Potato, Smoked Paprika & Cashew Dip 135g",$4.50,$3.33/100g,"https://cdn.metcash.media/image/upload/f_auto,c_limit,w_300,q_auto/igashop/images/419848"
Ziploc Sandwich Bag Extra Large 30 Pack,$2.20,$0.07 each,"https://cdn.metcash.media/image/upload/f_auto,c_limit,w_300,q_auto/igashop/images/649252"
It's Treat Time Chicken Rawhide Twists 100g,$12.00,$12.00/100g,"https://cdn.metcash.media/image/upload/f_auto,c_limit,w_300,q_auto/igashop/images/180000001926"
Heinz Seriously Good Caramelised Onion Aioli 295mL,$5.50,$1.86/100mL,https://www.igashop.com.au/static/default-product-image.png
Gluten Free Bakehouse Muffin Choc Chip 2 Pack,$11.50,$5.75 each,https://www.igashop.com.au/static/default-product-image.png
I&J The Finest Frozen Basa Fillets 1kg,$9.25,$9.25/kg,"https://cdn.metcash.media/image/upload/f_auto,c_limit,w_300,q_auto/igashop/images/833063"
Tamar Valley Dairy Kids Greek Yoghurt Pouch Tropical 110g,$2.50,$2.27/100g,"https://cdn.metcash.media/image/upload/f_auto,c_limit,w_300,q_auto/igashop/images/663162"
My Muscle Chef Protein Muffin Double Choc 90g,$5.95,$6.61/100g,"https://cdn.metcash.media/image/upload/f_auto,c_limit,w_300,q_auto/igashop/images/400310"
Jack Hammer KN95 Face Masks 3 Pack,$9.10,$3.03 each,"https://cdn.metcash.media/image/upload/f_auto,c_limit,w_300,q_auto/igashop/images/979034"
Veet Expert Hair Removal Cold Wax Strips Legs & Body 20 Pack,$11.50,$0.58 each,"https://cdn.metcash.media/image/upload/f_auto,c_limit,w_300,q_auto/igashop/images/292123"
Allen's Chew Mix Hang Bags 335g,$5.50,$1.64/100g,"https://cdn.metcash.media/image/upload/f_auto,c_limit,w_300,q_auto/igashop/images/659299"
Easy-Off Fume Free Oven Cleaner 325g,$5.50,$1.69/100g,"https://cdn.metcash.media/image/upload/f_auto,c_limit,w_300,q_auto/igashop/images/23579"
KR Castlemaine Cocktail Frankfurts Skin On 2 Pack,$9.50,$4.75 each,https://www.igashop.com.au/static/default-product-image.png
Edam Cheese 1kg,Final cost based on weight,$44.95/$44.95,"https://cdn.metcash.media/image/upload/f_auto,c_limit,w_300,q_auto/igashop/images/80072140"
Summer Snow Pink Lady & Raspberry Sparkling Juice 750mL,$6.50,$0.87/100mL,"https://cdn.metcash.media/image/upload/f_auto,c_limit,w_300,q_auto/igashop/images/20000005968"
Cadbury Bournville Cocoa 250g,$7.15,$2.86/100g,"https://cdn.metcash.media/image/upload/f_auto,c_limit,w_300,q_auto/igashop/images/10102"
Schweppes Cordial Raspberry 750mL,$4.00,$0.53/100mL,"https://cdn.metcash.media/image/upload/f_auto,c_limit,w_300,q_auto/igashop/images/190000004834"
Nestle Melts Baking Chocolate Milk 225g,$6.00,$2.67/100g,"https://cdn.metcash.media/image/upload/f_auto,c_limit,w_300,q_auto/igashop/images/1800000067735"
Wet Ones Be Gentle Moist Wipes 15 Pack,$2.20,$0.15 each,"https://cdn.metcash.media/image/upload/f_auto,c_limit,w_300,q_auto/igashop/images/316464"
Silverbeet Bunch,$5.50,N/A,"https://cdn.metcash.media/image/upload/f_auto,c_limit,w_300,q_auto/igashop/images/80050067"
Farex Breakfast On The Go Apple & Oatmeal 6+ Months 120g,$1.70,$1.42/100g,"https://cdn.metcash.media/image/upload/f_auto,c_limit,w_300,q_auto/igashop/images/341443"
First Press 10-Shot Dairy Iced Coffee 1L,$9.95,$9.95/1L,https://www.igashop.com.au/static/default-product-image.png
Australian Organic Food Co. Chickpea & Vegetable Soup 330g,$3.70,$1.12/100g,"https://cdn.metcash.media/image/upload/f_auto,c_limit,w_300,q_auto/igashop/images/164362"
NIVEA MEN Cool Kick Anti-Perspirant Aerosol 250mL,$4.25,$1.70/100mL,"https://cdn.metcash.media/image/upload/f_auto,c_limit,w_300,q_auto/igashop/images/381689"
McCain Ultra Thin Pizza Margherita 300g,$9.00,$3.00/100g,"https://cdn.metcash.media/image/upload/f_auto,c_limit,w_300,q_auto/igashop/images/507002"
Cadbury Big Twirl 43g,$3.00,$6.98/100g,"https://cdn.metcash.media/image/upload/f_auto,c_limit,w_300,q_auto/igashop/images/180000005347"
Coca-Cola Classic Soft Drink Bottle 600mL,$4.00,$0.67/100mL,"https://cdn.metcash.media/image/upload/f_auto,c_limit,w_300,q_auto/igashop/images/9300675009829_0"
Oakwood Everyday Wood Care Furniture Wipes 170mm x 300mm 20 Pack,$5.55,$0.28 each,"https://cdn.metcash.media/image/upload/f_auto,c_limit,w_300,q_auto/igashop/images/630981"
Cadbury Easter Selections Easter Egg Bag 650g,$20.00,$3.08/100g,"https://cdn.metcash.media/image/upload/f_auto,c_limit,w_300,q_auto/igashop/images/190000009680"
Dairy Farmers Protein Smoothie Mix Berry 400mL,$2.95,$0.74/100mL,"https://cdn.metcash.media/image/upload/f_auto,c_limit,w_300,q_auto/igashop/images/180000006399"
Don Donskis Pork Crackle Sea Salt 50g,$3.10,$6.20/100g,"https://cdn.metcash.media/image/upload/f_auto,c_limit,w_300,q_auto/igashop/images/20000001878"
Bakers Collection Rum & Raisin Kisses 200g,$2.00,$1.00/100g,https://www.igashop.com.au/static/default-product-image.png
S-26 Alula Gold AR Infant Formula 900g,$32.00,$3.56/100g,"https://cdn.metcash.media/image/upload/f_auto,c_limit,w_300,q_auto/igashop/images/933541"
Chupa Chups Party Multi-Pack Ice Blocks 30 Pack,$14.00,$0.47 each,"https://cdn.metcash.media/image/upload/f_auto,c_limit,w_300,q_auto/igashop/images/307622"
Ultimates Indulge Chicken Mince In Gravy Tray 6 Pack,$8.20,$1.37 each,https://www.igashop.com.au/static/default-product-image.png
Dare Iced Coffee Double Espresso Lactose Free 500mL,$3.60,$7.20/1L,"https://cdn.metcash.media/image/upload/f_auto,c_limit,w_300,q_auto/igashop/images/219968"
Nestlé Immune Plus Lozenges 3 Pack,$6.50,$2.17 each,"https://cdn.metcash.media/image/upload/f_auto,c_limit,w_300,q_auto/igashop/images/791326"
Finish Concentrated Powder Classic Original 1kg,$15.00,$15.00/kg,"https://cdn.metcash.media/image/upload/f_auto,c_limit,w_300,q_auto/igashop/images/313929"
Community Co Traditional Hot Cross Buns 6 Pack,$5.50,$0.92 each,"https://cdn.metcash.media/image/upload/f_auto,c_limit,w_300,q_auto/igashop/images/54232"
VitaPet Fish Food Goldfish Flake Plus 36g,$9.50,$26.39/100g,"https://cdn.metcash.media/image/upload/f_auto,c_limit,w_300,q_auto/igashop/images/230736"
Swisspers 3 In 1 Cleanser Infused Pad Aloe Vera 60 Pack,$6.75,$0.11 each,"https://cdn.metcash.media/image/upload/f_auto,c_limit,w_300,q_auto/igashop/images/371228"
Babushka's Kefir Natural Yoghurt 1kg,$7.15,$7.15/kg,"https://cdn.metcash.media/image/upload/f_auto,c_limit,w_300,q_auto/igashop/images/180826"
Griffin's Malt Biscuits 250g,$3.80,$1.52/100g,"https://cdn.metcash.media/image/upload/f_auto,c_limit,w_300,q_auto/igashop/images/738933"
Green's Vanilla Mud Cake Mix 600g,$5.50,$0.92/100g,"https://cdn.metcash.media/image/upload/f_auto,c_limit,w_300,q_auto/igashop/images/774031"
Luv-A-Duck Peking Duck Pancake Kit 560g,$18.00,$3.21/100g,"https://cdn.metcash.media/image/upload/f_auto,c_limit,w_300,q_auto/igashop/images/860345"
Libra Invisible Sport Pads Super with Wings 12 Pack,$5.90,$0.49 each,"https://cdn.metcash.media/image/upload/f_auto,c_limit,w_300,q_auto/igashop/images/496219"
Chobani Yoghurt Pots Blueberry 170g,$2.60,$1.53/100g,"https://cdn.metcash.media/image/upload/f_auto,c_limit,w_300,q_auto/igashop/images/180000000014"
TRESemmé Conditioner Length Protect 940mL,$18.50,$1.97/100mL,"https://cdn.metcash.media/image/upload/f_auto,c_limit,w_300,q_auto/igashop/images/509363"
Surf Laundry Capsules Coastal Luxury 30 Pack,$14.00,$0.47 each,https://www.igashop.com.au/static/default-product-image.png
Women's Bikin Briefs Size 10-12 Black or White 3 Pack,$10.30,$3.43 each,"https://cdn.metcash.media/image/upload/f_auto,c_limit,w_300,q_auto/igashop/images/180000001377"
Doritos Crunch Mix Cheese Supreme Nut Mix 180g,$3.60,$2.00/100g,"https://cdn.metcash.media/image/upload/f_auto,c_limit,w_300,q_auto/igashop/images/190000003447"
Patak's Creamy Korma Curry Kit 315g,$6.50,$2.06/100g,"https://cdn.metcash.media/image/upload/f_auto,c_limit,w_300,q_auto/igashop/images/160000000824"
Sugo Tu Pizza Dough 4 Pack,$15.50,$3.88 each,"https://cdn.metcash.media/image/upload/f_auto,c_limit,w_300,q_auto/igashop/images/190000005107"
Up & Go Liquid Breakfast Vanilla Ice 12 Pack,$18.00,$1.50 each,"https://cdn.metcash.media/image/upload/f_auto,c_limit,w_300,q_auto/igashop/images/369263"
Ice Break Iced Coffee Regular Strength 750mL,$4.95,$0.66/100mL,"https://cdn.metcash.media/image/upload/f_auto,c_limit,w_300,q_auto/igashop/images/164846"
Kleenex Bathroom Tissue White Double Length 18 Pack,$18.35,$1.02 each,https://www.igashop.com.au/static/default-product-image.png
Brownes Dairy The Greek Yoghurt 1kg,$6.90,$6.90/kg,"https://cdn.metcash.media/image/upload/f_auto,c_limit,w_300,q_auto/igashop/images/150000008005"
Sol Organics Grass Fed Ghee 275g,$22.95,$8.35/100g,"https://cdn.metcash.media/image/upload/f_auto,c_limit,w_300,q_auto/igashop/images/190000004054"
Big Lolly Chocolate Milk Bullets 130g,$2.30,$1.77/100g,"https://cdn.metcash.media/image/upload/f_auto,c_limit,w_300,q_auto/igashop/images/570369"
AusFresh Olive Kalamata Pitted 150g,$4.10,$2.73/100g,"https://cdn.metcash.media/image/upload/f_auto,c_limit,w_300,q_auto/igashop/images/812245"
Pauls Milky Max Chocolate Dairy Snack 12 Pack,$8.65,$0.72 each,"https://cdn.metcash.media/image/upload/f_auto,c_limit,w_300,q_auto/igashop/images/160000014081"
Bulla Cottage Cheese Original 200g,$4.20,$2.10/100g,"https://cdn.metcash.media/image/upload/f_auto,c_limit,w_300,q_auto/igashop/images/130017"
Bega Peanut Butter Smooth 780g,$7.40,$0.95/100g,"https://cdn.metcash.media/image/upload/f_auto,c_limit,w_300,q_auto/igashop/images/1800000069529"
Ayam Coconut Milk 140mL,$3.00,$2.14/100mL,"https://cdn.metcash.media/image/upload/f_auto,c_limit,w_300,q_auto/igashop/images/311142"
Starbucks Pike Place Medium Roast Coffee Beans 200g,$9.25,$4.63/100g,"https://cdn.metcash.media/image/upload/f_auto,c_limit,w_300,q_auto/igashop/images/160000013897"
Weight Watchers Reimagined Creamy Tuna Bake 320g,$4.50,$1.41/100g,"https://cdn.metcash.media/image/upload/f_auto,c_limit,w_300,q_auto/igashop/images/635541"
Uncle Tobys Muesli Bars Yoghurt & Mango & Passionfruit 6 Pack,$2.75,$0.46 each,"https://cdn.metcash.media/image/upload/f_auto,c_limit,w_300,q_auto/igashop/images/435611"
Cadbury Caramilk Ice Cream Sticks 4 Pack,$12.00,$3.00 each,"https://cdn.metcash.media/image/upload/f_auto,c_limit,w_300,q_auto/igashop/images/160000012102"
Steve Costi Seafoods Tasmanian Salmon 320g,$19.40,$6.06/100g,https://www.igashop.com.au/static/default-product-image.png
Ainsley Harriott Roasted Vegetable Couscous 100g,$9.00,$9.00/100g,"https://cdn.metcash.media/image/upload/f_auto,c_limit,w_300,q_auto/igashop/images/642831"
Dove Men Hair Shampoo Fresh Clean 2 in 1 300mL,$5.00,$1.67/100mL,"https://cdn.metcash.media/image/upload/f_auto,c_limit,w_300,q_auto/igashop/images/395434"
Fresh Bake Almond Fingers 280g,$6.00,$2.14/100g,"https://cdn.metcash.media/image/upload/f_auto,c_limit,w_300,q_auto/igashop/images/20000002286"
Mainland On the Go Tasty Cheddar Cheese & Crackers 4 Pack,$6.30,$1.58 each,"https://cdn.metcash.media/image/upload/f_auto,c_limit,w_300,q_auto/igashop/images/408216"
John West Smoked Oysters In Vegetable Oil 85g,$3.60,$4.24/100g,"https://cdn.metcash.media/image/upload/f_auto,c_limit,w_300,q_auto/igashop/images/402707"
Nature's Gift Sustain Kangaroo Dry Dog Food 6kg,$28.00,$4.67/kg,"https://cdn.metcash.media/image/upload/f_auto,c_limit,w_300,q_auto/igashop/images/868314"
Fab Fresh Blossoms Laundry Detergent Washing Powder 4kg,$16.50,$4.13/kg,"https://cdn.metcash.media/image/upload/f_auto,c_limit,w_300,q_auto/igashop/images/190000003635"
Nestle Nesquik Cereal Bar Double Choc Cereal Bar 120g,$2.75,$2.29/100g,https://www.igashop.com.au/static/default-product-image.png
Uncle Tobys Oat Quick Apple Cinnamon 10 Pack,$7.00,$0.70 each,"https://cdn.metcash.media/image/upload/f_auto,c_limit,w_300,q_auto/igashop/images/174304"
Praise Mayonnaise Honey & Dijon Squeeze 245g,$4.50,$1.84/100g,"https://cdn.metcash.media/image/upload/f_auto,c_limit,w_300,q_auto/igashop/images/690004"
Rite Aid Nursing Pads 40 Pack,$7.50,$0.19 each,"https://cdn.metcash.media/image/upload/f_auto,c_limit,w_300,q_auto/igashop/images/474974"
Bulla Creamy Classics Neapolitan Ice Cream Cones 4 Pack,$11.00,$2.75 each,"https://cdn.metcash.media/image/upload/f_auto,c_limit,w_300,q_auto/igashop/images/650261"
Tuscany Cheese Shredded Tasty Blend 500g,$8.70,$1.74/100g,"https://cdn.metcash.media/image/upload/f_auto,c_limit,w_300,q_auto/igashop/images/190000003908"
Savlon Soothing and Healing Antiseptic Cream 30g,$6.10,$20.33/100g,"https://cdn.metcash.media/image/upload/f_auto,c_limit,w_300,q_auto/igashop/images/376354"
Palmolive 3 in 1 Kids Bluey Body Bath Hair 1L,$10.00,$10.00/1L,"https://cdn.metcash.media/image/upload/f_auto,c_limit,w_300,q_auto/igashop/images/233381"
Community Co Leafy Mix 200g,$3.00,$1.50/100g,"https://cdn.metcash.media/image/upload/f_auto,c_limit,w_300,q_auto/igashop/images/421777"
Twinings Irish Breakfast Tea Bags 100 Pack,$13.50,$0.14 each,"https://cdn.metcash.media/image/upload/f_auto,c_limit,w_300,q_auto/igashop/images/32845"
Ferrero Rocher Milk Chocolate and Hazelnut Hollow Squirrel 90g,$8.15,$9.06/100g,"https://cdn.metcash.media/image/upload/f_auto,c_limit,w_300,q_auto/igashop/images/170000001032"
Red Bull Energy Drink Apricot Sugar Free 4 Pack,$12.00,$3.00 each,https://www.igashop.com.au/static/default-product-image.png
Praise Dressings Coleslaw 99% Fat Free 330mL,$3.60,$1.09/100mL,"https://cdn.metcash.media/image/upload/f_auto,c_limit,w_300,q_auto/igashop/images/365222"
Golden North Giant Twins Honey 5 Pack,$12.25,$2.45 each,"https://cdn.metcash.media/image/upload/f_auto,c_limit,w_300,q_auto/igashop/images/20000003793"
Energizer Max Plus AAA Batteries 10 Pack,$23.00,$2.30 each,"https://cdn.metcash.media/image/upload/f_auto,c_limit,w_300,q_auto/igashop/images/617645"
Schwarzkopf Extra Care Curl Flex Mousse 150g,$7.00,$4.67/100g,"https://cdn.metcash.media/image/upload/f_auto,c_limit,w_300,q_auto/igashop/images/3980"
DON Footy Frankfurts Skin On 750g,$8.45,$1.13/100g,"https://cdn.metcash.media/image/upload/f_auto,c_limit,w_300,q_auto/igashop/images/273394"
Sirena Tuna Lemon Pepper 95g,$2.95,$3.11/100g,"https://cdn.metcash.media/image/upload/f_auto,c_limit,w_300,q_auto/igashop/images/941780"
Tetley All Rounder Tea Bags 50 Pack,$2.80,$0.06 each,"https://cdn.metcash.media/image/upload/f_auto,c_limit,w_300,q_auto/igashop/images/20000006820"
Lemsip Max Cold & Flu Decongestant Hot Drink Blackcurrant 10 Pack,$15.00,$1.50 each,"https://cdn.metcash.media/image/upload/f_auto,c_limit,w_300,q_auto/igashop/images/370895"
Natures Organics Fruits Shampoo Shine Wild Berry 500mL,$2.00,$0.40/100mL,"https://cdn.metcash.media/image/upload/f_auto,c_limit,w_300,q_auto/igashop/images/450988"
Ambi Pur Bathroom Spray Fresh Sky 275g,$8.50,$3.09/100g,"https://cdn.metcash.media/image/upload/f_auto,c_limit,w_300,q_auto/igashop/images/779015"
Mother Energy Drink Frosty Berry 500mL,$3.45,$0.69/100mL,"https://cdn.metcash.media/image/upload/f_auto,c_limit,w_300,q_auto/igashop/images/20000005773"
BIC Intensity Metal Chisel Black,$4.00,N/A,"https://cdn.metcash.media/image/upload/f_auto,c_limit,w_300,q_auto/igashop/images/688280"
Continental Liquid Vegetable Stock 1L,$4.00,$4.00/1L,"https://cdn.metcash.media/image/upload/f_auto,c_limit,w_300,q_auto/igashop/images/401905"
Devondale Shredded Tasty Cheese 600g,$10.80,$1.80/100g,"https://cdn.metcash.media/image/upload/f_auto,c_limit,w_300,q_auto/igashop/images/177661"
Big Lou's Donuts Lemon Filled Berliner 200g,$5.00,$2.50/100g,https://www.igashop.com.au/static/default-product-image.png
Up & Go Protein Energize Choc Hit 12 Pack,$19.50,$1.62 each,"https://cdn.metcash.media/image/upload/f_auto,c_limit,w_300,q_auto/igashop/images/493135"
Blue Dinosaur Protein Bar Chocolate 60g,$4.95,$8.25/100g,"https://cdn.metcash.media/image/upload/f_auto,c_limit,w_300,q_auto/igashop/images/190000001846"
Ceres Organics Crispy Cloud Salt & Vinegar 50g,$4.30,$8.60/100g,"https://cdn.metcash.media/image/upload/f_auto,c_limit,w_300,q_auto/igashop/images/20000002107"
Tommee Tippee 6-18M Cherry Latex Soother 2 Pack,$10.00,$5.00 each,"https://cdn.metcash.media/image/upload/f_auto,c_limit,w_300,q_auto/igashop/images/322062"
Kirks Orange Multipack Cans 10 Pack,$15.00,$1.50 each,"https://cdn.metcash.media/image/upload/f_auto,c_limit,w_300,q_auto/igashop/images/618374"
Kinder Happy Hippo Cocoa Biscuit 21g,$1.04,$4.95/100g,"https://cdn.metcash.media/image/upload/f_auto,c_limit,w_300,q_auto/igashop/images/190000001460"
Crest Directional Night Light,$16.40,N/A,"https://cdn.metcash.media/image/upload/f_auto,c_limit,w_300,q_auto/igashop/images/899828"
Fantastic Delites Snacks Flame Grilled BBQ 100g,$2.80,$2.80/100g,"https://cdn.metcash.media/image/upload/f_auto,c_limit,w_300,q_auto/igashop/images/352376"
Palmolive Naturals Active Nourishment with Natural Aloe Vera Extract Hair Conditioner 700mL,$7.00,$1.00/100mL,"https://cdn.metcash.media/image/upload/f_auto,c_limit,w_300,q_auto/igashop/images/190000000703"
Spice & Co Brown Mustard Seeds 80g,$3.75,$4.69/100g,"https://cdn.metcash.media/image/upload/f_auto,c_limit,w_300,q_auto/igashop/images/190000002409"
Sirena La Vita Lite Tuna In Oil 185g,$4.70,$2.54/100g,"https://cdn.metcash.media/image/upload/f_auto,c_limit,w_300,q_auto/igashop/images/160000012264"
Kook A Krumb Bread Crumbs Gluten Free Herb & Garlic 200g,$6.15,$3.08/100g,"https://cdn.metcash.media/image/upload/f_auto,c_limit,w_300,q_auto/igashop/images/160000012728"
Armor All Car Care Protectant Wipes 25 Pack,$10.50,$0.42 each,"https://cdn.metcash.media/image/upload/f_auto,c_limit,w_300,q_auto/igashop/images/210697"
BIC 4 Colour Pen 4 Pack,$5.00,$1.25 each,"https://cdn.metcash.media/image/upload/f_auto,c_limit,w_300,q_auto/igashop/images/256936"
Alula S-26 Gold Stage 3 Toddler Milk Drink 1 Year+ 900g,$24.50,$2.72/100g,"https://cdn.metcash.media/image/upload/f_auto,c_limit,w_300,q_auto/igashop/images/170000004672"
Dine Wet Cat Food Beef & Liver In Gravy 7 Trays 7 Pack,$10.00,$1.43 each,"https://cdn.metcash.media/image/upload/f_auto,c_limit,w_300,q_auto/igashop/images/51420"
Band-Aid Aquablock Regular 40 Pack,$6.00,$0.15 each,"https://cdn.metcash.media/image/upload/f_auto,c_limit,w_300,q_auto/igashop/images/967236"
Mr Basil Watermelon 290mL,$3.40,$11.72/1L,https://www.igashop.com.au/static/default-product-image.png
Vittoria Espresso Coffee Capsules 10 Pack,$7.00,$0.70 each,"https://cdn.metcash.media/image/upload/f_auto,c_limit,w_300,q_auto/igashop/images/289280"
Sukin Teen Skin Cheeky Cleanser Pump 125mL,$17.35,$13.88/100mL,"https://cdn.metcash.media/image/upload/f_auto,c_limit,w_300,q_auto/igashop/images/699176"
Poppin M&Ms Minis Popcorn 110g,$5.50,$5.00/100g,https://www.igashop.com.au/static/default-product-image.png
Divine Foods Aust. Melting Moments Passionfruit 160g,$5.25,$3.28/100g,https://www.igashop.com.au/static/default-product-image.png
Belladotti Caesar Bits Salad Topper 100g,$3.95,$3.95/100g,https://www.igashop.com.au/static/default-product-image.png
Nutty Bruce Dark Cherry Chocolate Nut Butter Balls 70g,$2.99,$4.27/100g,"https://cdn.metcash.media/image/upload/f_auto,c_limit,w_300,q_auto/igashop/images/7276"
Norco Tasty Shredded Cheese 500g,$11.50,$2.30/100g,"https://cdn.metcash.media/image/upload/f_auto,c_limit,w_300,q_auto/igashop/images/8611"
Streets Golden Gaytime Ice Cream Original 4 Pack,$10.00,$2.50 each,"https://cdn.metcash.media/image/upload/f_auto,c_limit,w_300,q_auto/igashop/images/167292"
Birds Eye Straight Chips 750g,$3.90,$0.52/100g,"https://cdn.metcash.media/image/upload/f_auto,c_limit,w_300,q_auto/igashop/images/172080"
Lavazza Prontissimo Intenso 95g,$13.00,$13.68/100g,"https://cdn.metcash.media/image/upload/f_auto,c_limit,w_300,q_auto/igashop/images/736431"
Don Donskis Salami Hot 20g,$1.60,$8.00/100g,"https://cdn.metcash.media/image/upload/f_auto,c_limit,w_300,q_auto/igashop/images/559122"
McCain Family Pizza BBQ Chicken & Pineapple 500g,$8.80,$1.76/100g,"https://cdn.metcash.media/image/upload/f_auto,c_limit,w_300,q_auto/igashop/images/286973"
Diet Rite Passionfruit Soft Drink 1.25L,$1.50,$1.20/1L,"https://cdn.metcash.media/image/upload/f_auto,c_limit,w_300,q_auto/igashop/images/348050"
Fountain Mustard Sauce 250mL,$3.40,$1.36/100mL,"https://cdn.metcash.media/image/upload/f_auto,c_limit,w_300,q_auto/igashop/images/36776"
Leggo's Pesto Sundried Tomato 190g,$4.50,$2.37/100g,"https://cdn.metcash.media/image/upload/f_auto,c_limit,w_300,q_auto/igashop/images/663840"
San Remo Fresh Pasta Lasagna 375g,$5.60,$1.49/100g,"https://cdn.metcash.media/image/upload/f_auto,c_limit,w_300,q_auto/igashop/images/119142"
Aunty Kath's Peanut Butter Cookie Dough 450g,$7.65,$1.70/100g,"https://cdn.metcash.media/image/upload/f_auto,c_limit,w_300,q_auto/igashop/images/228849"
Allen's Fantales Family Size 340g,$5.00,$1.47/100g,"https://cdn.metcash.media/image/upload/f_auto,c_limit,w_300,q_auto/igashop/images/66878"
Vanish NapiSan Oxi Action Stain Remover Powder 1kg,$10.50,$10.50/kg,"https://cdn.metcash.media/image/upload/f_auto,c_limit,w_300,q_auto/igashop/images/938782"
Community Co Honey Pail 1kg,$13.75,$13.75/kg,"https://cdn.metcash.media/image/upload/f_auto,c_limit,w_300,q_auto/igashop/images/606678"
Black & Gold Brown Sugar 1kg,$3.30,$3.30/kg,"https://cdn.metcash.media/image/upload/f_auto,c_limit,w_300,q_auto/igashop/images/86488"
Life Savers Fruit Tingle Easter Eggs 135g,$4.48,$3.32/100g,https://www.igashop.com.au/static/default-product-image.png
Pork Sausages Loose 500g,Final cost based on weight,$9.98/$19.95,"https://cdn.metcash.media/image/upload/f_auto,c_limit,w_300,q_auto/igashop/images/80080011"
Birds Eye Oven Bake Crumbed Lemon 425g,$6.00,$1.41/100g,"https://cdn.metcash.media/image/upload/f_auto,c_limit,w_300,q_auto/igashop/images/187925"
Dollar Sweets White Fondant 1kg,$10.00,$10.00/kg,"https://cdn.metcash.media/image/upload/f_auto,c_limit,w_300,q_auto/igashop/images/244633"
Kiwi Shoe Care Sport White Laces 120cm,$3.50,N/A,"https://cdn.metcash.media/image/upload/f_auto,c_limit,w_300,q_auto/igashop/images/25791"
Stonebake Lunch Roll 100g,$2.00,$2.00/100g,"https://cdn.metcash.media/image/upload/f_auto,c_limit,w_300,q_auto/igashop/images/891430"
Community Co Coffee Cups with Lids 16 Pack,$9.00,$0.56 each,"https://cdn.metcash.media/image/upload/f_auto,c_limit,w_300,q_auto/igashop/images/190000010527"
Happy Way Whey Protein Vanilla 60g,$10.00,$16.67/100g,"https://cdn.metcash.media/image/upload/f_auto,c_limit,w_300,q_auto/igashop/images/190000005167"
Activia Gut Health Yoghurt Mixed Berries 160g,$2.40,$1.50/100g,"https://cdn.metcash.media/image/upload/f_auto,c_limit,w_300,q_auto/igashop/images/1800000069843"
Slendier Pasta Fettuccine Style Organic 400g,$4.10,$1.03/100g,"https://cdn.metcash.media/image/upload/f_auto,c_limit,w_300,q_auto/igashop/images/190000005133"
John West Skinless & Boneless Salmon Olive Oil 200g,$5.80,$2.90/100g,"https://cdn.metcash.media/image/upload/f_auto,c_limit,w_300,q_auto/igashop/images/40526"
Finish Dishwasher Cleaner Tabs 3 Pack,$6.90,$2.30 each,"https://cdn.metcash.media/image/upload/f_auto,c_limit,w_300,q_auto/igashop/images/814739"
SunRice Mini Bites Salt & Vinegar 6 Pack,$4.50,$0.75 each,"https://cdn.metcash.media/image/upload/f_auto,c_limit,w_300,q_auto/igashop/images/238056"
Uncle Tobys Roll-Ups Snacks For Kids 234g,$9.00,$3.85/100g,"https://cdn.metcash.media/image/upload/f_auto,c_limit,w_300,q_auto/igashop/images/634171"
Community Co Arborio Rice 1kg,$5.00,$5.00/kg,"https://cdn.metcash.media/image/upload/f_auto,c_limit,w_300,q_auto/igashop/images/724688"
Angas Park Prunes Pitted 250g,$5.90,$2.36/100g,"https://cdn.metcash.media/image/upload/f_auto,c_limit,w_300,q_auto/igashop/images/46218"
Atkins Endulge Peanut Butter Cups 170g,$13.95,$8.21/100g,"https://cdn.metcash.media/image/upload/f_auto,c_limit,w_300,q_auto/igashop/images/256512"
Nicabate Mini Lozenges 2mg 20 Pack,$13.00,$0.65 each,"https://cdn.metcash.media/image/upload/f_auto,c_limit,w_300,q_auto/igashop/images/464542"
BIC Intensity Permanent Pastel Markers,$4.25,N/A,"https://cdn.metcash.media/image/upload/f_auto,c_limit,w_300,q_auto/igashop/images/180000002003"
Barilla Pesto With Basil & Rocket 190g,$4.75,$2.50/100g,"https://cdn.metcash.media/image/upload/f_auto,c_limit,w_300,q_auto/igashop/images/425255"
White Wings Cake in a Cup Mix Choc Brownie 220g,$6.00,$2.73/100g,"https://cdn.metcash.media/image/upload/f_auto,c_limit,w_300,q_auto/igashop/images/769120"
Mission Wraps Garlic Herb 8 Pack,$5.50,$0.69 each,"https://cdn.metcash.media/image/upload/f_auto,c_limit,w_300,q_auto/igashop/images/622145"
Green's Cake Mix Traditional Date Loaf 415g,$3.00,$0.72/100g,"https://cdn.metcash.media/image/upload/f_auto,c_limit,w_300,q_auto/igashop/images/91352"
San Remo Risoni Pasta 500g,$2.95,$0.59/100g,"https://cdn.metcash.media/image/upload/f_auto,c_limit,w_300,q_auto/igashop/images/25571"
Lindt Raspberries & Cream Bag 123g,$9.00,$7.32/100g,"https://cdn.metcash.media/image/upload/f_auto,c_limit,w_300,q_auto/igashop/images/502573"
Hershey's Cookies N Cream 43g,$2.09,$4.86/100g,"https://cdn.metcash.media/image/upload/f_auto,c_limit,w_300,q_auto/igashop/images/190000004640"
Colgate Total Charcoal Deep Clean Antibacterial Toothpaste 115g,$7.00,$6.09/100g,"https://cdn.metcash.media/image/upload/f_auto,c_limit,w_300,q_auto/igashop/images/30660"
Pickers Nacho Cheese Triangles 230g,$7.50,$3.26/100g,"https://cdn.metcash.media/image/upload/f_auto,c_limit,w_300,q_auto/igashop/images/649207"
Green's Pancake Mix Original Shake 375g,$3.50,$0.93/100g,"https://cdn.metcash.media/image/upload/f_auto,c_limit,w_300,q_auto/igashop/images/342575"
Gippsland Dairy Mix Ins Yogurt Custard Tart 140g,$4.20,$3.00/100g,"https://cdn.metcash.media/image/upload/f_auto,c_limit,w_300,q_auto/igashop/images/180000006173"
Pringles Carribbean Spiced Chicken 118g,$5.50,$4.66/100g,"https://cdn.metcash.media/image/upload/f_auto,c_limit,w_300,q_auto/igashop/images/469259"
Musashi Protein Crisp Bar Choc Peanut 60g,$2.45,$4.08/100g,"https://cdn.metcash.media/image/upload/f_auto,c_limit,w_300,q_auto/igashop/images/160000000754"
Lindt Lindor Casket Assorted 93g,$15.00,$16.13/100g,https://www.igashop.com.au/static/default-product-image.png
Youfoodz Fuel'D Creamy Chicken Alfredo 400g,$10.80,$2.70/100g,"https://cdn.metcash.media/image/upload/f_auto,c_limit,w_300,q_auto/igashop/images/479665"
Cadbury Caramilk Crunchie Bites 120g,$7.00,$5.83/100g,"https://cdn.metcash.media/image/upload/f_auto,c_limit,w_300,q_auto/igashop/images/499631"
Ultimates Indulge Whitemeat Tuna With Red Bream & Chicken Breast 85g,$1.75,$2.06/100g,"https://cdn.metcash.media/image/upload/f_auto,c_limit,w_300,q_auto/igashop/images/609838"
Gotzinger Berliner Fleishwurst 500g,$20.00,$4.00/100g,"https://cdn.metcash.media/image/upload/f_auto,c_limit,w_300,q_auto/igashop/images/20000001321"
Barley + Cranberry Almond Muesli & Cinnamon Muesli 500g,$10.00,$2.00/100g,"https://cdn.metcash.media/image/upload/f_auto,c_limit,w_300,q_auto/igashop/images/6672"
Wildly Good Fritter Bites Pumpkin Chilli 210g,$6.00,$2.86/100g,"https://cdn.metcash.media/image/upload/f_auto,c_limit,w_300,q_auto/igashop/images/8798"
Blue Wave Salmon Portion Skin On Japanese BBQ 260g,$17.35,$6.67/100g,https://www.igashop.com.au/static/default-product-image.png
Golden Circle Apricot Nectar 1L,$3.25,$3.25/1L,"https://cdn.metcash.media/image/upload/f_auto,c_limit,w_300,q_auto/igashop/images/139760"
Schwarzkopf Extra Care Marrakesh Oil & Coconut Replenishing Shampoo 950mL,$10.00,$1.05/100mL,"https://cdn.metcash.media/image/upload/f_auto,c_limit,w_300,q_auto/igashop/images/160000010141"
Felix As Good As It Looks Favourite Selection 12 Pack,$14.00,$1.17 each,"https://cdn.metcash.media/image/upload/f_auto,c_limit,w_300,q_auto/igashop/images/86111"
Ozkleen Drain Power 500mL,$15.25,$3.05/100mL,https://www.igashop.com.au/static/default-product-image.png
Palmolive Naturals Smooth & Shine Frizzy Hair Shampoo Keratin Argan Oil 700mL,$7.00,$1.00/100mL,"https://cdn.metcash.media/image/upload/f_auto,c_limit,w_300,q_auto/igashop/images/328092"
Bakers Collection Festive Fruit Cake Bar 400g,$5.00,$1.25/100g,"https://cdn.metcash.media/image/upload/f_auto,c_limit,w_300,q_auto/igashop/images/180000002082"
Fantastic Rice Crackers Salt & Vinegar 100g,$2.50,$2.50/100g,"https://cdn.metcash.media/image/upload/f_auto,c_limit,w_300,q_auto/igashop/images/657085"
Bertolli Five Brothers Pasta Sauce Tomato & Basil 500g,$4.60,$0.92/100g,"https://cdn.metcash.media/image/upload/f_auto,c_limit,w_300,q_auto/igashop/images/29787"
Schweppes Mineral Water 10 Pack,$9.50,$0.95 each,"https://cdn.metcash.media/image/upload/f_auto,c_limit,w_300,q_auto/igashop/images/480255"
OGX Conditioner Renewing Argan Oil Of Morocco 385mL,$11.50,$2.99/100mL,"https://cdn.metcash.media/image/upload/f_auto,c_limit,w_300,q_auto/igashop/images/221842"
Mum's Favourites Sultana & Butter Cake 600g,$10.95,$1.83/100g,"https://cdn.metcash.media/image/upload/f_auto,c_limit,w_300,q_auto/igashop/images/20000005296"
Quorn Mince 300g,$7.50,$2.50/100g,"https://cdn.metcash.media/image/upload/f_auto,c_limit,w_300,q_auto/igashop/images/125494"
Hellmann's Mayonnaise Real Jar 400g,$5.50,$1.38/100g,"https://cdn.metcash.media/image/upload/f_auto,c_limit,w_300,q_auto/igashop/images/906947"
Real Foods Wholegrain Rice Thins 150g,$1.50,$1.00/100g,"https://cdn.metcash.media/image/upload/f_auto,c_limit,w_300,q_auto/igashop/images/911675"
Huggies Diaper Pants Size 4 Girl Jumbo 62 Pack,$33.50,$0.54 each,"https://cdn.metcash.media/image/upload/f_auto,c_limit,w_300,q_auto/igashop/images/1800000067623"
Food Guru Plastic Potato Peelers 4 Pack,$1.50,$0.38 each,"https://cdn.metcash.media/image/upload/f_auto,c_limit,w_300,q_auto/igashop/images/832931"
Empire Pizza Margherita 550g,$12.00,$2.18/100g,"https://cdn.metcash.media/image/upload/f_auto,c_limit,w_300,q_auto/igashop/images/322083"
MasterFoods Red Wine Garlic Marinade 375g,$3.00,$0.80/100g,"https://cdn.metcash.media/image/upload/f_auto,c_limit,w_300,q_auto/igashop/images/38930"
Sirena Tuna in Springwater 95g,$2.00,$2.11/100g,"https://cdn.metcash.media/image/upload/f_auto,c_limit,w_300,q_auto/igashop/images/647187"
Love'em Beef Jerky with Tomato 200g,$4.20,$2.10/100g,"https://cdn.metcash.media/image/upload/f_auto,c_limit,w_300,q_auto/igashop/images/160000000430"
Community Co Gluten Free Sliced Loaf Super Seeded 585g,$7.65,$1.31/100g,"https://cdn.metcash.media/image/upload/f_auto,c_limit,w_300,q_auto/igashop/images/439898"
On The Menu Big Feast Beef Cutlet With Mash Frozen Meal 480g,$8.90,$1.85/100g,"https://cdn.metcash.media/image/upload/f_auto,c_limit,w_300,q_auto/igashop/images/361430"
Musashi Cookies Choc Raspberry 58g,$2.45,$4.22/100g,"https://cdn.metcash.media/image/upload/f_auto,c_limit,w_300,q_auto/igashop/images/260011"
Borg's Chicken & Vegetable Pastizza 625g,$7.50,$1.20/100g,"https://cdn.metcash.media/image/upload/f_auto,c_limit,w_300,q_auto/igashop/images/180000003858"
BioBag Compostable Bin Liners 8 Litre 75 Pack,$9.95,$0.13 each,"https://cdn.metcash.media/image/upload/f_auto,c_limit,w_300,q_auto/igashop/images/20000005182"
Aeroplane Jelly Green Apple Jelly Crystals 85g,$1.80,$2.12/100g,"https://cdn.metcash.media/image/upload/f_auto,c_limit,w_300,q_auto/igashop/images/160000018161"
Dine Wet Cat Food Beef & Liver In Gravy Tray 85g,$1.60,$1.88/100g,"https://cdn.metcash.media/image/upload/f_auto,c_limit,w_300,q_auto/igashop/images/49677"
Continental Cup A Soup Tasty Tomato 2 Pack,$2.80,$1.40 each,"https://cdn.metcash.media/image/upload/f_auto,c_limit,w_300,q_auto/igashop/images/285545"
OMO Laundry Powder 3 In 1 Caps 28 Pack,$30.00,$1.07 each,"https://cdn.metcash.media/image/upload/f_auto,c_limit,w_300,q_auto/igashop/images/545783"
Decor Tellfresh Storer Oblong,$7.00,N/A,"https://cdn.metcash.media/image/upload/f_auto,c_limit,w_300,q_auto/igashop/images/731732"
Violet Crumble Premium Sticks 4 Pack,$11.00,$2.75 each,"https://cdn.metcash.media/image/upload/f_auto,c_limit,w_300,q_auto/igashop/images/160000018255"
J&Co Herb & Garlic Seasoning 240g,$6.99,$2.91/100g,"https://cdn.metcash.media/image/upload/f_auto,c_limit,w_300,q_auto/igashop/images/190000004960"
Biozet Attack Laundry Powder With Softener 2kg,$26.00,$13.00/kg,"https://cdn.metcash.media/image/upload/f_auto,c_limit,w_300,q_auto/igashop/images/797424"
Sorbent Toilet Tissue White 3 Ply 24 Pack,$18.35,$0.76 each,"https://cdn.metcash.media/image/upload/f_auto,c_limit,w_300,q_auto/igashop/images/469725"
Sanpellegrino Natural Mineral Water 750mL,$3.50,$0.47/100mL,"https://cdn.metcash.media/image/upload/f_auto,c_limit,w_300,q_auto/igashop/images/519172"
VPC Fruit Pyramid Fig & Almond 75g,$6.50,$8.67/100g,https://www.igashop.com.au/static/default-product-image.png
Arnott's Farmbake Cookies Butter Shortbread 310g,$5.00,$1.61/100g,"https://cdn.metcash.media/image/upload/f_auto,c_limit,w_300,q_auto/igashop/images/173117"
Optimum Urinary Care Wet Cat Food Ocean Fish Chunks In Jelly Pouch 85g,$2.25,$2.65/100g,"https://cdn.metcash.media/image/upload/f_auto,c_limit,w_300,q_auto/igashop/images/804174_1"
On The Menu Cheese Burger with Tomato Relish 161g,$4.50,$2.80/100g,"https://cdn.metcash.media/image/upload/f_auto,c_limit,w_300,q_auto/igashop/images/101704"
The Australian Weekend,$5.50,N/A,https://www.igashop.com.au/static/default-product-image.png
Twinings Herbal Infusions Pure Peppermint Tea Bags 10 Pack,$3.00,$0.30 each,"https://cdn.metcash.media/image/upload/f_auto,c_limit,w_300,q_auto/igashop/images/496073"
Latina Fresh Tomato & Garlic Sauce 250g,$5.50,$2.20/100g,"https://cdn.metcash.media/image/upload/f_auto,c_limit,w_300,q_auto/igashop/images/180000006447"
Cadbury Crunchie Chocolate Bar King Size 80g,$2.75,$3.44/100g,"https://cdn.metcash.media/image/upload/f_auto,c_limit,w_300,q_auto/igashop/images/342070"
Cadbury Christmas Stocking 247g,$8.00,$3.24/100g,"https://cdn.metcash.media/image/upload/f_auto,c_limit,w_300,q_auto/igashop/images/930941"
Schwarzkopf Got2B Glued Blasting Freeze Spray 300mL,$17.00,$5.67/100mL,"https://cdn.metcash.media/image/upload/f_auto,c_limit,w_300,q_auto/igashop/images/160000010248"
KB Seafood Prawn Raw Meat 260g,$13.25,$5.10/100g,https://www.igashop.com.au/static/default-product-image.png
Lite n' Easy Coconut Beef Curry 395g,$13.50,$3.42/100g,"https://cdn.metcash.media/image/upload/f_auto,c_limit,w_300,q_auto/igashop/images/450221"
The Natural Confectionery Co. Reduced Sugar Snakes 230g,$5.00,$2.17/100g,"https://cdn.metcash.media/image/upload/f_auto,c_limit,w_300,q_auto/igashop/images/695839"
Birds Eye Deli Roast Duck Fat Potatoes Fat 600g,$7.00,$1.17/100g,"https://cdn.metcash.media/image/upload/f_auto,c_limit,w_300,q_auto/igashop/images/483368"
Birds Eye Deli Garlic Herb Broccoli 500g,$5.60,$1.12/100g,"https://cdn.metcash.media/image/upload/f_auto,c_limit,w_300,q_auto/igashop/images/180000005055"
Arnott's Softbake Cookies Biscuits White Choc Macadamia 150g,$6.10,$4.07/100g,"https://cdn.metcash.media/image/upload/f_auto,c_limit,w_300,q_auto/igashop/images/180000004802"
U By Kotex Feminine Pad Ultrathin Wing Super 20 Pack,$5.50,$0.28 each,https://www.igashop.com.au/static/default-product-image.png
Bakers Collection Apricot Turnovers 150g,$6.00,$4.00/100g,"https://cdn.metcash.media/image/upload/f_auto,c_limit,w_300,q_auto/igashop/images/20000000510"
Always Fresh Cucumbers Baby 350g,$4.60,$1.31/100g,"https://cdn.metcash.media/image/upload/f_auto,c_limit,w_300,q_auto/igashop/images/324064"
Deeko Cutlery Tube 18 Pack,$3.10,$0.17 each,"https://cdn.metcash.media/image/upload/f_auto,c_limit,w_300,q_auto/igashop/images/905438"
Red Rock Deli Sweet Chilli & Sour Cream 130g,$4.00,$3.08/100g,"https://cdn.metcash.media/image/upload/f_auto,c_limit,w_300,q_auto/igashop/images/538176"
V8 Hot & Spicy Vegetable Juice 1.25L,$2.75,$2.20/1L,"https://cdn.metcash.media/image/upload/f_auto,c_limit,w_300,q_auto/igashop/images/380073"
White Wings Buttermilk Pancakes Shaker 325g,$2.00,$0.62/100g,"https://cdn.metcash.media/image/upload/f_auto,c_limit,w_300,q_auto/igashop/images/459932"
Chupa Chups + Mentos Confectionery Mix Of Minis Bag 290g,$5.50,$1.90/100g,"https://cdn.metcash.media/image/upload/f_auto,c_limit,w_300,q_auto/igashop/images/450894"
Blackmores Vitamin D3 1000 IU Capsules 200 Pack,$25.00,$0.13 each,"https://cdn.metcash.media/image/upload/f_auto,c_limit,w_300,q_auto/igashop/images/160000011519"
Quilton White 3 Ply Toilet Tissue 36 Pack,$23.35,$0.65 each,"https://cdn.metcash.media/image/upload/f_auto,c_limit,w_300,q_auto/igashop/images/964288"
Aerogard Home Mosquito Control Plug In Refill 35mL,$17.50,$50.00/100mL,https://www.igashop.com.au/static/default-product-image.png
Radox Body Wash Feel Heavenly With Coconut Extract 1L,$7.50,$7.50/1L,"https://cdn.metcash.media/image/upload/f_auto,c_limit,w_300,q_auto/igashop/images/349069"
Multix Alfoil 10m x 30cm,$3.00,N/A,"https://cdn.metcash.media/image/upload/f_auto,c_limit,w_300,q_auto/igashop/images/39724"
Optimum Kitten Chicken 1.4kg,$21.50,$15.36/kg,"https://cdn.metcash.media/image/upload/f_auto,c_limit,w_300,q_auto/igashop/images/1800000068691"
Black & Gold Whole Champignon Mushrooms 184g,$0.90,$0.49/100g,"https://cdn.metcash.media/image/upload/f_auto,c_limit,w_300,q_auto/igashop/images/160000014596"
L'Oreal Paris Elnett Argan Oil 75mL,$5.60,$7.47/100mL,https://www.igashop.com.au/static/default-product-image.png
Oral-B Cross Action Indicator Toothbrush,$3.00,N/A,"https://cdn.metcash.media/image/upload/f_auto,c_limit,w_300,q_auto/igashop/images/160000001769"
Whittaker's Slab Chocolate Hokey Pokey 50g,$3.00,$6.00/100g,"https://cdn.metcash.media/image/upload/f_auto,c_limit,w_300,q_auto/igashop/images/574091"
Celebrations Box 320g,$7.75,$2.42/100g,"https://cdn.metcash.media/image/upload/f_auto,c_limit,w_300,q_auto/igashop/images/1800000069077"
Gravox Chip Liquid Gravy Pouch 165g,$3.50,$2.12/100g,"https://cdn.metcash.media/image/upload/f_auto,c_limit,w_300,q_auto/igashop/images/346469"
Skara Pork & Roasted Fennel Salami 100g,$8.95,$8.95/100g,"https://cdn.metcash.media/image/upload/f_auto,c_limit,w_300,q_auto/igashop/images/7730"
Pine O Cleen Biodegradable Disinfectant Wipes Fresh 60 Pack,$5.95,$0.10 each,"https://cdn.metcash.media/image/upload/f_auto,c_limit,w_300,q_auto/igashop/images/1800000067780"
Big Lolly Halloween Popping Candy 150g,$5.10,$3.40/100g,https://www.igashop.com.au/static/default-product-image.png
Famous Soda Co Lemon Soda 330mL,$4.00,$1.21/100mL,"https://cdn.metcash.media/image/upload/f_auto,c_limit,w_300,q_auto/igashop/images/5798"
Maybelline Fast Gel Bit Of Blush 6.7mL,$7.50,$111.94/100mL,https://www.igashop.com.au/static/default-product-image.png
Maggi Fusian Noodle Cup Malaysian Laksa 61g,$2.50,$4.10/100g,"https://cdn.metcash.media/image/upload/f_auto,c_limit,w_300,q_auto/igashop/images/684634"
Tatua Cooking Cream 500g,$7.10,$1.42/100g,"https://cdn.metcash.media/image/upload/f_auto,c_limit,w_300,q_auto/igashop/images/20000006539"
Community Co Organic Virgin Coconut Oil 450mL,$6.65,$1.48/100mL,"https://cdn.metcash.media/image/upload/f_auto,c_limit,w_300,q_auto/igashop/images/518155"
BIC Wite-Out Correciton Tape,$2.75,N/A,"https://cdn.metcash.media/image/upload/f_auto,c_limit,w_300,q_auto/igashop/images/201347"
Ingham Sweet Chilli Tenders 1kg,$1.50,$1.50/kg,https://www.igashop.com.au/static/default-product-image.png
Mum's Favourites Date & Honey Cake 600g,$10.95,$1.83/100g,"https://cdn.metcash.media/image/upload/f_auto,c_limit,w_300,q_auto/igashop/images/20000005503"
Queensland Yoghurt Mixed Berry Yoghurt 300g,$4.00,$1.33/100g,"https://cdn.metcash.media/image/upload/f_auto,c_limit,w_300,q_auto/igashop/images/190000003891"
Community Co Cracked Wheat Sourdough Sliced 630g,$5.99,$0.95/100g,"https://cdn.metcash.media/image/upload/f_auto,c_limit,w_300,q_auto/igashop/images/328220"
Neutrogena Deep Clean Cream Cleanser 200g,$21.00,$10.50/100g,"https://cdn.metcash.media/image/upload/f_auto,c_limit,w_300,q_auto/igashop/images/484775"
Sour Patch Kids Berry Lollies 190g,$5.00,$2.63/100g,"https://cdn.metcash.media/image/upload/f_auto,c_limit,w_300,q_auto/igashop/images/693073"
Schick Hydro Silk Womens Disposable Razor 2 Pack,$12.00,$6.00 each,"https://cdn.metcash.media/image/upload/f_auto,c_limit,w_300,q_auto/igashop/images/678175"
Rid Rollon Tropical 100mL,$12.00,$12.00/100mL,https://www.igashop.com.au/static/default-product-image.png
Schweppes Passiona Passionfruit Soft Drink 10 Pack,$19.00,$1.90 each,"https://cdn.metcash.media/image/upload/f_auto,c_limit,w_300,q_auto/igashop/images/655724"
Ryde Energy Shot 60mL,$4.00,$6.67/100mL,"https://cdn.metcash.media/image/upload/f_auto,c_limit,w_300,q_auto/igashop/images/318767"
Nestlé Smarties Large Bag 340g,$8.00,$2.35/100g,"https://cdn.metcash.media/image/upload/f_auto,c_limit,w_300,q_auto/igashop/images/58508"
Pauls Bluey Kids Strawberry Flavoured Milk 250mL,$2.70,$1.08/100mL,"https://cdn.metcash.media/image/upload/f_auto,c_limit,w_300,q_auto/igashop/images/264633"
Borg's Puff Toastie Ham & Cheese 2 Pack,$6.00,$3.00 each,"https://cdn.metcash.media/image/upload/f_auto,c_limit,w_300,q_auto/igashop/images/1800000068173"
Cold Power Laundry Liquid Sensitive 4L,$19.50,$4.88/1L,"https://cdn.metcash.media/image/upload/f_auto,c_limit,w_300,q_auto/igashop/images/647381"
Carman's Roasted Nut Bars Greek Style Yoghurt Blueberry 5 Pack,$6.00,$1.20 each,"https://cdn.metcash.media/image/upload/f_auto,c_limit,w_300,q_auto/igashop/images/111233"
Carman's Classic Muesli 1.5kg,$16.00,$10.67/kg,"https://cdn.metcash.media/image/upload/f_auto,c_limit,w_300,q_auto/igashop/images/304378"
Community Co Quick Oats Honey 420g,$4.40,$1.05/100g,"https://cdn.metcash.media/image/upload/f_auto,c_limit,w_300,q_auto/igashop/images/_812606_"
Kleenex Facial Tissue Everyday 2Ply 100 Pack,$2.00,$0.02 each,https://www.igashop.com.au/static/default-product-image.png
Renuzit Air Freshener Blissful Apple & Cinammon 198g,$3.50,$1.77/100g,"https://cdn.metcash.media/image/upload/f_auto,c_limit,w_300,q_auto/igashop/images/977016"
On The Menu Roast Chicken Roll 179g,$5.50,$3.07/100g,"https://cdn.metcash.media/image/upload/f_auto,c_limit,w_300,q_auto/igashop/images/101699"
Felix As Good As It Looks Kitten Menus 12 Pack,$10.00,$0.83 each,"https://cdn.metcash.media/image/upload/f_auto,c_limit,w_300,q_auto/igashop/images/327821"
Nestlé KitKat Milkybar White Chocolate 45g,$2.25,$5.00/100g,"https://cdn.metcash.media/image/upload/f_auto,c_limit,w_300,q_auto/igashop/images/218433"
Ever Eco Insulated Tumbler Onyx 592g,$29.95,$5.06/100g,"https://cdn.metcash.media/image/upload/f_auto,c_limit,w_300,q_auto/igashop/images/190000004051"
Community Co Green Olive Sourdough Sliced 630g,$8.65,$1.37/100g,"https://cdn.metcash.media/image/upload/f_auto,c_limit,w_300,q_auto/igashop/images/319666"
Nestlé Bakers' Choice Milk Choc Melts 290g,$6.00,$2.07/100g,"https://cdn.metcash.media/image/upload/f_auto,c_limit,w_300,q_auto/igashop/images/625716"
Peck's Devilled Ham Spread 125g,$5.50,$4.40/100g,"https://cdn.metcash.media/image/upload/f_auto,c_limit,w_300,q_auto/igashop/images/37285"
White Wings Gluten Free Plain All Purpose Flour 500g,$4.00,$0.80/100g,"https://cdn.metcash.media/image/upload/f_auto,c_limit,w_300,q_auto/igashop/images/150000006449"
Cobram Estate Extra Virgin Olive Oil Garlic Infused 250mL,$11.00,$4.40/100mL,"https://cdn.metcash.media/image/upload/f_auto,c_limit,w_300,q_auto/igashop/images/16000001538"
Tamar Valley Dairy No Sugar Added Greek Style Yoghurt Passionfruit 700g,$7.00,$1.00/100g,"https://cdn.metcash.media/image/upload/f_auto,c_limit,w_300,q_auto/igashop/images/166372"
Organic Care Conditioner Coco Repair 400mL,$3.45,$0.86/100mL,"https://cdn.metcash.media/image/upload/f_auto,c_limit,w_300,q_auto/igashop/images/977388"
Childs Farm 3 in 1 Swim Strawberry & Organic Mint 250mL,$10.00,$4.00/100mL,https://www.igashop.com.au/static/default-product-image.png
Dettol Protect Multipurpose Cleaner Trigger Ocean Fresh 500mL,$8.15,$1.63/100mL,"https://cdn.metcash.media/image/upload/f_auto,c_limit,w_300,q_auto/igashop/images/244625"
Guylian Belgian Chocolates Premium Dark 100g,$4.60,$4.60/100g,"https://cdn.metcash.media/image/upload/f_auto,c_limit,w_300,q_auto/igashop/images/975378"
Weight Watchers Pumpkin & Onion Ravioli 320g,$6.65,$2.08/100g,"https://cdn.metcash.media/image/upload/f_auto,c_limit,w_300,q_auto/igashop/images/180000003263"
Farmers Union No Added Sugar Yoghurt Kids Pouch Vanilla 130g,$2.15,$1.65/100g,"https://cdn.metcash.media/image/upload/f_auto,c_limit,w_300,q_auto/igashop/images/163688"
NIVEA Sun Pre-Pack,$893.95,N/A,https://www.igashop.com.au/static/default-product-image.png
Nice & Natural Roasted Nut Bar Peanut & Cashew 6 Pack,$5.50,$0.92 each,"https://cdn.metcash.media/image/upload/f_auto,c_limit,w_300,q_auto/igashop/images/180000004614"
Blackwood Lane Dean Jacobs Chocolate Wafers 370g,$4.00,$1.08/100g,"https://cdn.metcash.media/image/upload/f_auto,c_limit,w_300,q_auto/igashop/images/349336"
V Guarana Energy Drink Original 330mL,$3.90,$1.18/100mL,"https://cdn.metcash.media/image/upload/f_auto,c_limit,w_300,q_auto/igashop/images/894726"
Bulla Premium Sour Cream 200mL,$3.95,$1.98/100mL,"https://cdn.metcash.media/image/upload/f_auto,c_limit,w_300,q_auto/igashop/images/192603"
Mars Ice Cream Bars 5 Pack,$9.50,$1.90 each,https://www.igashop.com.au/static/default-product-image.png
Pana Organic Double Chocolate Sticks 3 Pack,$13.50,$4.50 each,"https://cdn.metcash.media/image/upload/f_auto,c_limit,w_300,q_auto/igashop/images/16000001469"
Fairy Platinum Easy Dishwashing Spray Lemon 300mL,$7.50,$2.50/100mL,"https://cdn.metcash.media/image/upload/f_auto,c_limit,w_300,q_auto/igashop/images/170000004445"
Cetaphil Daily Exfoliating Cleanser 178mL,$17.50,$9.83/100mL,"https://cdn.metcash.media/image/upload/f_auto,c_limit,w_300,q_auto/igashop/images/173201"
Lipton Ice Tea Peach No Sugar 500mL,$3.50,$7.00/1L,"https://cdn.metcash.media/image/upload/f_auto,c_limit,w_300,q_auto/igashop/images/556564"
Perfect Italiano Mexican Style 150g,$4.00,$2.67/100g,"https://cdn.metcash.media/image/upload/f_auto,c_limit,w_300,q_auto/igashop/images/893607"
Baked Provision Cream & Custard Horn 200g,$7.95,$3.98/100g,"https://cdn.metcash.media/image/upload/f_auto,c_limit,w_300,q_auto/igashop/images/251902"
Thankyou Botanical Body Wash Geranium & Rosewood 1L,$17.95,$17.95/1L,https://www.igashop.com.au/static/default-product-image.png
Lemnos Haloumi Cyprus Style Cheese Twin Pack 200g,$9.40,$4.70/100g,"https://cdn.metcash.media/image/upload/f_auto,c_limit,w_300,q_auto/igashop/images/798577"
Mission Wraps Low Gi 6 Pack,$5.50,$0.92 each,"https://cdn.metcash.media/image/upload/f_auto,c_limit,w_300,q_auto/igashop/images/782270"
Reef Moisturising Coconut Sunscreen Oil Spray SPF 15 220mL,$20.75,$9.43/100mL,"https://cdn.metcash.media/image/upload/f_auto,c_limit,w_300,q_auto/igashop/images/728271"
"Panadol Mini Caps for Pain Relief, Paracetamol 500 mg 20 Pack",$5.50,$0.28 each,"https://cdn.metcash.media/image/upload/f_auto,c_limit,w_300,q_auto/igashop/images/390735"
Mae Ploy Sauce Sweet Chilli 280mL,$3.75,$1.34/100mL,"https://cdn.metcash.media/image/upload/f_auto,c_limit,w_300,q_auto/igashop/images/20000001433"
Fardoulis Chocolate Connoisseur's Collection 250g,$23.95,$9.58/100g,"https://cdn.metcash.media/image/upload/f_auto,c_limit,w_300,q_auto/igashop/images/20000000625"
SunRice Thin Rice Cakes Original 150g,$2.20,$1.47/100g,"https://cdn.metcash.media/image/upload/f_auto,c_limit,w_300,q_auto/igashop/images/345997"
Paw Patrol Advent Calendar 40g,$4.50,$11.25/100g,"https://cdn.metcash.media/image/upload/f_auto,c_limit,w_300,q_auto/igashop/images/583579"
Curash Baby Wipes Simply Water 80 Pack,$6.00,$0.08 each,"https://cdn.metcash.media/image/upload/f_auto,c_limit,w_300,q_auto/igashop/images/944720"
Multix Garden Drawtight Garbage Bags 3 Pack,$3.60,$1.20 each,"https://cdn.metcash.media/image/upload/f_auto,c_limit,w_300,q_auto/igashop/images/417590"
Best Foods Mayonnaise Whole Egg 405g,$5.25,$1.30/100g,"https://cdn.metcash.media/image/upload/f_auto,c_limit,w_300,q_auto/igashop/images/160000018187"
Clairol Nice'N Easy Permanent Hair Colour A Natural Medium Ash Blonde,$10.00,N/A,"https://cdn.metcash.media/image/upload/f_auto,c_limit,w_300,q_auto/igashop/images/580864"
Annabel Karmel Butter Chicken & Rice 200g,$4.30,$2.15/100g,"https://cdn.metcash.media/image/upload/f_auto,c_limit,w_300,q_auto/igashop/images/749803"
Always Fresh Kalamata Olives Pitted 220g,$4.80,$2.18/100g,"https://cdn.metcash.media/image/upload/f_auto,c_limit,w_300,q_auto/igashop/images/641819"
San Remo Gluten Free Gnocchi 500g,$5.50,$1.10/100g,"https://cdn.metcash.media/image/upload/f_auto,c_limit,w_300,q_auto/igashop/images/497503"
Pedigree Dentastix Large Dog Dental Treat 7 Pack,$7.00,$1.00 each,"https://cdn.metcash.media/image/upload/f_auto,c_limit,w_300,q_auto/igashop/images/42374"
Heinz Little Kids Snack Lentil Puffs With Tomato & Carrot 12g,$2.15,$17.92/100g,"https://cdn.metcash.media/image/upload/f_auto,c_limit,w_300,q_auto/igashop/images/602624"
Only Organic Baby Food Pear Oat & Cinnamon Biscuits 100g,$5.00,$5.00/100g,"https://cdn.metcash.media/image/upload/f_auto,c_limit,w_300,q_auto/igashop/images/1800000071436"
Multix Kitchen Tidy Vanilla Scented Large 30 Pack,$4.25,$0.14 each,"https://cdn.metcash.media/image/upload/f_auto,c_limit,w_300,q_auto/igashop/images/862363"
Mortein Odourless Surface Spray Crawling Insect Killer 350g,$14.00,$4.00/100g,"https://cdn.metcash.media/image/upload/f_auto,c_limit,w_300,q_auto/igashop/images/356207"
Peters Icey Pole Lemonade Raspberry 8 Pack,$5.00,$0.63 each,"https://cdn.metcash.media/image/upload/f_auto,c_limit,w_300,q_auto/igashop/images/145622"
McCain Healthy Choice Chinese Chicken & Cashews 280g,$4.45,$1.59/100g,"https://cdn.metcash.media/image/upload/f_auto,c_limit,w_300,q_auto/igashop/images/128675"
MasterFoods Ground Cumin Seeds 25g,$3.50,$14.00/100g,"https://cdn.metcash.media/image/upload/f_auto,c_limit,w_300,q_auto/igashop/images/363513"
Lynx Body Wash Black 400mL,$6.50,$1.63/100mL,"https://cdn.metcash.media/image/upload/f_auto,c_limit,w_300,q_auto/igashop/images/292644"
Kellogg's Froot Loops 460g,$8.00,$1.74/100g,"https://cdn.metcash.media/image/upload/f_auto,c_limit,w_300,q_auto/igashop/images/180000001315"
Infacol Effective Colic Relief 50mL,$19.50,$39.00/100mL,"https://cdn.metcash.media/image/upload/f_auto,c_limit,w_300,q_auto/igashop/images/943305"
Masterfoods Herbs And Spices Peri Peri Spice Blend 38g,$3.50,$9.21/100g,"https://cdn.metcash.media/image/upload/f_auto,c_limit,w_300,q_auto/igashop/images/742770"
Chux Original Superwipes Handy Roll 25 Pack,$6.55,$0.26 each,"https://cdn.metcash.media/image/upload/f_auto,c_limit,w_300,q_auto/igashop/images/887779"
Crankt Protein Bar Chocolate Mud Cake 60g,$4.50,$7.50/100g,"https://cdn.metcash.media/image/upload/f_auto,c_limit,w_300,q_auto/igashop/images/20000006956_1"
Diet Coca-Cola Soft Drink Multipack Cans 10 Pack,$20.00,$2.00 each,"https://cdn.metcash.media/image/upload/f_auto,c_limit,w_300,q_auto/igashop/images/9300675014793_1"
Schar Gluten Free Ciabattini Rolls 200g,$11.50,$5.75/100g,"https://cdn.metcash.media/image/upload/f_auto,c_limit,w_300,q_auto/igashop/images/20000000414"
Gippsland Dairy Passionfruit Twist Yoghurt 160g,$3.00,$1.88/100g,"https://cdn.metcash.media/image/upload/f_auto,c_limit,w_300,q_auto/igashop/images/160000011923"
Vaseline Expert Care Body Lotion Colloidal Soothing 200mL,$12.00,$6.00/100mL,"https://cdn.metcash.media/image/upload/f_auto,c_limit,w_300,q_auto/igashop/images/160000005990"
Fitness Outcomes Beef Bolognese 350g,$9.50,$2.71/100g,"https://cdn.metcash.media/image/upload/f_auto,c_limit,w_300,q_auto/igashop/images/160000013198"
La Zuppa Creamy Mushroom 400g,$4.70,$1.18/100g,"https://cdn.metcash.media/image/upload/f_auto,c_limit,w_300,q_auto/igashop/images/180000005737"
Tommee Tippee Sportee Cup,$12.00,N/A,"https://cdn.metcash.media/image/upload/f_auto,c_limit,w_300,q_auto/igashop/images/892295"
Wattle Valley Wraps Lite White 8 Pack,$5.10,$0.64 each,"https://cdn.metcash.media/image/upload/f_auto,c_limit,w_300,q_auto/igashop/images/190000004759"
MasterFoods Herbs & Spices Cinnamon Ground 28g,$3.50,$12.50/100g,"https://cdn.metcash.media/image/upload/f_auto,c_limit,w_300,q_auto/igashop/images/861480"
Luv-A-Duck Honey Soy Legs 500g,$14.80,$2.96/100g,"https://cdn.metcash.media/image/upload/f_auto,c_limit,w_300,q_auto/igashop/images/180000001527"
Huggies Baby Wipes Unscented Textured XL Refill 70 Pack,$5.00,$0.07 each,"https://cdn.metcash.media/image/upload/f_auto,c_limit,w_300,q_auto/igashop/images/180000002866"
Mortein Fast Knockdown Odourless Surface Spray Crawling Insect Killer 250g,$12.65,$5.06/100g,"https://cdn.metcash.media/image/upload/f_auto,c_limit,w_300,q_auto/igashop/images/356778"
True Thai Coconut Cream 400mL,$2.50,$0.63/100mL,"https://cdn.metcash.media/image/upload/f_auto,c_limit,w_300,q_auto/igashop/images/160000012451"
Smith's Ovenbaked Potato Chips Fusions Margherita 130g,$3.00,$2.31/100g,"https://cdn.metcash.media/image/upload/f_auto,c_limit,w_300,q_auto/igashop/images/979932"
Sharpie Markers Metal Bullet Black 2 Pack,$6.50,$3.25 each,"https://cdn.metcash.media/image/upload/f_auto,c_limit,w_300,q_auto/igashop/images/208593"
Neutrogena Hydro Boost Night Concentrate 50g,$33.00,$66.00/100g,"https://cdn.metcash.media/image/upload/f_auto,c_limit,w_300,q_auto/igashop/images/352986"
Rexona Antiperspirant Aerosol Advanced Turbo with Antibacterial Protection 220mL,$10.50,$4.77/100mL,"https://cdn.metcash.media/image/upload/f_auto,c_limit,w_300,q_auto/igashop/images/719557"
Dare No Added Sugar Intense 500mL,$4.25,$0.85/100mL,"https://cdn.metcash.media/image/upload/f_auto,c_limit,w_300,q_auto/igashop/images/180000005107"
Bega Snacking Strong & Bitey Vintage Cheese & Crackers Multipack 28g,$6.30,$22.50/100g,"https://cdn.metcash.media/image/upload/f_auto,c_limit,w_300,q_auto/igashop/images/180000005610"
Nobby's Salt & Vinegar Peanuts 350g,$3.25,$0.93/100g,"https://cdn.metcash.media/image/upload/f_auto,c_limit,w_300,q_auto/igashop/images/612242"
Clearblue Plus Pregnancy Test,$9.50,N/A,"https://cdn.metcash.media/image/upload/f_auto,c_limit,w_300,q_auto/igashop/images/381891"
Global Seafoods Raw Prawn Meat 500g,$19.50,$3.90/100g,"https://cdn.metcash.media/image/upload/f_auto,c_limit,w_300,q_auto/igashop/images/20000001874"
Norco Real Iced Latte Caramel 500mL,$3.20,$0.64/100mL,"https://cdn.metcash.media/image/upload/f_auto,c_limit,w_300,q_auto/igashop/images/190000003934"
Optimum Wet Dog Food Salmon & Rice Trays 6 Pack,$8.40,$1.40 each,"https://cdn.metcash.media/image/upload/f_auto,c_limit,w_300,q_auto/igashop/images/961691"
Glad Forceflex Garbage Bags 12 Pack,$6.65,$0.55 each,https://www.igashop.com.au/static/default-product-image.png
Glad to be Green 50% Plant Based Bags Smal 35 Pack,$5.00,$0.14 each,"https://cdn.metcash.media/image/upload/f_auto,c_limit,w_300,q_auto/igashop/images/160000011741"
Old El Paso Smoky & Sweet Barbacoa Topping Sauce 263g,$5.00,$1.90/100g,https://www.igashop.com.au/static/default-product-image.png
Balducci Spirali No. 55 500g,$1.75,$0.35/100g,"https://cdn.metcash.media/image/upload/f_auto,c_limit,w_300,q_auto/igashop/images/357122"
Violet Crumble Choc Honeycomb Peanut Butter 130g,$6.00,$4.62/100g,https://www.igashop.com.au/static/default-product-image.png
Glad Bathroom Bags Drawstring 15 Pack,$2.85,$0.19 each,"https://cdn.metcash.media/image/upload/f_auto,c_limit,w_300,q_auto/igashop/images/449733"
Band-Aid Plastic Strips 10 Pack,$2.40,$0.24 each,"https://cdn.metcash.media/image/upload/f_auto,c_limit,w_300,q_auto/igashop/images/365280"
Cuttaway Creek Marmalade 220g,$8.95,$4.07/100g,"https://cdn.metcash.media/image/upload/f_auto,c_limit,w_300,q_auto/igashop/images/391883"
Bakery Du Jour Brioche Slider Buns 6 Pack,$3.60,$0.60 each,"https://cdn.metcash.media/image/upload/f_auto,c_limit,w_300,q_auto/igashop/images/190000003903"
Golden Circle Orange Juice 2L,$6.50,$3.25/1L,"https://cdn.metcash.media/image/upload/f_auto,c_limit,w_300,q_auto/igashop/images/634231"
Schwarzkopf Perfect Mousse 10-0 Pearl Blonde,$13.00,N/A,"https://cdn.metcash.media/image/upload/f_auto,c_limit,w_300,q_auto/igashop/images/66027"
Oates Scour N Sponge 3 Pack,$4.55,$1.52 each,"https://cdn.metcash.media/image/upload/f_auto,c_limit,w_300,q_auto/igashop/images/20000006499"
KB's Beer Battered Flathead 1kg,$30.60,$30.60/kg,"https://cdn.metcash.media/image/upload/f_auto,c_limit,w_300,q_auto/igashop/images/20000004949"
Jackhammer Extension Lead 3 Meters,$10.65,N/A,"https://cdn.metcash.media/image/upload/f_auto,c_limit,w_300,q_auto/igashop/images/270778"
Campbell's Real Chicken Liquid Stock Salt Reduced 1L,$4.50,$4.50/1L,"https://cdn.metcash.media/image/upload/f_auto,c_limit,w_300,q_auto/igashop/images/316841"
John West Chunk Style Tuna In Brine 425g,$5.70,$1.34/100g,"https://cdn.metcash.media/image/upload/f_auto,c_limit,w_300,q_auto/igashop/images/23561"
So Good Long Life No Added Sugar Oat Milk 1L,$3.00,$3.00/1L,"https://cdn.metcash.media/image/upload/f_auto,c_limit,w_300,q_auto/igashop/images/160000003286"
Nescafe Coffee Sachets Caramel Latte 26 Pack,$12.50,$0.48 each,"https://cdn.metcash.media/image/upload/f_auto,c_limit,w_300,q_auto/igashop/images/663722"
Purina Fancy Feast Adult Pet Food Petite Delight Tuna Salmon Cod 6 Pack,$5.50,$0.92 each,"https://cdn.metcash.media/image/upload/f_auto,c_limit,w_300,q_auto/igashop/images/274756"
Calippo Mini Water Ice Lemon Orange & Lime 10 Pack,$7.00,$0.70 each,"https://cdn.metcash.media/image/upload/f_auto,c_limit,w_300,q_auto/igashop/images/133146"
Finish Quantum Ultimate Lemon Sparkle Dishwashing Tablets 36 Pack,$18.00,$0.50 each,"https://cdn.metcash.media/image/upload/f_auto,c_limit,w_300,q_auto/igashop/images/783666"
Weis Ice Cream & Fruit Bar Mango & Ice Cream 80g,$5.00,$6.25/100g,"https://cdn.metcash.media/image/upload/f_auto,c_limit,w_300,q_auto/igashop/images/100486"
Leda Cookie Golden Crunch 250g,$5.00,$2.00/100g,"https://cdn.metcash.media/image/upload/f_auto,c_limit,w_300,q_auto/igashop/images/180000000174"
TRESemmé Conditioner Moisture Rich 940mL,$18.50,$1.97/100mL,"https://cdn.metcash.media/image/upload/f_auto,c_limit,w_300,q_auto/igashop/images/508210"
Norco Pure Jersey Milk 2L,$5.80,$2.90/1L,"https://cdn.metcash.media/image/upload/f_auto,c_limit,w_300,q_auto/igashop/images/9871974"
Sanitarium Smooth Peanut Butter Spread 375g,$3.60,$0.96/100g,"https://cdn.metcash.media/image/upload/f_auto,c_limit,w_300,q_auto/igashop/images/409555"
Farmers Union Greek Style Yoghurt Strawberry Pouch 130g,$2.15,$1.65/100g,"https://cdn.metcash.media/image/upload/f_auto,c_limit,w_300,q_auto/igashop/images/466028"
EHP Labs Oxyshred Ultra Energy Passionfruit 355mL,$3.40,$0.96/100mL,"https://cdn.metcash.media/image/upload/f_auto,c_limit,w_300,q_auto/igashop/images/62882"
BelVita Breakfast Biscuits Strawberry Yoghurt 5 Pack,$4.50,$0.90 each,"https://cdn.metcash.media/image/upload/f_auto,c_limit,w_300,q_auto/igashop/images/657616"
Kirks Dry Ginger Ale Multipack Cans 6 Pack,$6.20,$1.03 each,"https://cdn.metcash.media/image/upload/f_auto,c_limit,w_300,q_auto/igashop/images/211009"
NIVEA 3in1 Refreshing Cleansing Wipes 25 Pack,$8.50,$0.34 each,"https://cdn.metcash.media/image/upload/f_auto,c_limit,w_300,q_auto/igashop/images/494526"
V Guarana Energy Drink Blue Sugarfree 250mL,$2.65,$1.06/100mL,"https://cdn.metcash.media/image/upload/f_auto,c_limit,w_300,q_auto/igashop/images/895984"
Sukin Foaming Facial Cleanser Signature 125g,$9.75,$7.80/100g,"https://cdn.metcash.media/image/upload/f_auto,c_limit,w_300,q_auto/igashop/images/925784"
MasterFoods Australian Mustard 175g,$3.00,$1.71/100g,"https://cdn.metcash.media/image/upload/f_auto,c_limit,w_300,q_auto/igashop/images/343157"
Karicare 2 Baby Follow-On Formula From 6-12 Months 900g,$20.00,$2.22/100g,"https://cdn.metcash.media/image/upload/f_auto,c_limit,w_300,q_auto/igashop/images/372842"
Nestlé Milo 700g,$13.25,$1.89/100g,"https://cdn.metcash.media/image/upload/f_auto,c_limit,w_300,q_auto/igashop/images/834019"
Maleny Dairies Sour Cream 300mL,$4.40,$1.47/100mL,"https://cdn.metcash.media/image/upload/f_auto,c_limit,w_300,q_auto/igashop/images/20000007015"
Whiskas So Meaty Wet Cat Food Meat Cuts In Gravy 12 Pack,$14.50,$1.21 each,"https://cdn.metcash.media/image/upload/f_auto,c_limit,w_300,q_auto/igashop/images/65157"
Community Co Almond Meal 100g,$4.50,$4.50/100g,"https://cdn.metcash.media/image/upload/f_auto,c_limit,w_300,q_auto/igashop/images/848092"
Tommee Tippee Smushee Food Catcher 2 Pack,$8.00,$4.00 each,"https://cdn.metcash.media/image/upload/f_auto,c_limit,w_300,q_auto/igashop/images/321838"
Yarrows Pineapple Pastries 4 Pack,$3.00,$0.75 each,https://www.igashop.com.au/static/default-product-image.png
Farmers Market Chicken & Farm Vegetables Dry Dog Food 2.7kg,$21.00,$7.78/kg,"https://cdn.metcash.media/image/upload/f_auto,c_limit,w_300,q_auto/igashop/images/732615"
Black & Gold Tea Towel 2 Pack,$3.45,$1.73 each,"https://cdn.metcash.media/image/upload/f_auto,c_limit,w_300,q_auto/igashop/images/190000010095"
M&M's Plain Milk Chocolate 49g,$1.50,$3.06/100g,"https://cdn.metcash.media/image/upload/f_auto,c_limit,w_300,q_auto/igashop/images/10181"
Banjo Carob Bear 15g,$1.70,$11.33/100g,"https://cdn.metcash.media/image/upload/f_auto,c_limit,w_300,q_auto/igashop/images/190000001253"
Ozkleen Mould Power Remover 500mL,$7.60,$1.52/100mL,"https://cdn.metcash.media/image/upload/f_auto,c_limit,w_300,q_auto/igashop/images/417257"
Cadbury Eggs Strawberry Bag 118g,$7.50,$6.36/100g,"https://cdn.metcash.media/image/upload/f_auto,c_limit,w_300,q_auto/igashop/images/746193"
Ben's Original Microwave Brown Rice 250g,$2.00,$0.80/100g,"https://cdn.metcash.media/image/upload/f_auto,c_limit,w_300,q_auto/igashop/images/87950"
Community Co Hand Wash Coconut & Almond Milk 250mL,$2.00,$0.80/100mL,https://www.igashop.com.au/static/default-product-image.png
Hovex Mothballs 2 Pack,$3.70,$1.85 each,"https://cdn.metcash.media/image/upload/f_auto,c_limit,w_300,q_auto/igashop/images/619794"
Nestlé Milo Snack Bars Original 10 Pack,$6.50,$0.65 each,"https://cdn.metcash.media/image/upload/f_auto,c_limit,w_300,q_auto/igashop/images/626762"
Youfoodz Juice The Real OJ 350mL,$4.40,$1.26/100mL,"https://cdn.metcash.media/image/upload/f_auto,c_limit,w_300,q_auto/igashop/images/180000006562"
Birds Eye Steamfresh Prawns Massaman Curry 250g,$12.60,$5.04/100g,"https://cdn.metcash.media/image/upload/f_auto,c_limit,w_300,q_auto/igashop/images/1800000067406"
Rose's Marmalade Lime 375g,$4.30,$1.15/100g,"https://cdn.metcash.media/image/upload/f_auto,c_limit,w_300,q_auto/igashop/images/268022"
Prawn King Green 1kg,Final cost based on weight,$24.00/$24.00,"https://cdn.metcash.media/image/upload/f_auto,c_limit,w_300,q_auto/igashop/images/80072105"
Marion's Kitchen Pad Thai Cooking Kit 358g,$8.50,$2.37/100g,"https://cdn.metcash.media/image/upload/f_auto,c_limit,w_300,q_auto/igashop/images/844006"
Energizer Battery Advanced D 2 Pack,$10.50,$5.25 each,"https://cdn.metcash.media/image/upload/f_auto,c_limit,w_300,q_auto/igashop/images/638036"
Astra Scourer Sponge Thick 3 Pack,$2.80,$0.93 each,"https://cdn.metcash.media/image/upload/f_auto,c_limit,w_300,q_auto/igashop/images/369917"
Old El Paso Mexican Family Tortillas Pack 16 Pack,$6.50,$0.41 each,"https://cdn.metcash.media/image/upload/f_auto,c_limit,w_300,q_auto/igashop/images/160000014008"
Community Co Stone Baked Turkish Oval Roll 4 Pack,$2.49,$0.62 each,"https://cdn.metcash.media/image/upload/f_auto,c_limit,w_300,q_auto/igashop/images/577683"
Huggies Pure & Sensitive Nappy Pant Size 6 Large 40 Pack,$35.00,$0.88 each,"https://cdn.metcash.media/image/upload/f_auto,c_limit,w_300,q_auto/igashop/images/180000006386"
Aegean Fiesta Nut Mix 500g,$10.95,$2.19/100g,https://www.igashop.com.au/static/default-product-image.png
Rexona Men Antiperspirant Aerosol Advanced Sport 220mL,$5.25,$2.39/100mL,"https://cdn.metcash.media/image/upload/f_auto,c_limit,w_300,q_auto/igashop/images/719125"
ZoOSh French Onion Light Creamy Dreamy Dip 185g,$3.00,$1.62/100g,"https://cdn.metcash.media/image/upload/f_auto,c_limit,w_300,q_auto/igashop/images/164087"
Canobolas Eggs Medium 600gm 12 Pack,$7.50,$0.62 each,"https://cdn.metcash.media/image/upload/f_auto,c_limit,w_300,q_auto/igashop/images/20000005472"
Sirena Tuna with Chilli In Oil 185g,$4.70,$2.54/100g,"https://cdn.metcash.media/image/upload/f_auto,c_limit,w_300,q_auto/igashop/images/76661"
Dettol Washing Machine Cleaner Original 250mL,$8.00,$3.20/100mL,"https://cdn.metcash.media/image/upload/f_auto,c_limit,w_300,q_auto/igashop/images/170000003445"
Doritos Beef Brisket Tacos 150g,$2.50,$1.67/100g,"https://cdn.metcash.media/image/upload/f_auto,c_limit,w_300,q_auto/igashop/images/499042"
Cleaver's Organic Chicken Schnitzel 400g,$12.50,$3.13/100g,"https://cdn.metcash.media/image/upload/f_auto,c_limit,w_300,q_auto/igashop/images/338597"
McKenzie's Dried Veg Borlotti Beans 375g,$2.25,$0.60/100g,"https://cdn.metcash.media/image/upload/f_auto,c_limit,w_300,q_auto/igashop/images/351582"
SPC Spaghetti Rich Tomato Sauce 4 Pack,$6.50,$1.63 each,"https://cdn.metcash.media/image/upload/f_auto,c_limit,w_300,q_auto/igashop/images/393704"
NIVEA Pearl & Beauty Anti-Perspirant Aerosol 250mL,$4.25,$1.70/100mL,"https://cdn.metcash.media/image/upload/f_auto,c_limit,w_300,q_auto/igashop/images/493740"
Finish Ultimate All in 1 Dishwashing Tablets Lemon Sparkle 18 Pack,$11.00,$0.61 each,"https://cdn.metcash.media/image/upload/f_auto,c_limit,w_300,q_auto/igashop/images/555144"
Dove Advanced Care Antiperspirant Aerosol Deodorant Go Fresh Acai Berry & Waterlily 220mL,$8.50,$3.86/100mL,"https://cdn.metcash.media/image/upload/f_auto,c_limit,w_300,q_auto/igashop/images/170000003723"
Passage To India Simmer Sauce Curry Korma 375g,$6.30,$1.68/100g,"https://cdn.metcash.media/image/upload/f_auto,c_limit,w_300,q_auto/igashop/images/300395"
White King Power Clean In Cistern Bleach & Blue 2 Pack,$4.95,$2.48 each,"https://cdn.metcash.media/image/upload/f_auto,c_limit,w_300,q_auto/igashop/images/691712"
Black Swan Crafted Spinach And Feta Dip 170g,$5.10,$3.00/100g,https://www.igashop.com.au/static/default-product-image.png
Lilydale Free Range Breast Schnitzels 400g,$12.25,$3.06/100g,"https://cdn.metcash.media/image/upload/f_auto,c_limit,w_300,q_auto/igashop/images/712990"
V.I.P. Prota Adult Dog Food Beef Dinner 3kg,$9.50,$3.17/kg,"https://cdn.metcash.media/image/upload/f_auto,c_limit,w_300,q_auto/igashop/images/117718"
Huggies Ultra Dry Nappies Boys Size 4 (10-15kg) 18 Pack,$13.00,$0.72 each,"https://cdn.metcash.media/image/upload/f_auto,c_limit,w_300,q_auto/igashop/images/592442"
Oso Easy-Tie Kitchen Tidy Bags Small 34 Pack,$2.55,$0.08 each,"https://cdn.metcash.media/image/upload/f_auto,c_limit,w_300,q_auto/igashop/images/160000001898"
Ivan's Pumpkin Feta & Leek Tart 800g,$29.95,$3.74/100g,"https://cdn.metcash.media/image/upload/f_auto,c_limit,w_300,q_auto/igashop/images/190000004895"
Chobani Greek Yoghurt Mango 160g,$2.70,$1.69/100g,"https://cdn.metcash.media/image/upload/f_auto,c_limit,w_300,q_auto/igashop/images/20000007119"
Natures Organics Fruits Conditioner Shine Wild Berry 500mL,$2.00,$0.40/100mL,"https://cdn.metcash.media/image/upload/f_auto,c_limit,w_300,q_auto/igashop/images/451049"
Purina Felix Sensations Pet Food Jelly Fishy Combipack 24 Pack,$21.00,$0.88 each,"https://cdn.metcash.media/image/upload/f_auto,c_limit,w_300,q_auto/igashop/images/189891"
Wicked Chocolate Flavour Dip 130g,$3.00,$2.31/100g,"https://cdn.metcash.media/image/upload/f_auto,c_limit,w_300,q_auto/igashop/images/190000001070"
Green's Pudding Butterscotch Sponge Mix 260g,$3.75,$1.44/100g,"https://cdn.metcash.media/image/upload/f_auto,c_limit,w_300,q_auto/igashop/images/425991"
Uncle Tobys Cereal Bar Muesli Bars Raspberry Chocolate Chips 185g,$5.50,$2.97/100g,"https://cdn.metcash.media/image/upload/f_auto,c_limit,w_300,q_auto/igashop/images/465962"
Bubba Zoo Nappy Bags 50 Pack,$3.00,$0.06 each,"https://cdn.metcash.media/image/upload/f_auto,c_limit,w_300,q_auto/igashop/images/240320"
Deeko Jumbo Paper Straws 20 Pack,$4.20,$0.21 each,"https://cdn.metcash.media/image/upload/f_auto,c_limit,w_300,q_auto/igashop/images/180000004737"
Grinders Café-Q Darkoko Coffee Beans 1kg,$55.00,$55.00/kg,"https://cdn.metcash.media/image/upload/f_auto,c_limit,w_300,q_auto/igashop/images/239324"
Blue Wave Cooked Prawns Tail On 500g,$17.00,$3.40/100g,https://www.igashop.com.au/static/default-product-image.png
Claratyne Loratadine 10mg Tablets 10 Pack,$13.00,$1.30 each,"https://cdn.metcash.media/image/upload/f_auto,c_limit,w_300,q_auto/igashop/images/248933"
Finish Ultimate Auto Dishwash Tablets Lemon Sparkle 70 Pack,$28.80,$0.41 each,"https://cdn.metcash.media/image/upload/f_auto,c_limit,w_300,q_auto/igashop/images/1800000068967"
Cobram Estate Lemongrass & Ginger Meal Starters 375mL,$10.50,$2.80/100mL,"https://cdn.metcash.media/image/upload/f_auto,c_limit,w_300,q_auto/igashop/images/160000013708"
Golden Days Peanut & Cranberry Sesame Bites 120g,$5.10,$4.25/100g,"https://cdn.metcash.media/image/upload/f_auto,c_limit,w_300,q_auto/igashop/images/580335"
Betty Crocker Triple Chocolate Muffin 500g,$3.50,$0.70/100g,"https://cdn.metcash.media/image/upload/f_auto,c_limit,w_300,q_auto/igashop/images/20000002549"
Lite n' Easy Select Beef Stroganoff 430g,$13.50,$3.14/100g,"https://cdn.metcash.media/image/upload/f_auto,c_limit,w_300,q_auto/igashop/images/575241"
Heinz Seriously Good Creamy Tartare 295mL,$5.50,$1.86/100mL,"https://cdn.metcash.media/image/upload/f_auto,c_limit,w_300,q_auto/igashop/images/666568"
Samboy Single Pack BBQ 45g,$1.50,$3.33/100g,"https://cdn.metcash.media/image/upload/f_auto,c_limit,w_300,q_auto/igashop/images/843301"
Nutty Bruce Peanut Choc Nut Butter Bar 50g,$3.29,$6.58/100g,"https://cdn.metcash.media/image/upload/f_auto,c_limit,w_300,q_auto/igashop/images/160000012435"
Baker's Oven Tradtional Choc Chip Cookies 500g,$6.00,$1.20/100g,"https://cdn.metcash.media/image/upload/f_auto,c_limit,w_300,q_auto/igashop/images/245249"
Shale Point Cracked Pepper Wafer Cracker 150g,$5.20,$3.47/100g,"https://cdn.metcash.media/image/upload/f_auto,c_limit,w_300,q_auto/igashop/images/190000005002"
L'Or Espresso Lungo Profondo Capsules 30 Pack,$20.00,$0.67 each,"https://cdn.metcash.media/image/upload/f_auto,c_limit,w_300,q_auto/igashop/images/1800000067676"
Bushells Coffee & Chicory Essence 250mL,$7.00,$2.80/100mL,"https://cdn.metcash.media/image/upload/f_auto,c_limit,w_300,q_auto/igashop/images/10657"
MasterFoods Tuscan Seasoning 155g,$6.00,$3.87/100g,"https://cdn.metcash.media/image/upload/f_auto,c_limit,w_300,q_auto/igashop/images/885109"
Ocean Spray Cranberry Classic Juice Drink 1.5L,$6.40,$4.27/1L,"https://cdn.metcash.media/image/upload/f_auto,c_limit,w_300,q_auto/igashop/images/570908"
Streets Blue Ribbon Fudgy Choc Cookies Ice Cream Made with 100% Australian Dairy 1L,$8.00,$8.00/1L,"https://cdn.metcash.media/image/upload/f_auto,c_limit,w_300,q_auto/igashop/images/720605"
Only Organic Mango Yogurt Brekkie 120g,$2.15,$1.79/100g,"https://cdn.metcash.media/image/upload/f_auto,c_limit,w_300,q_auto/igashop/images/832520"
"Mexican To Go Nachos, Chipotle & Cheese 50g",$4.00,$8.00/100g,https://www.igashop.com.au/static/default-product-image.png
OAK Strawberry Flavoured Milk 600mL,$4.20,$0.70/100mL,"https://cdn.metcash.media/image/upload/f_auto,c_limit,w_300,q_auto/igashop/images/190000004171"
Vaalia Lactose Free Kids Probiotics Yoghurt Vanilla 140g,$2.50,$1.79/100g,"https://cdn.metcash.media/image/upload/f_auto,c_limit,w_300,q_auto/igashop/images/181063"
Johnson's Baby Powder 600g,$10.30,$1.72/100g,"https://cdn.metcash.media/image/upload/f_auto,c_limit,w_300,q_auto/igashop/images/295901"
Carrots Prepack 5kg,$6.80,N/A,"https://cdn.metcash.media/image/upload/f_auto,c_limit,w_300,q_auto/igashop/images/80050133"
Duracell Battery Ultra AAA 4 Pack,$10.50,$2.63 each,"https://cdn.metcash.media/image/upload/f_auto,c_limit,w_300,q_auto/igashop/images/214455"
Spice & Co Chipotle Jalapeno Powder Ground 30g,$3.75,$12.50/100g,"https://cdn.metcash.media/image/upload/f_auto,c_limit,w_300,q_auto/igashop/images/190000002430"
Farmers Union Greek Style Yogurt Mango Pouch 130g,$2.15,$1.65/100g,"https://cdn.metcash.media/image/upload/f_auto,c_limit,w_300,q_auto/igashop/images/465496"
Lo Bros Kombucha Organic Blueberry 750mL,$7.00,$0.93/100mL,"https://cdn.metcash.media/image/upload/f_auto,c_limit,w_300,q_auto/igashop/images/190000003698"
Crankt Protein Shake Chocolate 400mL,$5.50,$13.75/1L,"https://cdn.metcash.media/image/upload/f_auto,c_limit,w_300,q_auto/igashop/images/217746"
Arnott's Tim Tam Biscuits Inspired By Jatz 165g,$3.00,$1.82/100g,"https://cdn.metcash.media/image/upload/f_auto,c_limit,w_300,q_auto/igashop/images/180000005540"
Chicken Tonight Simmer Sauce Creamy Stroganoff 475g,$4.00,$0.84/100g,"https://cdn.metcash.media/image/upload/f_auto,c_limit,w_300,q_auto/igashop/images/160000018206"
Black & Gold White Sugar 2kg,$2.60,$1.30/kg,"https://cdn.metcash.media/image/upload/f_auto,c_limit,w_300,q_auto/igashop/images/348505"
Vileda Scourer Power Scrub,$8.45,N/A,"https://cdn.metcash.media/image/upload/f_auto,c_limit,w_300,q_auto/igashop/images/649757"
Nestlé Soothers Herbal Peppermint Plus Lemon Lozenges 70g,$5.65,$8.07/100g,"https://cdn.metcash.media/image/upload/f_auto,c_limit,w_300,q_auto/igashop/images/156097"
Uncle Tobys Roll-Ups Snacks For Kids Grape 94g,$5.50,$5.85/100g,"https://cdn.metcash.media/image/upload/f_auto,c_limit,w_300,q_auto/igashop/images/466049"
San Remo La Pasta Macaroni Cheese Pasta & Sauce 80g,$1.40,$1.75/100g,"https://cdn.metcash.media/image/upload/f_auto,c_limit,w_300,q_auto/igashop/images/328783"
Homestead Chicken Pate 150g,$6.20,$4.13/100g,"https://cdn.metcash.media/image/upload/f_auto,c_limit,w_300,q_auto/igashop/images/20000006428"
Activia Yoghurt Mango 4 Pack,$6.00,$1.50 each,"https://cdn.metcash.media/image/upload/f_auto,c_limit,w_300,q_auto/igashop/images/155562"
Olive Grove Spread Buttery & Sea Salt 500g,$5.80,$1.16/100g,"https://cdn.metcash.media/image/upload/f_auto,c_limit,w_300,q_auto/igashop/images/20000001711"
Ribena Fruit Juice Syrup Blackcurrant 1L,$7.40,$7.40/1L,"https://cdn.metcash.media/image/upload/f_auto,c_limit,w_300,q_auto/igashop/images/982359"
Beerenberg Chipotle Ranch Sauce 300mL,$6.55,$2.18/100mL,"https://cdn.metcash.media/image/upload/f_auto,c_limit,w_300,q_auto/igashop/images/460771"
White Wings Premium All Purpose Plain Flour 2kg,$4.95,$2.48/kg,"https://cdn.metcash.media/image/upload/f_auto,c_limit,w_300,q_auto/igashop/images/39229"
Maggi Fusian Soupy Noodles Japanese Teriyaki Flavour 5 Pack 350g,$5.50,$1.57/100g,"https://cdn.metcash.media/image/upload/f_auto,c_limit,w_300,q_auto/igashop/images/1800000070176"
Heinz Seriously Good Margherita Pizza Mayonnaise 295mL,$5.50,$1.86/100mL,https://www.igashop.com.au/static/default-product-image.png
MasterFoods Seasoning Spaghetti Bolognese 40g,$6.50,$16.25/100g,"https://cdn.metcash.media/image/upload/f_auto,c_limit,w_300,q_auto/igashop/images/442650"
Bulla Creamy Classics Ice Cream Sandwich Vanilla 4 Pack,$8.50,$2.13 each,"https://cdn.metcash.media/image/upload/f_auto,c_limit,w_300,q_auto/igashop/images/20000001717"
Clif Bar Coconut Chocolate Chip Bar 68g,$3.40,$5.00/100g,"https://cdn.metcash.media/image/upload/f_auto,c_limit,w_300,q_auto/igashop/images/160000013599"
Kind Crunchy Peanut Butter Protein Bar 50g,$3.95,$7.90/100g,"https://cdn.metcash.media/image/upload/f_auto,c_limit,w_300,q_auto/igashop/images/180000006335"
Monster Energy Ruby Red Cans 500mL,$4.45,$0.89/100mL,https://www.igashop.com.au/static/default-product-image.png
Off! Tropical Strength Insect Repellent Spray 175mL,$8.75,$5.00/100mL,"https://cdn.metcash.media/image/upload/f_auto,c_limit,w_300,q_auto/igashop/images/363592"
Maybelline Superstay Vinyl Ink Liquid Lipstick Cheeky 4.2mL,$27.00,$642.86/100mL,"https://cdn.metcash.media/image/upload/f_auto,c_limit,w_300,q_auto/igashop/images/349218"
Haribo Tangfastics 150g,$2.00,$1.33/100g,"https://cdn.metcash.media/image/upload/f_auto,c_limit,w_300,q_auto/igashop/images/807012"
Val Verde Red Kidney Beans 400g,$2.00,$0.50/100g,"https://cdn.metcash.media/image/upload/f_auto,c_limit,w_300,q_auto/igashop/images/789604"
SPC Apple Sauce 375mL,$3.60,$0.96/100mL,"https://cdn.metcash.media/image/upload/f_auto,c_limit,w_300,q_auto/igashop/images/36190"
Remedy Sodaly Passionfruit 4 Pack,$6.20,$1.55 each,"https://cdn.metcash.media/image/upload/f_auto,c_limit,w_300,q_auto/igashop/images/20000007248"
DON Entertain Salami Italian 80g,$4.00,$5.00/100g,"https://cdn.metcash.media/image/upload/f_auto,c_limit,w_300,q_auto/igashop/images/180000002637"
Community Co Salted Mixed Nuts 375g,$5.35,$1.43/100g,"https://cdn.metcash.media/image/upload/f_auto,c_limit,w_300,q_auto/igashop/images/836838"
Sirena Tuna Smoke Infused Oil 95g,$2.95,$3.11/100g,https://www.igashop.com.au/static/default-product-image.png
Palmolive Luminous Oils Hair Conditioner Rose Petal Oil & Bamboo Restore & Renew 350mL,$6.00,$1.71/100mL,"https://cdn.metcash.media/image/upload/f_auto,c_limit,w_300,q_auto/igashop/images/930674"
Community Co Crunchy Salad Kit 400g,$6.99,$1.75/100g,"https://cdn.metcash.media/image/upload/f_auto,c_limit,w_300,q_auto/igashop/images/919000"
U By Kotex Protect Liners with Design 30 Pack,$3.50,$0.12 each,"https://cdn.metcash.media/image/upload/f_auto,c_limit,w_300,q_auto/igashop/images/383788"
Arnott's Shortbread 250g,$2.90,$1.16/100g,"https://cdn.metcash.media/image/upload/f_auto,c_limit,w_300,q_auto/igashop/images/308864"
Praise Vegan Mayo 360g,$5.00,$1.39/100g,"https://cdn.metcash.media/image/upload/f_auto,c_limit,w_300,q_auto/igashop/images/902867"
Fairy Cooking Margarine 250g,$2.85,$1.14/100g,"https://cdn.metcash.media/image/upload/f_auto,c_limit,w_300,q_auto/igashop/images/20000001755"
Chobani FiT High Protein Greek Yoghurt Blueberry 160g,$3.00,$1.88/100g,"https://cdn.metcash.media/image/upload/f_auto,c_limit,w_300,q_auto/igashop/images/160000018277"
Beak & Sons Wings Buffalo Sauce 800g,$16.30,$2.04/100g,"https://cdn.metcash.media/image/upload/f_auto,c_limit,w_300,q_auto/igashop/images/190000009889"
Castrol Garden Oil 2T 1L,$13.00,$13.00/1L,"https://cdn.metcash.media/image/upload/f_auto,c_limit,w_300,q_auto/igashop/images/230003"
Blue Wave Tempura Prawns 1kg,$30.00,$30.00/kg,https://www.igashop.com.au/static/default-product-image.png
Dairy Free Down Under Cheddar Style Shreds 200g,$8.00,$4.00/100g,"https://cdn.metcash.media/image/upload/f_auto,c_limit,w_300,q_auto/igashop/images/5070"
Yellow Capsicum 220g,Final cost based on weight,$2.31/$10.50,"https://cdn.metcash.media/image/upload/f_auto,c_limit,w_300,q_auto/igashop/images/80060014"
Orion Turtle Chips Truffle 160g,$6.50,$4.06/100g,https://www.igashop.com.au/static/default-product-image.png
Cenovis Guarana & Ginseng 60 Pack,$19.00,$0.32 each,"https://cdn.metcash.media/image/upload/f_auto,c_limit,w_300,q_auto/igashop/images/496798"
Cadbury Slices Mint 176g,$8.00,$4.55/100g,"https://cdn.metcash.media/image/upload/f_auto,c_limit,w_300,q_auto/igashop/images/1800000067428"
The Ginger People Ginger Shot Wild Turmeric 60mL,$5.50,$9.17/100mL,"https://cdn.metcash.media/image/upload/f_auto,c_limit,w_300,q_auto/igashop/images/190000002292"
Maltesers Milk Chocolate Party Share Bucket 456g,$19.40,$4.25/100g,"https://cdn.metcash.media/image/upload/f_auto,c_limit,w_300,q_auto/igashop/images/826529"
Earth Choice Ultra Concentrate Dishwashing Liquid Lemongrass & Ginger 500mL,$2.50,$0.50/100mL,"https://cdn.metcash.media/image/upload/f_auto,c_limit,w_300,q_auto/igashop/images/993371"
Purina Fancy Feast Grilled Pet Food Salmon In Gravy Multipack 6 Pack,$7.00,$1.17 each,"https://cdn.metcash.media/image/upload/f_auto,c_limit,w_300,q_auto/igashop/images/180000003657"
Ice Break Flavoured Milk Iced Coffee Lactose Free 500mL,$3.95,$7.90/1L,"https://cdn.metcash.media/image/upload/f_auto,c_limit,w_300,q_auto/igashop/images/910522"
Cenovis Once Daily Women's Multi Capsules 100 Pack,$30.00,$0.30 each,"https://cdn.metcash.media/image/upload/f_auto,c_limit,w_300,q_auto/igashop/images/676652"
My Muscle Chef Protein Shake Mango Coconut 375mL,$5.95,$1.59/100mL,"https://cdn.metcash.media/image/upload/f_auto,c_limit,w_300,q_auto/igashop/images/681851"
Sukin Natural Balance Conditioner 500mL,$20.00,$4.00/100mL,"https://cdn.metcash.media/image/upload/f_auto,c_limit,w_300,q_auto/igashop/images/160000012515"
"Leggo's Stir Through Tomato, Olive & Chilli 350g",$5.30,$1.51/100g,"https://cdn.metcash.media/image/upload/f_auto,c_limit,w_300,q_auto/igashop/images/615253"
Cadbury Dairy Milk Snack 180g,$4.00,$2.22/100g,"https://cdn.metcash.media/image/upload/f_auto,c_limit,w_300,q_auto/igashop/images/462529"
Sistema Bento Box To Go,$9.35,N/A,"https://cdn.metcash.media/image/upload/f_auto,c_limit,w_300,q_auto/igashop/images/677624"
Nerada Detox Tea Bags 20 Pack,$8.00,$0.40 each,"https://cdn.metcash.media/image/upload/f_auto,c_limit,w_300,q_auto/igashop/images/160000012869"
Arnott's Teddy Bear 250g,$3.30,$1.32/100g,"https://cdn.metcash.media/image/upload/f_auto,c_limit,w_300,q_auto/igashop/images/344381"
CC's Tasty Cheese Corn Chips 175g,$4.00,$2.29/100g,"https://cdn.metcash.media/image/upload/f_auto,c_limit,w_300,q_auto/igashop/images/24240"
Black & Gold Tasty Shredded Cheese 900g,$13.25,$1.47/100g,https://www.igashop.com.au/static/default-product-image.png
Primo Maple Streaky Bacon 1kg,$27.95,$27.95/kg,https://www.igashop.com.au/static/default-product-image.png
Steggles Turkey Mince 500g,$7.50,$1.50/100g,"https://cdn.metcash.media/image/upload/f_auto,c_limit,w_300,q_auto/igashop/images/906057"
Curash Family Medicated Rash Powder 100g,$8.15,$8.15/100g,"https://cdn.metcash.media/image/upload/f_auto,c_limit,w_300,q_auto/igashop/images/485394"
Optimum Grain Free Dry Dog Food With Beef & Vegetables 2.5kg,$23.00,$9.20/kg,"https://cdn.metcash.media/image/upload/f_auto,c_limit,w_300,q_auto/igashop/images/897703_1"
Dr. Oetker Edible Decorations Giant Chocolate Stars 20g,$4.25,$21.25/100g,"https://cdn.metcash.media/image/upload/f_auto,c_limit,w_300,q_auto/igashop/images/677852"
Nutrimate Chicken 'n' Rice with Vegetables 3kg,$11.10,$3.70/kg,"https://cdn.metcash.media/image/upload/f_auto,c_limit,w_300,q_auto/igashop/images/281326"
Sourdough Loaf 1.2kg,$7.50,$6.25/kg,https://www.igashop.com.au/static/default-product-image.png
SodaKING Cola Sugar-Free Syrup 250mL,$3.60,$14.40/1L,"https://cdn.metcash.media/image/upload/f_auto,c_limit,w_300,q_auto/igashop/images/268268"
Aeroplane Jelly Dessert Mix Vanilla 100g,$1.80,$1.80/100g,"https://cdn.metcash.media/image/upload/f_auto,c_limit,w_300,q_auto/igashop/images/180000000158"
Love'Em Kangaroo Crunchy Bites 100g,$10.00,$10.00/100g,https://www.igashop.com.au/static/default-product-image.png
San Remo Shells Small Pasta No 28 500g,$2.95,$0.59/100g,"https://cdn.metcash.media/image/upload/f_auto,c_limit,w_300,q_auto/igashop/images/353754"
Korbond Metallic Spiral Candles,$2.99,N/A,"https://cdn.metcash.media/image/upload/f_auto,c_limit,w_300,q_auto/igashop/images/248543"
Wimmers Double Sarsaparilla 1.25L,$3.90,$3.12/1L,"https://cdn.metcash.media/image/upload/f_auto,c_limit,w_300,q_auto/igashop/images/190000004551"
Youfoodz Creamy Spinach Chicken With Penne & Parmesan 375g,$10.80,$2.88/100g,"https://cdn.metcash.media/image/upload/f_auto,c_limit,w_300,q_auto/igashop/images/1800000068779"
Rexona Men Antiperspirant Roll On Original Dry 50mL,$3.50,$7.00/100mL,"https://cdn.metcash.media/image/upload/f_auto,c_limit,w_300,q_auto/igashop/images/325887"
Always Fresh Garlic Olives 230g,$6.00,$2.61/100g,"https://cdn.metcash.media/image/upload/f_auto,c_limit,w_300,q_auto/igashop/images/659367"
Homestyle Bake White Sliced 700g,$4.00,$0.57/100g,https://www.igashop.com.au/static/default-product-image.png
Harvest Beef Irish Stew 425g,$5.00,$1.18/100g,"https://cdn.metcash.media/image/upload/f_auto,c_limit,w_300,q_auto/igashop/images/20068"
Black & Gold Cooking Salt 1kg,$2.95,$2.95/kg,"https://cdn.metcash.media/image/upload/f_auto,c_limit,w_300,q_auto/igashop/images/437532"
Ajax Professional Mould Power Household Cleaner Trigger 500mL,$5.50,$1.10/100mL,"https://cdn.metcash.media/image/upload/f_auto,c_limit,w_300,q_auto/igashop/images/87549"
Pears Pure & Gentle With Natural Oils Transparent Soap 3 Pack,$7.20,$2.40 each,"https://cdn.metcash.media/image/upload/f_auto,c_limit,w_300,q_auto/igashop/images/636990"
The Natural Confect Co. Juicy Burst Orange Passionfruit 150g,$3.50,$2.33/100g,"https://cdn.metcash.media/image/upload/f_auto,c_limit,w_300,q_auto/igashop/images/180000006423"
McKenzie's Lentils Whole Green 375g,$2.60,$0.69/100g,"https://cdn.metcash.media/image/upload/f_auto,c_limit,w_300,q_auto/igashop/images/354289"
Washed Potato Prepack 2kg,$8.50,N/A,"https://cdn.metcash.media/image/upload/f_auto,c_limit,w_300,q_auto/igashop/images/80050106"
Local Kitchen Creamy Potato 250g,$4.00,$1.60/100g,https://www.igashop.com.au/static/default-product-image.png
Pauls Premium Vanilla Bean Custard 600g,$2.00,$0.33/100g,"https://cdn.metcash.media/image/upload/f_auto,c_limit,w_300,q_auto/igashop/images/855065"
Glad to be Green 50% Ocean Bound Plastic Recycled Bags Large 20 Pack,$5.50,$0.28 each,"https://cdn.metcash.media/image/upload/f_auto,c_limit,w_300,q_auto/igashop/images/313819"
Fever-Tree Mediterranean Tonic Water 500mL,$4.50,$0.90/100mL,"https://cdn.metcash.media/image/upload/f_auto,c_limit,w_300,q_auto/igashop/images/6601629"
Active Expert Laundry Liquid Sensitive 2L,$6.50,$3.25/1L,"https://cdn.metcash.media/image/upload/f_auto,c_limit,w_300,q_auto/igashop/images/190000010104"
Optimum Puppy Dry Dog Food Chicken Bag 3kg,$18.40,$6.13/kg,"https://cdn.metcash.media/image/upload/f_auto,c_limit,w_300,q_auto/igashop/images/64481_1"
Twinings English Breakfast Tea Bags 10 Pack,$3.00,$0.30 each,"https://cdn.metcash.media/image/upload/f_auto,c_limit,w_300,q_auto/igashop/images/15843"
Sneaker People Sneak Cleaner 75mL,$7.90,$10.53/100mL,https://www.igashop.com.au/static/default-product-image.png
Zafarelli Pasta Spaghetti No 4 500g,$2.00,$0.40/100g,"https://cdn.metcash.media/image/upload/f_auto,c_limit,w_300,q_auto/igashop/images/331639"
Global Seafoods Beer Battered Whiting 500g,$9.00,$1.80/100g,"https://cdn.metcash.media/image/upload/f_auto,c_limit,w_300,q_auto/igashop/images/70186"
Krc Salami Thin Sliced Mild 1kg,$36.00,$36.00/kg,"https://cdn.metcash.media/image/upload/f_auto,c_limit,w_300,q_auto/igashop/images/145999"
Ingham's Devil Boneless Wings 5 Pack,$1.55,$0.31 each,"https://cdn.metcash.media/image/upload/f_auto,c_limit,w_300,q_auto/igashop/images/483708"
Pauls Vanilla Custard 1kg,$5.20,$5.20/kg,"https://cdn.metcash.media/image/upload/f_auto,c_limit,w_300,q_auto/igashop/images/144545"
Primo Reserve Tender Bbq Pork 130g,$6.10,$4.69/100g,"https://cdn.metcash.media/image/upload/f_auto,c_limit,w_300,q_auto/igashop/images/180000003645"
Hershey's Syrup Strawberry 425g,$4.50,$1.06/100g,"https://cdn.metcash.media/image/upload/f_auto,c_limit,w_300,q_auto/igashop/images/180000003589"
Massel Stock Powder Beef 168g,$4.00,$2.38/100g,"https://cdn.metcash.media/image/upload/f_auto,c_limit,w_300,q_auto/igashop/images/623719"
Mojo Kombucha Berry Blitz 250mL,$3.10,$12.40/1L,https://www.igashop.com.au/static/default-product-image.png
Mirabella 1.2W LED Pilot Small Edison Screw Warm White,$9.50,N/A,"https://cdn.metcash.media/image/upload/f_auto,c_limit,w_300,q_auto/igashop/images/770223"
Clairol Nice'N Easy Permanent Hair Colour 5Rb Natural Medium Chestnut Brown,$10.00,N/A,"https://cdn.metcash.media/image/upload/f_auto,c_limit,w_300,q_auto/igashop/images/580814"
Sara Lee Cafe Croissant 180g,$4.00,$2.22/100g,"https://cdn.metcash.media/image/upload/f_auto,c_limit,w_300,q_auto/igashop/images/1800000070613"
Real Foods Corn Thins Multigrain 150g,$1.50,$1.00/100g,"https://cdn.metcash.media/image/upload/f_auto,c_limit,w_300,q_auto/igashop/images/911625"
Queen Finest Madagascar Vanilla Bean Paste 50g,$10.00,$20.00/100g,"https://cdn.metcash.media/image/upload/f_auto,c_limit,w_300,q_auto/igashop/images/672933"
Cadbury Dairy Milk Easter Egg Gift Box 400g,$20.40,$5.10/100g,"https://cdn.metcash.media/image/upload/f_auto,c_limit,w_300,q_auto/igashop/images/442809"
"Sensodyne Daily Care, Sensitive Toothpaste 110g",$9.70,$8.82/100g,"https://cdn.metcash.media/image/upload/f_auto,c_limit,w_300,q_auto/igashop/images/53079"
CC's Corn Chips Classic Meat Pie 175g,$5.00,$2.86/100g,"https://cdn.metcash.media/image/upload/f_auto,c_limit,w_300,q_auto/igashop/images/985187"
Ben's Original Indian Style Spiced Rice 250g,$2.00,$0.80/100g,"https://cdn.metcash.media/image/upload/f_auto,c_limit,w_300,q_auto/igashop/images/160000005600"
Palmolive Regular Dishwashing Liquid Lemon Lime With Citrus Extracts Tough On Grease 750mL,$4.00,$0.53/100mL,"https://cdn.metcash.media/image/upload/f_auto,c_limit,w_300,q_auto/igashop/images/14868"
Bundaberg Brewed Ginger Beer 750mL,$2.80,$0.37/100mL,"https://cdn.metcash.media/image/upload/f_auto,c_limit,w_300,q_auto/igashop/images/428583"
Well Being Grain Fusion Bread 700g,$6.80,$0.97/100g,"https://cdn.metcash.media/image/upload/f_auto,c_limit,w_300,q_auto/igashop/images/20000006874"
Duro-Tuss Lingering Cough Liquid + Immune Support 200mL,$17.00,$8.50/100mL,"https://cdn.metcash.media/image/upload/f_auto,c_limit,w_300,q_auto/igashop/images/169655"
BIC Gelocity Original Black 2 Pack,$2.75,$1.38 each,"https://cdn.metcash.media/image/upload/f_auto,c_limit,w_300,q_auto/igashop/images/814064"
Sirena Tuna Slices In Oil Italian Style 125g,$3.50,$2.80/100g,"https://cdn.metcash.media/image/upload/f_auto,c_limit,w_300,q_auto/igashop/images/190000002954"
Korbond Safety Pins Gilt 36 Pack,$3.50,$0.10 each,"https://cdn.metcash.media/image/upload/f_auto,c_limit,w_300,q_auto/igashop/images/262149"
NIVEA MEN Deep Darkwood Anti-Perspirant Aerosol 250mL,$4.75,$1.90/100mL,"https://cdn.metcash.media/image/upload/f_auto,c_limit,w_300,q_auto/igashop/images/190000009992"
Primo Stackers Mild Salami with Crackers & Cheddar Cheese 50g,$3.00,$6.00/100g,"https://cdn.metcash.media/image/upload/f_auto,c_limit,w_300,q_auto/igashop/images/113243"
Peters Light & Creamy French Vanilla Ice Cream 1.8L,$6.50,$3.61/1L,"https://cdn.metcash.media/image/upload/f_auto,c_limit,w_300,q_auto/igashop/images/103497"
Arnott's Wagon Wheels Mini 190g,$2.75,$1.45/100g,"https://cdn.metcash.media/image/upload/f_auto,c_limit,w_300,q_auto/igashop/images/386032"
INGHAM'S Roll Chicken 250g,$3.90,$1.56/100g,"https://cdn.metcash.media/image/upload/f_auto,c_limit,w_300,q_auto/igashop/images/170863"
Nyal Ibuprofen 24 Pack,$4.00,$0.17 each,"https://cdn.metcash.media/image/upload/f_auto,c_limit,w_300,q_auto/igashop/images/160000001330"
Ecostore Dish Liquid Lemon 500mL,$4.80,$0.96/100mL,"https://cdn.metcash.media/image/upload/f_auto,c_limit,w_300,q_auto/igashop/images/49460"
Queen Yellow Food Colour 50mL,$1.20,$2.40/100mL,"https://cdn.metcash.media/image/upload/f_auto,c_limit,w_300,q_auto/igashop/images/352287"
Eat Pasta Linguine 375g,$6.00,$1.60/100g,"https://cdn.metcash.media/image/upload/f_auto,c_limit,w_300,q_auto/igashop/images/9262"
Nestlé Milky Bar Gold 170g,$5.00,$2.94/100g,"https://cdn.metcash.media/image/upload/f_auto,c_limit,w_300,q_auto/igashop/images/250883"
Vittoria Espressotoria Mountain Grown Coffee Capsules 12 Pack,$6.60,$0.55 each,"https://cdn.metcash.media/image/upload/f_auto,c_limit,w_300,q_auto/igashop/images/729248"
S&W Mayonnaise Light 440g,$7.00,$1.59/100g,"https://cdn.metcash.media/image/upload/f_auto,c_limit,w_300,q_auto/igashop/images/877949"
Twinings Live Well Uplift 12 Pack,$6.50,$0.54 each,"https://cdn.metcash.media/image/upload/f_auto,c_limit,w_300,q_auto/igashop/images/160000005531"
Dairy Farmers Full Cream Milk 3L,$6.80,$2.27/1L,"https://cdn.metcash.media/image/upload/f_auto,c_limit,w_300,q_auto/igashop/images/117459"
Tostitos Lightly Salted 175g,$5.20,$2.97/100g,"https://cdn.metcash.media/image/upload/f_auto,c_limit,w_300,q_auto/igashop/images/192912"
Mojo Activated Kombucha Passionfruit 330mL,$4.44,$1.35/100mL,"https://cdn.metcash.media/image/upload/f_auto,c_limit,w_300,q_auto/igashop/images/836948"
Chum with Chicken 1.2kg,$3.60,$3.00/kg,"https://cdn.metcash.media/image/upload/f_auto,c_limit,w_300,q_auto/igashop/images/75801"
Musashi Energy Drink Watermelon 500mL,$4.50,$0.90/100mL,https://www.igashop.com.au/static/default-product-image.png
Energizer Max Plus Advanced 9V 2 Pack,$20.50,$10.25 each,"https://cdn.metcash.media/image/upload/f_auto,c_limit,w_300,q_auto/igashop/images/739463"
Gravox Pepper Steak Finishing Sauce 250g,$4.50,$1.80/100g,"https://cdn.metcash.media/image/upload/f_auto,c_limit,w_300,q_auto/igashop/images/809522"
Fancy Feast Adult Cat Food Virgin Flaked Tuna 85g,$2.30,$2.71/100g,"https://cdn.metcash.media/image/upload/f_auto,c_limit,w_300,q_auto/igashop/images/417841"
Rafferty's Garden Happy Tummies Banana Prune & Oats 12M+ 120g,$2.50,$2.08/100g,https://www.igashop.com.au/static/default-product-image.png
Dove Men Body Wash Deep Clean 400mL,$7.00,$1.75/100mL,"https://cdn.metcash.media/image/upload/f_auto,c_limit,w_300,q_auto/igashop/images/81988"
Vittoria Espressotoria Oro Coffee Capsules 12 Pack,$6.60,$0.55 each,"https://cdn.metcash.media/image/upload/f_auto,c_limit,w_300,q_auto/igashop/images/735891"
Armor All Car Care Chamois 335mm X 430mm,$15.50,N/A,"https://cdn.metcash.media/image/upload/f_auto,c_limit,w_300,q_auto/igashop/images/709620"
Heinz Mixed Vegetables 500g,$3.15,$0.63/100g,"https://cdn.metcash.media/image/upload/f_auto,c_limit,w_300,q_auto/igashop/images/145180"
Surf Laundry Liquid Herbals Extract 4L,$20.00,$5.00/1L,"https://cdn.metcash.media/image/upload/f_auto,c_limit,w_300,q_auto/igashop/images/160000004742"
Toscano Chocolate Filled Crepes 192g,$6.99,$3.64/100g,"https://cdn.metcash.media/image/upload/f_auto,c_limit,w_300,q_auto/igashop/images/180000000329"
MasterFoods Squeezy Honey Mustard 275g,$3.50,$1.27/100g,"https://cdn.metcash.media/image/upload/f_auto,c_limit,w_300,q_auto/igashop/images/7617"
Ultimates Indulge Adult Cat Food Whitemeat Tuna With Salmon 85g,$1.75,$2.06/100g,"https://cdn.metcash.media/image/upload/f_auto,c_limit,w_300,q_auto/igashop/images/462147"
Vitasoy Fresh Calci Plus 1L,$3.40,$3.40/1L,"https://cdn.metcash.media/image/upload/f_auto,c_limit,w_300,q_auto/igashop/images/128549"
Whittaker's Block Caramelised White Chocolate Mango & Coconut 250g,$9.00,$3.60/100g,https://www.igashop.com.au/static/default-product-image.png
La Tosca Chicken Tortellini 500g,$6.95,$1.39/100g,"https://cdn.metcash.media/image/upload/f_auto,c_limit,w_300,q_auto/igashop/images/8028"
Blue Ribbon Frozen Dessert Mint Chocolate 2L,$6.50,$3.25/1L,"https://cdn.metcash.media/image/upload/f_auto,c_limit,w_300,q_auto/igashop/images/180000006257"
South Cape Brie Cheese 200g,$6.00,$3.00/100g,"https://cdn.metcash.media/image/upload/f_auto,c_limit,w_300,q_auto/igashop/images/114867"
Smith's Crinkle Cut Cheese & Onion Potato Chips 170g,$3.75,$2.21/100g,"https://cdn.metcash.media/image/upload/f_auto,c_limit,w_300,q_auto/igashop/images/299162"
Fletchers Fruit Chutney 420g,$3.25,$0.77/100g,"https://cdn.metcash.media/image/upload/f_auto,c_limit,w_300,q_auto/igashop/images/93867"
Brunnings Path Weeder 1L,$13.00,$13.00/1L,"https://cdn.metcash.media/image/upload/f_auto,c_limit,w_300,q_auto/igashop/images/260448"
Vicks VapoDrops Original Menthol 42 Pack,$8.50,$0.20 each,"https://cdn.metcash.media/image/upload/f_auto,c_limit,w_300,q_auto/igashop/images/803291"
My Dog Tender Chicken and Turkey Banquet Loaf Classics Wet Dog Food Can 680g,$3.70,$0.54/100g,"https://cdn.metcash.media/image/upload/f_auto,c_limit,w_300,q_auto/igashop/images/17390"
White Wings Parsons Vanilla Creamed Rice 98% Fat Free 430g,$3.50,$0.81/100g,"https://cdn.metcash.media/image/upload/f_auto,c_limit,w_300,q_auto/igashop/images/91572"
MeadowLea Original Margarine Spread 500g,$4.00,$0.80/100g,"https://cdn.metcash.media/image/upload/f_auto,c_limit,w_300,q_auto/igashop/images/100119"
Fanta Grape Soft Drink Bottle 1.25L,$2.50,$2.00/1L,"https://cdn.metcash.media/image/upload/f_auto,c_limit,w_300,q_auto/igashop/images/180000003569"
Swisse Ultiboost Iron 30 Pack,$7.50,$0.25 each,"https://cdn.metcash.media/image/upload/f_auto,c_limit,w_300,q_auto/igashop/images/305366"
Black & Gold Roaster Foil Tray Oval,$4.80,N/A,"https://cdn.metcash.media/image/upload/f_auto,c_limit,w_300,q_auto/igashop/images/190000010075"
Nestlé Kit Kat Chocolate Gold Crush 42g,$3.00,$7.14/100g,https://www.igashop.com.au/static/default-product-image.png
Skyn Lubricant Hydracomfort 80mL,$10.40,$13.00/100mL,"https://cdn.metcash.media/image/upload/f_auto,c_limit,w_300,q_auto/igashop/images/668442"
Cocobella Coconut Water Chocolate 1L,$2.75,$2.75/1L,"https://cdn.metcash.media/image/upload/f_auto,c_limit,w_300,q_auto/igashop/images/647051"
Air Wick Pure Air Freshener Cherry 159g,$8.00,$5.03/100g,"https://cdn.metcash.media/image/upload/f_auto,c_limit,w_300,q_auto/igashop/images/759361"
Sunbeam Australian Sunmuscat Sultanas 450g,$6.65,$1.48/100g,"https://cdn.metcash.media/image/upload/f_auto,c_limit,w_300,q_auto/igashop/images/312787"
Community Co Organic Eggs Large 12 Pack,$10.75,$0.90 each,"https://cdn.metcash.media/image/upload/f_auto,c_limit,w_300,q_auto/igashop/images/490292"
Herbert Adams Pies Gourmet King Beef 12 Pack,$11.00,$0.92 each,"https://cdn.metcash.media/image/upload/f_auto,c_limit,w_300,q_auto/igashop/images/147750"
Tunnock's Snacks Tea Cakes 6 Pack,$9.80,$1.63 each,"https://cdn.metcash.media/image/upload/f_auto,c_limit,w_300,q_auto/igashop/images/675009"
Happy Cake Co Mudcake Slices 500g,$8.20,$1.64/100g,https://www.igashop.com.au/static/default-product-image.png
Sirena Tuna Triple Chilli 95g,$2.95,$3.11/100g,"https://cdn.metcash.media/image/upload/f_auto,c_limit,w_300,q_auto/igashop/images/625614"
Wokka Noodle Ramen Noodles 400g,$3.00,$0.75/100g,"https://cdn.metcash.media/image/upload/f_auto,c_limit,w_300,q_auto/igashop/images/995297"
Arnott's Biscuits Fruit & Oat Oaty Bites Snackright 150g,$6.00,$4.00/100g,"https://cdn.metcash.media/image/upload/f_auto,c_limit,w_300,q_auto/igashop/images/278797"
Black & Gold Rolled Oats 750g,$1.60,$0.21/100g,"https://cdn.metcash.media/image/upload/f_auto,c_limit,w_300,q_auto/igashop/images/73817"
Brut 48Hr Endurance Antiperspirant 130g,$8.50,$6.54/100g,"https://cdn.metcash.media/image/upload/f_auto,c_limit,w_300,q_auto/igashop/images/620949"
Pandaroo Vermicelli Bean Thread 100g,$1.10,$1.10/100g,"https://cdn.metcash.media/image/upload/f_auto,c_limit,w_300,q_auto/igashop/images/20000005365"
McCain Dinner Veal Cordon Bleu 320g,$7.50,$2.34/100g,"https://cdn.metcash.media/image/upload/f_auto,c_limit,w_300,q_auto/igashop/images/167381"
Suimin Rice Crackers Seaweed 100g,$1.75,$1.75/100g,"https://cdn.metcash.media/image/upload/f_auto,c_limit,w_300,q_auto/igashop/images/800141"
Nestlé Milo Ice Cream 1.2L,$10.00,$8.33/1L,"https://cdn.metcash.media/image/upload/f_auto,c_limit,w_300,q_auto/igashop/images/20000004075"
Rafferty's Garden Prebiotics Strawberry & Chia Yoghurt Brekkie 120g,$1.90,$1.58/100g,"https://cdn.metcash.media/image/upload/f_auto,c_limit,w_300,q_auto/igashop/images/244722"
Kellogg's Special K Gluten Free 330g,$7.50,$2.27/100g,"https://cdn.metcash.media/image/upload/f_auto,c_limit,w_300,q_auto/igashop/images/596909"
Ardmona Rich & Thick Diced Tomato with Paste Mixed Herbs 410g,$2.00,$0.49/100g,"https://cdn.metcash.media/image/upload/f_auto,c_limit,w_300,q_auto/igashop/images/431439"
Cadbury Oreo Gift Box 172g,$13.75,$7.99/100g,"https://cdn.metcash.media/image/upload/f_auto,c_limit,w_300,q_auto/igashop/images/180000005353"
Pigeon Brand Baby Corn In Brine 425g,$2.00,$0.47/100g,"https://cdn.metcash.media/image/upload/f_auto,c_limit,w_300,q_auto/igashop/images/280532"
Gillette Blue 3 Disposable Shaving Razor 8 Pack,$13.00,$1.63 each,"https://cdn.metcash.media/image/upload/f_auto,c_limit,w_300,q_auto/igashop/images/21412"
Fancy Feast Kitten Food Ocean Whitefish Tuna 85g,$1.60,$1.88/100g,"https://cdn.metcash.media/image/upload/f_auto,c_limit,w_300,q_auto/igashop/images/682776"
Gillette Fusion Razor Handle + 4 Cartridges,$37.00,N/A,"https://cdn.metcash.media/image/upload/f_auto,c_limit,w_300,q_auto/igashop/images/160000011033"
Dairy Farmers Thick & Creamy Yoghurt Field Strawberry 600g,$5.95,$0.99/100g,"https://cdn.metcash.media/image/upload/f_auto,c_limit,w_300,q_auto/igashop/images/180818"
McCain Man Size Curried Sausages 480g,$9.50,$1.98/100g,"https://cdn.metcash.media/image/upload/f_auto,c_limit,w_300,q_auto/igashop/images/799015"
Grinders Double Espresso Coffee Capsules 80g 10 Pack,$8.00,$0.80 each,"https://cdn.metcash.media/image/upload/f_auto,c_limit,w_300,q_auto/igashop/images/689715"
Jalna Natural Greek Yoghurt 170g,$2.00,$1.18/100g,"https://cdn.metcash.media/image/upload/f_auto,c_limit,w_300,q_auto/igashop/images/636924"
Community Co Cottage Pie 1kg,$18.00,$18.00/kg,"https://cdn.metcash.media/image/upload/f_auto,c_limit,w_300,q_auto/igashop/images/225354"
Sol Breads Organic Dark Rye Sliced 620g,$9.95,$1.60/100g,https://www.igashop.com.au/static/default-product-image.png
Ocean Blue Smoked Salmon 180g,$13.50,$7.50/100g,"https://cdn.metcash.media/image/upload/f_auto,c_limit,w_300,q_auto/igashop/images/160000002405"
Weet-Bix Breakfast Cereal Gluten Free 400g,$5.50,$1.38/100g,https://www.igashop.com.au/static/default-product-image.png
Community Co Whole Peeled Tomatoes 400g,$1.30,$0.33/100g,"https://cdn.metcash.media/image/upload/f_auto,c_limit,w_300,q_auto/igashop/images/190000004753"
Blackmores Fish Oil 1000 Capsules 400 Pack,$30.00,$0.08 each,"https://cdn.metcash.media/image/upload/f_auto,c_limit,w_300,q_auto/igashop/images/160000011532"
Nice & Natural Nut Butter Bars Peanut Butter With Milk Chocolate 5 Pack,$5.00,$1.00 each,"https://cdn.metcash.media/image/upload/f_auto,c_limit,w_300,q_auto/igashop/images/160000013169"
MasterFoods Mild English Mustard 175g,$3.00,$1.71/100g,"https://cdn.metcash.media/image/upload/f_auto,c_limit,w_300,q_auto/igashop/images/343238"
Colgate Advanced Whitening Charcoal Toothpaste 170g,$11.00,$6.47/100g,"https://cdn.metcash.media/image/upload/f_auto,c_limit,w_300,q_auto/igashop/images/515005"
Simply Clean Lemon Myrtle Dishwash Liquid 500mL,$8.00,$1.60/100mL,"https://cdn.metcash.media/image/upload/f_auto,c_limit,w_300,q_auto/igashop/images/150000008101"
Little Lucifer Bbq Accessory Fire Starters 24 pack 24 Pack,$5.80,$0.24 each,"https://cdn.metcash.media/image/upload/f_auto,c_limit,w_300,q_auto/igashop/images/15665"
Black & Gold Paper Cups 15 Pack,$4.30,$0.29 each,https://www.igashop.com.au/static/default-product-image.png
Imodium Diarrhoea Treatment 2mg Capsules 8 Pack,$12.00,$1.50 each,"https://cdn.metcash.media/image/upload/f_auto,c_limit,w_300,q_auto/igashop/images/387897"
Nerada Cup or Pot Bags 200g,$5.50,$2.75/100g,"https://cdn.metcash.media/image/upload/f_auto,c_limit,w_300,q_auto/igashop/images/20000002406"
3M Command Picture Hanging Strips Medium White 4 Pack,$8.25,$2.06 each,"https://cdn.metcash.media/image/upload/f_auto,c_limit,w_300,q_auto/igashop/images/344519"
The British Sausage Co Premium Beefeater BBQ Sausages 500g,$10.00,$2.00/100g,"https://cdn.metcash.media/image/upload/f_auto,c_limit,w_300,q_auto/igashop/images/180000001324"
Jindi Camembert 200g,$8.00,$4.00/100g,"https://cdn.metcash.media/image/upload/f_auto,c_limit,w_300,q_auto/igashop/images/323110"
Always Fresh Crustini Olive & Sea Salt 120g,$4.50,$3.75/100g,"https://cdn.metcash.media/image/upload/f_auto,c_limit,w_300,q_auto/igashop/images/601458"
Musashi High Protein Strawberry Milk 375mL,$4.00,$1.07/100mL,https://www.igashop.com.au/static/default-product-image.png
Organic Apple Pink Lady 500g,$8.95,$1.79/100g,https://www.igashop.com.au/static/default-product-image.png
Lean Cuisine Chicken & Sundried Tomato Pasta 375g,$7.00,$1.87/100g,"https://cdn.metcash.media/image/upload/f_auto,c_limit,w_300,q_auto/igashop/images/957388"
Olay Moisturising Lotion All Day Hydration 150mL,$17.00,$11.33/100mL,"https://cdn.metcash.media/image/upload/f_auto,c_limit,w_300,q_auto/igashop/images/61404"
Piranha Chicca Chips Italian Supreme 75g,$4.25,$5.67/100g,"https://cdn.metcash.media/image/upload/f_auto,c_limit,w_300,q_auto/igashop/images/160000014153"
Proper Crisps Marlborough Sea Salt 150g,$6.90,$4.60/100g,"https://cdn.metcash.media/image/upload/f_auto,c_limit,w_300,q_auto/igashop/images/6904"
Finish Quantum Ultimate Auto Dishwash Tablets Pro 46 Pack,$22.05,$0.48 each,"https://cdn.metcash.media/image/upload/f_auto,c_limit,w_300,q_auto/igashop/images/238420"
Brookfarm Cranberry Macadamia Toasted Muesli 500g,$14.95,$2.99/100g,"https://cdn.metcash.media/image/upload/f_auto,c_limit,w_300,q_auto/igashop/images/20000000532"
Pascall Marshmallows 520g,$6.50,$1.25/100g,"https://cdn.metcash.media/image/upload/f_auto,c_limit,w_300,q_auto/igashop/images/335374"
McKenzie's French Style Lentils 375g,$3.70,$0.99/100g,"https://cdn.metcash.media/image/upload/f_auto,c_limit,w_300,q_auto/igashop/images/426573"
Campbell's Real Chicken Liquid Stock 500mL,$2.75,$0.55/100mL,"https://cdn.metcash.media/image/upload/f_auto,c_limit,w_300,q_auto/igashop/images/357863"
Astra Everyday Wipes 10 Pack,$2.80,$0.28 each,"https://cdn.metcash.media/image/upload/f_auto,c_limit,w_300,q_auto/igashop/images/369983"
Dove Advanced Antiperspirant Aerosol Pomegranate 250mL,$5.50,$2.20/100mL,"https://cdn.metcash.media/image/upload/f_auto,c_limit,w_300,q_auto/igashop/images/663188"
Pandaroo Coconut Sugar 500g,$4.50,$0.90/100g,"https://cdn.metcash.media/image/upload/f_auto,c_limit,w_300,q_auto/igashop/images/20000005350"
Whole Beef Eye Fillet 3.5kg,Final cost based on weight,$112.00/$32.00,"https://cdn.metcash.media/image/upload/f_auto,c_limit,w_300,q_auto/igashop/images/80080141"
KB Seafood Barramundi Portion Skin On 260g,$12.50,$4.81/100g,https://www.igashop.com.au/static/default-product-image.png
Beerenberg Peppercorn Sauce 300mL,$6.55,$2.18/100mL,"https://cdn.metcash.media/image/upload/f_auto,c_limit,w_300,q_auto/igashop/images/811870"
Community Co Ginger Biscuit Ice Cream 1L,$6.50,$6.50/1L,"https://cdn.metcash.media/image/upload/f_auto,c_limit,w_300,q_auto/igashop/images/273836"
Farmers Union No Added Sugar Yoghurt Kids Pouch Blueberry 130g,$2.15,$1.65/100g,"https://cdn.metcash.media/image/upload/f_auto,c_limit,w_300,q_auto/igashop/images/163609"
Kettle Potato Chips Variety Multipack 280g,$9.10,$3.25/100g,"https://cdn.metcash.media/image/upload/f_auto,c_limit,w_300,q_auto/igashop/images/504538"
Black & Gold Chicken Noodle Soup 50g,$0.55,$1.10/100g,"https://cdn.metcash.media/image/upload/f_auto,c_limit,w_300,q_auto/igashop/images/640821"
Dairy Farmers Yoghurt Thick & Creamy Mango & Passionfruit 150g,$1.50,$1.00/100g,"https://cdn.metcash.media/image/upload/f_auto,c_limit,w_300,q_auto/igashop/images/180787"
Schmackos Strapz Variety Pack Chicken Liver & Beef Dog Treats 500g,$17.00,$3.40/100g,"https://cdn.metcash.media/image/upload/f_auto,c_limit,w_300,q_auto/igashop/images/897622"
The Happy Cake Co Chocolate Cake 450g,$12.00,$2.67/100g,"https://cdn.metcash.media/image/upload/f_auto,c_limit,w_300,q_auto/igashop/images/190000004920"
Huttons Bacon Short Cut 1kg,$14.90,$14.90/kg,"https://cdn.metcash.media/image/upload/f_auto,c_limit,w_300,q_auto/igashop/images/664480"
Pukka Herbal Infusion Licorice & Cinnamon 40 GR 20 Pack,$9.00,$0.45 each,"https://cdn.metcash.media/image/upload/f_auto,c_limit,w_300,q_auto/igashop/images/150000000362"
Yarrows Apple & Rhubarb Pastries 4 Pack,$3.00,$0.75 each,https://www.igashop.com.au/static/default-product-image.png
Pauls Bluey Vanilla Custard 70g,$2.00,$2.86/100g,"https://cdn.metcash.media/image/upload/f_auto,c_limit,w_300,q_auto/igashop/images/172925"
"Golden Circle Pine Mango Mash Up Apple, Pineapple & Mango Pouch 120g",$1.50,$1.25/100g,"https://cdn.metcash.media/image/upload/f_auto,c_limit,w_300,q_auto/igashop/images/785464"
Double Pheonix Vermicelli Green Bean 100g,$1.00,$1.00/100g,"https://cdn.metcash.media/image/upload/f_auto,c_limit,w_300,q_auto/igashop/images/499500"
Head & Shoulders Oil Control with Lemon Extract Anti Dandruff Shampoo 400mL,$15.00,$3.75/100mL,"https://cdn.metcash.media/image/upload/f_auto,c_limit,w_300,q_auto/igashop/images/160000011013"
3-In-One Silicone Spray 300g,$12.70,$4.23/100g,"https://cdn.metcash.media/image/upload/f_auto,c_limit,w_300,q_auto/igashop/images/291834"
Sunkist Orange Zero Sugar Bottle 1.25L,$1.75,$1.40/1L,"https://cdn.metcash.media/image/upload/f_auto,c_limit,w_300,q_auto/igashop/images/255948"
Lifestyles Condoms Ultra Thin 10 Pack,$7.50,$0.75 each,"https://cdn.metcash.media/image/upload/f_auto,c_limit,w_300,q_auto/igashop/images/796834"
Guylian Chocolate Temptations 200g,$18.40,$9.20/100g,"https://cdn.metcash.media/image/upload/f_auto,c_limit,w_300,q_auto/igashop/images/366786"
Lipton Earl Grey Tea Bags 100 Pack,$5.00,$0.05 each,"https://cdn.metcash.media/image/upload/f_auto,c_limit,w_300,q_auto/igashop/images/160000000354"
Bakers Collection Chocolate Sponge Cake 200g,$6.50,$3.25/100g,"https://cdn.metcash.media/image/upload/f_auto,c_limit,w_300,q_auto/igashop/images/20000003469"
Spice & Co Garam Masala Spice Mix 60g,$3.75,$6.25/100g,"https://cdn.metcash.media/image/upload/f_auto,c_limit,w_300,q_auto/igashop/images/190000002401"
Kez's Chewy Flourless Brownies 210g,$7.90,$3.76/100g,"https://cdn.metcash.media/image/upload/f_auto,c_limit,w_300,q_auto/igashop/images/8701"
Lurpak Lighter Blend Spreadable Butter 250g,$6.50,$2.60/100g,"https://cdn.metcash.media/image/upload/f_auto,c_limit,w_300,q_auto/igashop/images/993737"
Bonne Maman Strawberry Conserve 370g,$6.90,$1.86/100g,"https://cdn.metcash.media/image/upload/f_auto,c_limit,w_300,q_auto/igashop/images/180000000393"
Blistex Ultra Lip Balm SPF30 4.2g,$5.00,$119.05/100g,"https://cdn.metcash.media/image/upload/f_auto,c_limit,w_300,q_auto/igashop/images/636063"
Decor Tellfresh Meat Storer 4L,$7.85,N/A,"https://cdn.metcash.media/image/upload/f_auto,c_limit,w_300,q_auto/igashop/images/498164"
Taylors Yorkshire Gold Teabags 100 Pack,$8.00,$0.08 each,"https://cdn.metcash.media/image/upload/f_auto,c_limit,w_300,q_auto/igashop/images/160000013517"
Bertolli Light Tasting Olive Oil 500mL,$14.30,$2.86/100mL,"https://cdn.metcash.media/image/upload/f_auto,c_limit,w_300,q_auto/igashop/images/146843"
Fluffy Fabric Softener White Lavender 2L,$7.00,$3.50/1L,"https://cdn.metcash.media/image/upload/f_auto,c_limit,w_300,q_auto/igashop/images/68579"
White King Disinfectant Cleaner Hospital Grade Citrus 1L,$6.30,$6.30/1L,"https://cdn.metcash.media/image/upload/f_auto,c_limit,w_300,q_auto/igashop/images/860183"
Buderim Dark Chocolate Coated Ginger 150g,$7.00,$4.67/100g,"https://cdn.metcash.media/image/upload/f_auto,c_limit,w_300,q_auto/igashop/images/8616"
Cadbury Cherry Ripe Chunks 130g,$3.50,$2.69/100g,"https://cdn.metcash.media/image/upload/f_auto,c_limit,w_300,q_auto/igashop/images/1800000068032"
Nature's Way Omega-3 Vita Gummies for Adults 110 Pack,$28.55,$0.26 each,"https://cdn.metcash.media/image/upload/f_auto,c_limit,w_300,q_auto/igashop/images/160000001487"
Mrs Mac's Famous Beef Pies 4 Pack,$7.50,$1.88 each,"https://cdn.metcash.media/image/upload/f_auto,c_limit,w_300,q_auto/igashop/images/80181"
Paradise Cottage Cookies Choc Chip Indulgence 250g,$4.50,$1.80/100g,"https://cdn.metcash.media/image/upload/f_auto,c_limit,w_300,q_auto/igashop/images/344624"
Golden Circle Creamed Corn 410g,$2.10,$0.51/100g,"https://cdn.metcash.media/image/upload/f_auto,c_limit,w_300,q_auto/igashop/images/63338"
Jack Hammer Tape Measure 5m,$6.00,N/A,"https://cdn.metcash.media/image/upload/f_auto,c_limit,w_300,q_auto/igashop/images/231279"
Twix Bar 50g,$1.50,$3.00/100g,"https://cdn.metcash.media/image/upload/f_auto,c_limit,w_300,q_auto/igashop/images/925072"
Laucke Bread Mix Spelt 500g,$3.60,$0.72/100g,https://www.igashop.com.au/static/default-product-image.png
Bulla Creamy Classics Ice Cream Tubs Boysenberry 2L,$6.00,$3.00/1L,"https://cdn.metcash.media/image/upload/f_auto,c_limit,w_300,q_auto/igashop/images/630494"
Primo Pulled Peri Peri Chicken 150g,$5.50,$3.67/100g,"https://cdn.metcash.media/image/upload/f_auto,c_limit,w_300,q_auto/igashop/images/980548"
Nair Hair Removal Cream Shower Power Max 312g,$15.50,$4.97/100g,"https://cdn.metcash.media/image/upload/f_auto,c_limit,w_300,q_auto/igashop/images/63176"
"Duro-Tuss Relief Cough, Cold & Flu Liquid - Natural Berry & Banana Flavour 200mL",$17.00,$8.50/100mL,"https://cdn.metcash.media/image/upload/f_auto,c_limit,w_300,q_auto/igashop/images/190000010405"
Finish Ultimate Plus Auto Dishwash Tablets Lemon 56 Pack,$27.50,$0.49 each,"https://cdn.metcash.media/image/upload/f_auto,c_limit,w_300,q_auto/igashop/images/180000002431"
The Country Chef Bakery Co Meringue Nest 9 Pack,$7.65,$0.85 each,"https://cdn.metcash.media/image/upload/f_auto,c_limit,w_300,q_auto/igashop/images/658507"
Olive Grove Extra Virgin Olive Oil Spread 500g,$4.50,$0.90/100g,"https://cdn.metcash.media/image/upload/f_auto,c_limit,w_300,q_auto/igashop/images/160000001645"
Palmolive Non-sticky Hand Sanitiser Fig & Coconut 48mL,$3.00,$6.25/100mL,"https://cdn.metcash.media/image/upload/f_auto,c_limit,w_300,q_auto/igashop/images/80872"
Optimum Puppy Wet Dog Food Chicken Rice & Vegetables 100g,$1.50,$1.50/100g,"https://cdn.metcash.media/image/upload/f_auto,c_limit,w_300,q_auto/igashop/images/232584_1"
Local Kitchen Creamy Pasta 250g,$4.00,$1.60/100g,"https://cdn.metcash.media/image/upload/f_auto,c_limit,w_300,q_auto/igashop/images/467650"
Fit-Lato Spiced Ripple Cheesecake 473mL,$11.95,$2.53/100mL,"https://cdn.metcash.media/image/upload/f_auto,c_limit,w_300,q_auto/igashop/images/20000006094"
Aveeno Daily Moisture Lotion 225mL,$11.00,$4.89/100mL,"https://cdn.metcash.media/image/upload/f_auto,c_limit,w_300,q_auto/igashop/images/38579"
Cherries 250g,Final cost based on weight,$4.88/$19.50,"https://cdn.metcash.media/image/upload/f_auto,c_limit,w_300,q_auto/igashop/images/80060085"
Steggles Spinach & 3 Cheese Turkey Breast 1kg,$10.00,$10.00/kg,"https://cdn.metcash.media/image/upload/f_auto,c_limit,w_300,q_auto/igashop/images/853092"
Maggi Fusian Instant Mi Goreng Soy & Mild Spice 2 Minute Cup 64g,$1.25,$1.95/100g,"https://cdn.metcash.media/image/upload/f_auto,c_limit,w_300,q_auto/igashop/images/81726"
Elvive Colour Protect Purple Shampoo 200mL,$11.00,$5.50/100mL,"https://cdn.metcash.media/image/upload/f_auto,c_limit,w_300,q_auto/igashop/images/528294"
Perfect Italiano Extra Sharp Parmesan Cheese 200g,$7.50,$3.75/100g,"https://cdn.metcash.media/image/upload/f_auto,c_limit,w_300,q_auto/igashop/images/20000005801"
Tena Pants For Women Large 8 Pack,$10.75,$1.34 each,"https://cdn.metcash.media/image/upload/f_auto,c_limit,w_300,q_auto/igashop/images/351650"
Black & Gold Salted Butter 500g,$7.00,$1.40/100g,"https://cdn.metcash.media/image/upload/f_auto,c_limit,w_300,q_auto/igashop/images/190000011720"
Glad Kitchen Tidy Plant Bio Medium 30 Pack,$5.00,$0.17 each,"https://cdn.metcash.media/image/upload/f_auto,c_limit,w_300,q_auto/igashop/images/873673"
Kehoes Kitchen Organic Beetroot & Ginger Sauerkraut 410g,$13.95,$3.40/100g,"https://cdn.metcash.media/image/upload/f_auto,c_limit,w_300,q_auto/igashop/images/20000006243"
Beerenberg Taka Tala Chutney 280g,$6.45,$2.30/100g,"https://cdn.metcash.media/image/upload/f_auto,c_limit,w_300,q_auto/igashop/images/807664"
Herbert Adams King Island Beef Pie And Camembert Sauce 200g,$10.00,$5.00/100g,https://www.igashop.com.au/static/default-product-image.png
Sara Lee Blueberry Danish 400g,$7.50,$1.88/100g,"https://cdn.metcash.media/image/upload/f_auto,c_limit,w_300,q_auto/igashop/images/109090"
Happy Way Chocolate Whey Protein Powder 500g,$52.95,$10.59/100g,"https://cdn.metcash.media/image/upload/f_auto,c_limit,w_300,q_auto/igashop/images/190000004125"
Vaseline Body Lotion Gluta-Hya Flawless Glow 200mL,$6.60,$3.30/100mL,"https://cdn.metcash.media/image/upload/f_auto,c_limit,w_300,q_auto/igashop/images/1800000069699"
BabyLove Micellar Water Baby Wipes 80 Pack,$4.00,$0.05 each,"https://cdn.metcash.media/image/upload/f_auto,c_limit,w_300,q_auto/igashop/images/160000012796"
Nescafe Iced Coffee Cappuccino Sachets 8 Pack,$8.00,$1.00 each,"https://cdn.metcash.media/image/upload/f_auto,c_limit,w_300,q_auto/igashop/images/20000002425"
Life Savers Thirst Lemonade Stix 200g,$5.00,$2.50/100g,https://www.igashop.com.au/static/default-product-image.png
Twisties Zigzag Wicked Cheddar 125g,$4.00,$3.20/100g,"https://cdn.metcash.media/image/upload/f_auto,c_limit,w_300,q_auto/igashop/images/20000005791"
Surf Laundry Liquid Coastal Luxury 2L,$11.50,$5.75/1L,"https://cdn.metcash.media/image/upload/f_auto,c_limit,w_300,q_auto/igashop/images/160000004736"
Oatly Organic Oat Milk 1L,$6.30,$6.30/1L,"https://cdn.metcash.media/image/upload/f_auto,c_limit,w_300,q_auto/igashop/images/20000000315"
Community Co Seeds & Grains Sourdough Loaf,$7.00,N/A,"https://cdn.metcash.media/image/upload/f_auto,c_limit,w_300,q_auto/igashop/images/873186"
McCain Straight Cut Healthy Choice 1kg,$5.00,$5.00/kg,"https://cdn.metcash.media/image/upload/f_auto,c_limit,w_300,q_auto/igashop/images/156576"
Artline Marker 90 Chisel Tip Blue,$4.19,N/A,"https://cdn.metcash.media/image/upload/f_auto,c_limit,w_300,q_auto/igashop/images/277291"
Marathon Dim Sims 1.5kg,$12.00,$8.00/kg,"https://cdn.metcash.media/image/upload/f_auto,c_limit,w_300,q_auto/igashop/images/165745"
Stoneybrook Strawberries Frozen 1kg,$11.95,$11.95/kg,"https://cdn.metcash.media/image/upload/f_auto,c_limit,w_300,q_auto/igashop/images/20000005410"
Multix Garbage Bag Council Bin Liner 10 Pack,$6.00,$0.60 each,"https://cdn.metcash.media/image/upload/f_auto,c_limit,w_300,q_auto/igashop/images/413512"
Fortune Noodles Chicken 70g,$1.30,$1.86/100g,"https://cdn.metcash.media/image/upload/f_auto,c_limit,w_300,q_auto/igashop/images/360882"
Community Co Grass Fed Rump Steak 300g,$12.90,$4.30/100g,https://www.igashop.com.au/static/default-product-image.png
Doritos Mild Salsa 300g,$2.75,$0.92/100g,"https://cdn.metcash.media/image/upload/f_auto,c_limit,w_300,q_auto/igashop/images/170000003647"
Herbert Adams Pastie Vegetable 4 Pack,$7.00,$1.75 each,"https://cdn.metcash.media/image/upload/f_auto,c_limit,w_300,q_auto/igashop/images/151306"
Dove Hair Treatment Refresh & Care 250mL,$10.00,$4.00/100mL,"https://cdn.metcash.media/image/upload/f_auto,c_limit,w_300,q_auto/igashop/images/985792"
Baked Provisions Spinach & Ricotta Roll 300g,$7.15,$2.38/100g,"https://cdn.metcash.media/image/upload/f_auto,c_limit,w_300,q_auto/igashop/images/20000000585"
Community Co Chicken Pesto Penne 1kg,$13.95,$13.95/kg,"https://cdn.metcash.media/image/upload/f_auto,c_limit,w_300,q_auto/igashop/images/180000004989"
Ben's Original Lightly Flavoured Coconut Microwave Rice Pouch 250g,$4.70,$1.88/100g,"https://cdn.metcash.media/image/upload/f_auto,c_limit,w_300,q_auto/igashop/images/190000005261"
Sharwood's Simmer Sauce Rogan Josh 420g,$5.00,$1.19/100g,"https://cdn.metcash.media/image/upload/f_auto,c_limit,w_300,q_auto/igashop/images/422121"
Nescafe Africas Coffee Farmers Origins Nespresso Compatibles 44g,$8.00,$18.18/100g,"https://cdn.metcash.media/image/upload/f_auto,c_limit,w_300,q_auto/igashop/images/180000002318"
Golden Circle Zero Sugar Lime Flavoured Cordial 2L,$4.50,$2.25/1L,"https://cdn.metcash.media/image/upload/f_auto,c_limit,w_300,q_auto/igashop/images/1800000067593"
Reese's Peanut Butter Cups Miniatures 150g,$6.00,$4.00/100g,"https://cdn.metcash.media/image/upload/f_auto,c_limit,w_300,q_auto/igashop/images/362410"
Palmolive Ultra Strength Antibacterial Dishwashing Liquid Lemon 750mL,$5.50,$0.73/100mL,"https://cdn.metcash.media/image/upload/f_auto,c_limit,w_300,q_auto/igashop/images/81221"
Obento Cooking Sake 250mL,$3.60,$1.44/100mL,"https://cdn.metcash.media/image/upload/f_auto,c_limit,w_300,q_auto/igashop/images/305065"
Black & Gold Tuna Chunk Springwater 185g,$1.70,$0.92/100g,"https://cdn.metcash.media/image/upload/f_auto,c_limit,w_300,q_auto/igashop/images/24795"
I&J Light & Crispy Fish Fillets Original 550g,$7.50,$1.36/100g,https://www.igashop.com.au/static/default-product-image.png
Haagen-Dazs Ice Cream Cookie Dough Chip 457mL,$7.95,$1.74/100mL,https://www.igashop.com.au/static/default-product-image.png
Cadbury Boost Layers 32g,$2.00,$6.25/100g,"https://cdn.metcash.media/image/upload/f_auto,c_limit,w_300,q_auto/igashop/images/561064"
Saxa Pepper Black Picnic Pack 50g,$4.60,$9.20/100g,"https://cdn.metcash.media/image/upload/f_auto,c_limit,w_300,q_auto/igashop/images/41674"
ETA Munchos Cheese and Onion 100g,$4.70,$4.70/100g,"https://cdn.metcash.media/image/upload/f_auto,c_limit,w_300,q_auto/igashop/images/190000005222"
McCain Baby Peas 500g,$4.50,$0.90/100g,"https://cdn.metcash.media/image/upload/f_auto,c_limit,w_300,q_auto/igashop/images/122616"
Balducci Penne Rigati No. 18 500g,$1.75,$0.35/100g,"https://cdn.metcash.media/image/upload/f_auto,c_limit,w_300,q_auto/igashop/images/357091"
San Remo Vermicelli Egg Noodle Pasta 250g,$1.90,$0.76/100g,"https://cdn.metcash.media/image/upload/f_auto,c_limit,w_300,q_auto/igashop/images/23862"
Smith's Potato Chips Sour Cream And Onion 42g,$1.50,$3.57/100g,https://www.igashop.com.au/static/default-product-image.png
Monster Ultra Rosa Can 500mL,$4.45,$0.89/100mL,"https://cdn.metcash.media/image/upload/f_auto,c_limit,w_300,q_auto/igashop/images/11925_1"
Ben & Jerry's Ice Cream Cookie Vermonster Sundae 427mL,$14.50,$3.40/100mL,"https://cdn.metcash.media/image/upload/f_auto,c_limit,w_300,q_auto/igashop/images/534915"
Whole Earth 100% Natural Sweetener with Organic Stevia 40 Pack,$4.90,$0.12 each,https://www.igashop.com.au/static/default-product-image.png
Pura Double Thick Cream Dollop 300mL,$5.00,$1.67/100mL,"https://cdn.metcash.media/image/upload/f_auto,c_limit,w_300,q_auto/igashop/images/156209"
Pana Organic Salted Caramel Ice Cream 475mL,$11.99,$2.52/100mL,"https://cdn.metcash.media/image/upload/f_auto,c_limit,w_300,q_auto/igashop/images/20000005150"
KitKat Fun Size Value Pack 18 Bars 252g,$8.00,$3.17/100g,"https://cdn.metcash.media/image/upload/f_auto,c_limit,w_300,q_auto/igashop/images/180000002021"
Flora Block Salted 250g,$2.90,$1.16/100g,https://www.igashop.com.au/static/default-product-image.png
NIVEA Men Derma Control Defend Aerosol 250mL,$4.75,$1.90/100mL,"https://cdn.metcash.media/image/upload/f_auto,c_limit,w_300,q_auto/igashop/images/1800000072087"
Black & Gold Peach Slices in Light Syrup 825g,$2.60,$0.32/100g,"https://cdn.metcash.media/image/upload/f_auto,c_limit,w_300,q_auto/igashop/images/379938"
Guylian Belgian Creamy Milk Chocolates 100g,$4.60,$4.60/100g,"https://cdn.metcash.media/image/upload/f_auto,c_limit,w_300,q_auto/igashop/images/975394"
Ingham Chicken Goujons 250g,$29.95,$11.98/100g,https://www.igashop.com.au/static/default-product-image.png
Baked Provisions Beef & Jalapeno Cheese Roll 340g,$7.65,$2.25/100g,https://www.igashop.com.au/static/default-product-image.png
Safcol Smoked Mussels In Oil 85g,$2.00,$2.35/100g,"https://cdn.metcash.media/image/upload/f_auto,c_limit,w_300,q_auto/igashop/images/361998"
Mission White Corn Tortillas 12 Pack,$4.20,$0.35 each,"https://cdn.metcash.media/image/upload/f_auto,c_limit,w_300,q_auto/igashop/images/312062"
L'Oreal Revitalift Clinical Vitamin C Serum 30mL,$60.00,$200.00/100mL,"https://cdn.metcash.media/image/upload/f_auto,c_limit,w_300,q_auto/igashop/images/384506"
Western Star Thickened Cream 600mL,$6.45,$1.08/100mL,"https://cdn.metcash.media/image/upload/f_auto,c_limit,w_300,q_auto/igashop/images/939880"
Sensodyne Toothpaste Sensitive Teeth Daily Care Whitening 110g,$9.70,$8.82/100g,"https://cdn.metcash.media/image/upload/f_auto,c_limit,w_300,q_auto/igashop/images/70990"
Hunter Valley Free Range Eggs XLarge 6 Pack 330g,$5.95,$1.80/100g,"https://cdn.metcash.media/image/upload/f_auto,c_limit,w_300,q_auto/igashop/images/190000009784"
Pandaroo Sauce Chinese Stirfry 250mL,$3.95,$1.58/100mL,"https://cdn.metcash.media/image/upload/f_auto,c_limit,w_300,q_auto/igashop/images/20000005944"
French Fries Potato Chips Original 111g,$3.50,$3.15/100g,"https://cdn.metcash.media/image/upload/f_auto,c_limit,w_300,q_auto/igashop/images/78118"
Dove Clinical Antiperspirant Deodorant Original Clean 50mL,$8.00,$16.00/100mL,"https://cdn.metcash.media/image/upload/f_auto,c_limit,w_300,q_auto/igashop/images/238488"
Frantelle Still Water 1.5L,$1.40,$0.93/1L,"https://cdn.metcash.media/image/upload/f_auto,c_limit,w_300,q_auto/igashop/images/75592"
Great Temptations Mini Brownies 150g,$4.50,$3.00/100g,https://www.igashop.com.au/static/default-product-image.png
MasterFoods Tomato Sauce Squeeze Bottle 920mL,$4.50,$0.49/100mL,"https://cdn.metcash.media/image/upload/f_auto,c_limit,w_300,q_auto/igashop/images/96661"
Cafecino Premium Coffee Drink Double Shot Coffee With Milk 240mL,$3.60,$15.00/1L,https://www.igashop.com.au/static/default-product-image.png
Gravox Bangers & Mash Liquid Gravy Pouch 165g,$3.50,$2.12/100g,"https://cdn.metcash.media/image/upload/f_auto,c_limit,w_300,q_auto/igashop/images/388966"
Dove Deodorant Roll On Passionfruit 50mL,$6.00,$12.00/100mL,"https://cdn.metcash.media/image/upload/f_auto,c_limit,w_300,q_auto/igashop/images/180000005765"
Bonds Socks Mens Business Black Size 11-14 3 Pack,$16.00,$5.33 each,"https://cdn.metcash.media/image/upload/f_auto,c_limit,w_300,q_auto/igashop/images/327389"
Your Bakery Lemon Cake 370g,$5.95,$1.61/100g,"https://cdn.metcash.media/image/upload/f_auto,c_limit,w_300,q_auto/igashop/images/614846"
Vitasoy Oat Milky 1L,$2.00,$2.00/1L,"https://cdn.metcash.media/image/upload/f_auto,c_limit,w_300,q_auto/igashop/images/160000003599"
Fantastic Rice Crackers Cheese 100g,$2.50,$2.50/100g,"https://cdn.metcash.media/image/upload/f_auto,c_limit,w_300,q_auto/igashop/images/11213"
Black & Gold Paper Bowl 20 Pack,$2.00,$0.10 each,https://www.igashop.com.au/static/default-product-image.png
Aptamil Gold+ 4 Pronutra Biotik Junior Nutritional Supplement From 2 Years 900g,$26.50,$2.94/100g,"https://cdn.metcash.media/image/upload/f_auto,c_limit,w_300,q_auto/igashop/images/89203"
Jelly Belly Hanging 3D Gel Bubble Gum,$7.00,N/A,https://www.igashop.com.au/static/default-product-image.png
Dove Men Deodorant Roll On Clean Comfort Zero % Aluminum 50mL,$2.75,$5.50/100mL,https://www.igashop.com.au/static/default-product-image.png
White Wings Double Choc Fudge Brownies 560g,$7.15,$1.28/100g,"https://cdn.metcash.media/image/upload/f_auto,c_limit,w_300,q_auto/igashop/images/53697"
Coyo Organic Dairy Free Coconut Yoghurt Strawberry 500g,$9.50,$1.90/100g,"https://cdn.metcash.media/image/upload/f_auto,c_limit,w_300,q_auto/igashop/images/333458"
Aurora Lemon & Ginger Tea 25 Pack,$3.30,$0.13 each,"https://cdn.metcash.media/image/upload/f_auto,c_limit,w_300,q_auto/igashop/images/160000014181"
King Island Cheddar Surprise Bay 170g,$10.95,$6.44/100g,"https://cdn.metcash.media/image/upload/f_auto,c_limit,w_300,q_auto/igashop/images/993541"
Jalna Pouch Of Purity Blueberry Yoghurt 100g,$1.95,$1.95/100g,"https://cdn.metcash.media/image/upload/f_auto,c_limit,w_300,q_auto/igashop/images/190000002790"
Smoked Cheese 1kg,Final cost based on weight,$46.95/$46.95,"https://cdn.metcash.media/image/upload/f_auto,c_limit,w_300,q_auto/igashop/images/80072138"
Libra Body Fit Super Tampons 16 Pack,$3.90,$0.24 each,"https://cdn.metcash.media/image/upload/f_auto,c_limit,w_300,q_auto/igashop/images/56417"
Norco Real Iced Coffee Original 300mL,$2.70,$0.90/100mL,"https://cdn.metcash.media/image/upload/f_auto,c_limit,w_300,q_auto/igashop/images/20000001455"
Ambrosia Dessert Rice Pudding 400g,$6.00,$1.50/100g,"https://cdn.metcash.media/image/upload/f_auto,c_limit,w_300,q_auto/igashop/images/190000002248"
Super Nature Pulses Bowl Beef Lasagne 300g,$6.65,$2.22/100g,"https://cdn.metcash.media/image/upload/f_auto,c_limit,w_300,q_auto/igashop/images/696110"
"Colgate Sensitive Whitening Toothpaste, For Sensitive Teeth Pain Relief 110g",$8.00,$7.27/100g,"https://cdn.metcash.media/image/upload/f_auto,c_limit,w_300,q_auto/igashop/images/606296"
Brookfarm Toasted Muesli Apricot 500g,$14.95,$2.99/100g,"https://cdn.metcash.media/image/upload/f_auto,c_limit,w_300,q_auto/igashop/images/190000003861"
John West Tuna Tempter Chunky Springwater 95g,$2.90,$3.05/100g,"https://cdn.metcash.media/image/upload/f_auto,c_limit,w_300,q_auto/igashop/images/7442"
Dettol Healthy Clean Antibacterial Kitchen Cleaner Trigger Spray 500mL,$4.50,$0.90/100mL,"https://cdn.metcash.media/image/upload/f_auto,c_limit,w_300,q_auto/igashop/images/460132"
Bondi Sands Self Tan Eraser 200mL,$20.00,$10.00/100mL,"https://cdn.metcash.media/image/upload/f_auto,c_limit,w_300,q_auto/igashop/images/462875"
Zooper Dooper Sourz 24 Pack,$6.20,$0.26 each,"https://cdn.metcash.media/image/upload/f_auto,c_limit,w_300,q_auto/igashop/images/652187"
Uncle Tobys Plus Iron Breakfast Cereal 630g,$9.50,$1.51/100g,"https://cdn.metcash.media/image/upload/f_auto,c_limit,w_300,q_auto/igashop/images/301485"
Maggi Side Dishes Recipe Base Cheesy Broccoli + Cauliflower 31g,$1.85,$5.97/100g,"https://cdn.metcash.media/image/upload/f_auto,c_limit,w_300,q_auto/igashop/images/328398"
L'Oréal Wrinkle Expert Collagen 35 Anti-Wrinkle Day Cream 50mL,$18.00,$36.00/100mL,"https://cdn.metcash.media/image/upload/f_auto,c_limit,w_300,q_auto/igashop/images/919487"
M&M'S Fun Size 148g,$5.25,$3.55/100g,"https://cdn.metcash.media/image/upload/f_auto,c_limit,w_300,q_auto/igashop/images/20000000182"
The Natural Confectionery Co. Chews Fruity 350g,$5.50,$1.57/100g,"https://cdn.metcash.media/image/upload/f_auto,c_limit,w_300,q_auto/igashop/images/694809"
Pauls Zymil Skim Milk Lactose Free 1L,$3.00,$3.00/1L,"https://cdn.metcash.media/image/upload/f_auto,c_limit,w_300,q_auto/igashop/images/160000000967"
John West Chunk Style Tuna In Olive Oil Blend 425g,$5.70,$1.34/100g,"https://cdn.metcash.media/image/upload/f_auto,c_limit,w_300,q_auto/igashop/images/25301"
Mutti Polpa Finely Chopped Tomatoes 400g,$2.30,$0.58/100g,"https://cdn.metcash.media/image/upload/f_auto,c_limit,w_300,q_auto/igashop/images/17361"
BIC Intensity Permanent Marker Assorted 6 Pack,$8.00,$1.33 each,"https://cdn.metcash.media/image/upload/f_auto,c_limit,w_300,q_auto/igashop/images/691225"
Chupa Chups Confectionery Crazy Dips Sour U Bag 108g,$3.75,$3.47/100g,"https://cdn.metcash.media/image/upload/f_auto,c_limit,w_300,q_auto/igashop/images/156356"
Kinder Easter Figurines Milk Chocolate 6 Pack,$8.15,$1.36 each,"https://cdn.metcash.media/image/upload/f_auto,c_limit,w_300,q_auto/igashop/images/180000004569"
K-Roo Kangaroo Burger 440g,$8.00,$1.82/100g,"https://cdn.metcash.media/image/upload/f_auto,c_limit,w_300,q_auto/igashop/images/180000003483"
Chorizo 1kg,Final cost based on weight,$33.15/$33.15,"https://cdn.metcash.media/image/upload/f_auto,c_limit,w_300,q_auto/igashop/images/80072080"
D'Orsogna Crudo Antipasto Sliced 150g,$8.00,$5.33/100g,"https://cdn.metcash.media/image/upload/f_auto,c_limit,w_300,q_auto/igashop/images/796339"
Cadbury Dairy Milk Shortcake Biscuit Slices Block 170g,$8.00,$4.71/100g,"https://cdn.metcash.media/image/upload/f_auto,c_limit,w_300,q_auto/igashop/images/180000006303"
Strepsils Double Antibacterial Soothing Sore Throat Lozenges Orange 36 Pack,$14.00,$0.39 each,"https://cdn.metcash.media/image/upload/f_auto,c_limit,w_300,q_auto/igashop/images/373990"
Multix Small Freezer Bags 120 Pack,$3.00,$0.02 each,"https://cdn.metcash.media/image/upload/f_auto,c_limit,w_300,q_auto/igashop/images/50021"
Continental Pasta Sensations Chicken Pesto with Spring Onion & Leek 92g,$3.50,$3.80/100g,"https://cdn.metcash.media/image/upload/f_auto,c_limit,w_300,q_auto/igashop/images/282131"
White King Bleach Lemon Surface Spray 500mL,$5.00,$1.00/100mL,"https://cdn.metcash.media/image/upload/f_auto,c_limit,w_300,q_auto/igashop/images/634817"
Fry's Flaxseed Schnitzel 320g,$7.10,$2.22/100g,"https://cdn.metcash.media/image/upload/f_auto,c_limit,w_300,q_auto/igashop/images/716172"
Aim Toothpaste Freshmint 90g,$2.25,$2.50/100g,"https://cdn.metcash.media/image/upload/f_auto,c_limit,w_300,q_auto/igashop/images/422642"
Sukin Brightening Illuminating Moisturiser Pump 60mL,$29.05,$48.42/100mL,"https://cdn.metcash.media/image/upload/f_auto,c_limit,w_300,q_auto/igashop/images/513082"
Optimum Adult Beef And Rice 100g,$1.90,$1.90/100g,https://www.igashop.com.au/static/default-product-image.png
Sirena Tuna Springwater & Lemon 95g,$2.95,$3.11/100g,"https://cdn.metcash.media/image/upload/f_auto,c_limit,w_300,q_auto/igashop/images/160000012267"
Bega Peanut Butter Smooth 755g,$7.00,$0.93/100g,"https://cdn.metcash.media/image/upload/f_auto,c_limit,w_300,q_auto/igashop/images/160000018166"
The Olive Branch Baba Ganoosh Dip 200g,$6.80,$3.40/100g,"https://cdn.metcash.media/image/upload/f_auto,c_limit,w_300,q_auto/igashop/images/190000004007"
Milky Way Bar 45g,$1.50,$3.33/100g,"https://cdn.metcash.media/image/upload/f_auto,c_limit,w_300,q_auto/igashop/images/20000000185"
Cadbury Cookie Crunchy Choc Filled 156g,$5.50,$3.53/100g,"https://cdn.metcash.media/image/upload/f_auto,c_limit,w_300,q_auto/igashop/images/905470"
Bulla Dollop Thick Cream 200mL,$4.10,$2.05/100mL,"https://cdn.metcash.media/image/upload/f_auto,c_limit,w_300,q_auto/igashop/images/139883"
Berocca Energy Vitamin B & C Orange Flavour Twist N Go Energy Drink 250mL,$4.95,$1.98/100mL,"https://cdn.metcash.media/image/upload/f_auto,c_limit,w_300,q_auto/igashop/images/139553"
Whiskas 7+ Dry Cat Food Tuna & Sardine Flavours 800g,$5.60,$0.70/100g,"https://cdn.metcash.media/image/upload/f_auto,c_limit,w_300,q_auto/igashop/images/150000006378"
McKenzie's Pine Nuts 100g,$10.20,$10.20/100g,"https://cdn.metcash.media/image/upload/f_auto,c_limit,w_300,q_auto/igashop/images/222848"
Jarlsberg Original Cheese Block 250g,$12.00,$4.80/100g,"https://cdn.metcash.media/image/upload/f_auto,c_limit,w_300,q_auto/igashop/images/158586"
Ayam Palm Sugar Syrup 200g,$5.00,$2.50/100g,"https://cdn.metcash.media/image/upload/f_auto,c_limit,w_300,q_auto/igashop/images/160000012181"
Moki Power Bank 2600 Black,$29.99,N/A,"https://cdn.metcash.media/image/upload/f_auto,c_limit,w_300,q_auto/igashop/images/615745"
Herbal Essences Classics Rose Shampoo 400mL,$7.35,$1.84/100mL,"https://cdn.metcash.media/image/upload/f_auto,c_limit,w_300,q_auto/igashop/images/186050"
Fortune Noodles Beef 70g,$1.30,$1.86/100g,"https://cdn.metcash.media/image/upload/f_auto,c_limit,w_300,q_auto/igashop/images/71674"
Simply Wize Vegetarian Samosas Gluten Free 200g,$6.50,$3.25/100g,"https://cdn.metcash.media/image/upload/f_auto,c_limit,w_300,q_auto/igashop/images/160000012351"
Peters Proud & Punch Hazelnuts About Chocolate Ice Cream 6 Pack,$5.50,$0.92 each,"https://cdn.metcash.media/image/upload/f_auto,c_limit,w_300,q_auto/igashop/images/9347042003578"
Maggi 2 Minute Instant Value Pack Noodles Beef 12 Pack,$9.00,$0.75 each,"https://cdn.metcash.media/image/upload/f_auto,c_limit,w_300,q_auto/igashop/images/409754"
Vittoria Mountain Grown Ground Coffee 200g,$9.50,$4.75/100g,"https://cdn.metcash.media/image/upload/f_auto,c_limit,w_300,q_auto/igashop/images/640305"
Joe's Classics Juice Green Smoothie 350mL,$3.65,$1.04/100mL,"https://cdn.metcash.media/image/upload/f_auto,c_limit,w_300,q_auto/igashop/images/20000002768"
Tandaco Coating Mix For Lightly Seasoned Fish 75g,$2.30,$3.07/100g,"https://cdn.metcash.media/image/upload/f_auto,c_limit,w_300,q_auto/igashop/images/41404"
Munchme Almond Blueberry 120g,$5.50,$4.58/100g,"https://cdn.metcash.media/image/upload/f_auto,c_limit,w_300,q_auto/igashop/images/160000012480"
Mortein Mosquito Coils Value Pack 30 Pack,$10.00,$0.33 each,"https://cdn.metcash.media/image/upload/f_auto,c_limit,w_300,q_auto/igashop/images/350405"
Greenseas Tuna Natural Smoked Flavour 95g,$1.70,$1.79/100g,"https://cdn.metcash.media/image/upload/f_auto,c_limit,w_300,q_auto/igashop/images/74287"
Pana Organic Hazelnut Chocolate 45g,$6.00,$13.33/100g,"https://cdn.metcash.media/image/upload/f_auto,c_limit,w_300,q_auto/igashop/images/190000001263"
Natures Goodness Complete Care Adult Chicken 3kg,$22.95,$7.65/kg,https://www.igashop.com.au/static/default-product-image.png
Zoetic Infusions Organic English Breakfast Tea Bags 25 Pack,$4.95,$0.20 each,"https://cdn.metcash.media/image/upload/f_auto,c_limit,w_300,q_auto/igashop/images/160000012415"
Kraft Singles Original 216g,$5.50,$2.55/100g,"https://cdn.metcash.media/image/upload/f_auto,c_limit,w_300,q_auto/igashop/images/949830"
Feel Good Foods Natural Nacho Cheese Corn Chips 500g,$11.50,$2.30/100g,"https://cdn.metcash.media/image/upload/f_auto,c_limit,w_300,q_auto/igashop/images/190000005137"
Jarrah French Vanilla Latte Instant Coffee 250g,$8.50,$3.40/100g,"https://cdn.metcash.media/image/upload/f_auto,c_limit,w_300,q_auto/igashop/images/349695"
Tamar Valley Dairy Blueberries & Cream Yoghurt 700g,$7.20,$1.03/100g,"https://cdn.metcash.media/image/upload/f_auto,c_limit,w_300,q_auto/igashop/images/160000014093"
Yoplait Yop Yoghurt Chocolate Banana 130g,$2.00,$1.54/100g,"https://cdn.metcash.media/image/upload/f_auto,c_limit,w_300,q_auto/igashop/images/646018"
Masterfoods Herbs And Spices Paprika Ground 34g,$3.50,$10.29/100g,"https://cdn.metcash.media/image/upload/f_auto,c_limit,w_300,q_auto/igashop/images/180000005924"
McCain Rustica Pizza Thin & Crispy Margherita 360g,$11.00,$3.06/100g,"https://cdn.metcash.media/image/upload/f_auto,c_limit,w_300,q_auto/igashop/images/288226"
Only Juice Co. Tropical Fruit Drink 2L,$4.80,$2.40/1L,"https://cdn.metcash.media/image/upload/f_auto,c_limit,w_300,q_auto/igashop/images/20000001474"
Lean Cuisine Chicken Cheese Pasta 375g,$7.00,$1.87/100g,"https://cdn.metcash.media/image/upload/f_auto,c_limit,w_300,q_auto/igashop/images/957304"
Nature's Own Dietary Supplements Magnesium + Sleep Tablets 20 Pack,$6.00,$0.30 each,"https://cdn.metcash.media/image/upload/f_auto,c_limit,w_300,q_auto/igashop/images/193329"
Well & Good Muffin Mix 400g,$7.50,$1.88/100g,"https://cdn.metcash.media/image/upload/f_auto,c_limit,w_300,q_auto/igashop/images/5702"
TRESemmé Conditioner Cleanse Replenish 940mL,$9.25,$0.98/100mL,"https://cdn.metcash.media/image/upload/f_auto,c_limit,w_300,q_auto/igashop/images/509554"
Nescafe Gold Decaffeinated Instant Coffee 100g,$14.50,$14.50/100g,"https://cdn.metcash.media/image/upload/f_auto,c_limit,w_300,q_auto/igashop/images/190000000987"
U By Kotex Feminine Pad Ultrathin Wing Super 18 Pack,$5.50,$0.31 each,https://www.igashop.com.au/static/default-product-image.png
Ottogi Gochujang 170g,$3.25,$1.91/100g,"https://cdn.metcash.media/image/upload/f_auto,c_limit,w_300,q_auto/igashop/images/842355"
SunRice Australian Medium Grain Calrose Rice 1kg,$4.50,$4.50/kg,"https://cdn.metcash.media/image/upload/f_auto,c_limit,w_300,q_auto/igashop/images/43375"
Golden Circle Apple Fruit Drink 6 Pack,$5.10,$0.85 each,"https://cdn.metcash.media/image/upload/f_auto,c_limit,w_300,q_auto/igashop/images/13320"
Doritos Cheese Supreme Flaming Hot 150g,$5.00,$3.33/100g,"https://cdn.metcash.media/image/upload/f_auto,c_limit,w_300,q_auto/igashop/images/902134"
Tuna Steaks 1kg,Final cost based on weight,$89.95/$89.95,"https://cdn.metcash.media/image/upload/f_auto,c_limit,w_300,q_auto/igashop/images/80072113"
Lamb Cutlets 400g,Final cost based on weight,$22.38/$55.95,"https://cdn.metcash.media/image/upload/f_auto,c_limit,w_300,q_auto/igashop/images/80080009"
Panadol Tablet 16 Pack,$4.00,$0.25 each,"https://cdn.metcash.media/image/upload/f_auto,c_limit,w_300,q_auto/igashop/images/700503"
Bosisto's Tea Tree Solution 250mL,$6.30,$2.52/100mL,"https://cdn.metcash.media/image/upload/f_auto,c_limit,w_300,q_auto/igashop/images/329093"
Soyco Japanese Tofu 200g,$6.50,$3.25/100g,"https://cdn.metcash.media/image/upload/f_auto,c_limit,w_300,q_auto/igashop/images/160000017654"
My Dog Gourmet Beef Loaf Classics Wet Dog Food Tray 100g,$1.80,$1.80/100g,"https://cdn.metcash.media/image/upload/f_auto,c_limit,w_300,q_auto/igashop/images/77196"
Tip Top English Muffins Original 6 Pack,$4.10,$0.68 each,"https://cdn.metcash.media/image/upload/f_auto,c_limit,w_300,q_auto/igashop/images/20000001710"
Brookfarm Almond & Cinnamon Prebiotic Wholefood Bar 40g,$3.00,$7.50/100g,"https://cdn.metcash.media/image/upload/f_auto,c_limit,w_300,q_auto/igashop/images/150000008213"
Dove Body Wash Pomegranate And Lemon Verbena 1L,$9.50,$9.50/1L,"https://cdn.metcash.media/image/upload/f_auto,c_limit,w_300,q_auto/igashop/images/395515"
Lipton Ice Tea Tropical Passionfruit Iced Tea 1.5L,$5.50,$3.67/1L,"https://cdn.metcash.media/image/upload/f_auto,c_limit,w_300,q_auto/igashop/images/636398"
Holland House Red Caviar 50g,$6.00,$12.00/100g,"https://cdn.metcash.media/image/upload/f_auto,c_limit,w_300,q_auto/igashop/images/20000002744"
Primo Thinly Sliced Pastrami Beef 80g,$3.00,$3.75/100g,"https://cdn.metcash.media/image/upload/f_auto,c_limit,w_300,q_auto/igashop/images/700100"
Felix Adult As Good as it Looks Doubly Delicious Fish Selection in Jelly Wet Cat Food 12 Pack,$14.00,$1.17 each,"https://cdn.metcash.media/image/upload/f_auto,c_limit,w_300,q_auto/igashop/images/575940"
Grove Juice Signature Cold Pressed Mandarin Juice With Pulp 350mL,$3.50,$1.00/100mL,"https://cdn.metcash.media/image/upload/f_auto,c_limit,w_300,q_auto/igashop/images/433428"
Powerade Isotonic Berry Ice Sports Drink Sipper Cap 1L,$3.60,$3.60/1L,"https://cdn.metcash.media/image/upload/f_auto,c_limit,w_300,q_auto/igashop/images/384438_1"
Hydralyte Effervescent Electrolyte Tablets Apple Blackcurrant 10 Pack,$6.05,$0.61 each,"https://cdn.metcash.media/image/upload/f_auto,c_limit,w_300,q_auto/igashop/images/828521"
My Dog Adult Wet Dog Food Chicken & Turkey Banquet Can 400g,$3.00,$0.75/100g,"https://cdn.metcash.media/image/upload/f_auto,c_limit,w_300,q_auto/igashop/images/17293"
TV Week,$6.20,N/A,https://www.igashop.com.au/static/default-product-image.png
Tatua Caramel Mousse 250g,$7.65,$3.06/100g,"https://cdn.metcash.media/image/upload/f_auto,c_limit,w_300,q_auto/igashop/images/160000013153"
Tip Top Pizza Base Wholemeal 12in 2 Pack,$6.60,$3.30 each,"https://cdn.metcash.media/image/upload/f_auto,c_limit,w_300,q_auto/igashop/images/479076"
Leggos Pasta Sauce Carbonara 490g,$4.60,$0.94/100g,"https://cdn.metcash.media/image/upload/f_auto,c_limit,w_300,q_auto/igashop/images/1800000068258"
Crisco Sunflower Oil 750mL,$6.00,$0.80/100mL,"https://cdn.metcash.media/image/upload/f_auto,c_limit,w_300,q_auto/igashop/images/356760"
Duracell Coppertop Batteries AA 4 Pack,$8.00,$2.00 each,"https://cdn.metcash.media/image/upload/f_auto,c_limit,w_300,q_auto/igashop/images/274015"
Lindt Gold Bunny Dark Chocolate Easter 100g,$12.00,$12.00/100g,"https://cdn.metcash.media/image/upload/f_auto,c_limit,w_300,q_auto/igashop/images/122357"
Bref Ultimate Gel Ultra Bleach Power Lime & Mint Liquid Toilet Cleaner Gel 450mL,$5.00,$1.11/100mL,"https://cdn.metcash.media/image/upload/f_auto,c_limit,w_300,q_auto/igashop/images/443766"
Pascall Jubes 300g,$3.50,$1.17/100g,"https://cdn.metcash.media/image/upload/f_auto,c_limit,w_300,q_auto/igashop/images/693036"
Huggie Classic Blue Fabric Conditioner 2L,$6.20,$3.10/1L,"https://cdn.metcash.media/image/upload/f_auto,c_limit,w_300,q_auto/igashop/images/29156"
Black & Gold Chicken Noodles 5 Pack,$2.00,$0.40 each,"https://cdn.metcash.media/image/upload/f_auto,c_limit,w_300,q_auto/igashop/images/1800000069352"
Pine O Cleen Antibacterial Disinfectant Liquid Pine 1.25L,$5.40,$4.32/1L,"https://cdn.metcash.media/image/upload/f_auto,c_limit,w_300,q_auto/igashop/images/460616"
Green's Lamington Classic Jam & Crème 115g,$3.15,$2.74/100g,https://www.igashop.com.au/static/default-product-image.png
Continental Sensations Recipe Base Spanish Paella 44g,$2.25,$5.11/100g,"https://cdn.metcash.media/image/upload/f_auto,c_limit,w_300,q_auto/igashop/images/571954"
Schweppes Lemonade Multipack Can 30 Pack,$25.00,$0.83 each,"https://cdn.metcash.media/image/upload/f_auto,c_limit,w_300,q_auto/igashop/images/345887"
Baxters Habanero & Pineapple Relish 235g,$4.50,$1.91/100g,https://www.igashop.com.au/static/default-product-image.png
The British Sausage Co Traditional Smoked Back Bacon 200g,$8.00,$4.00/100g,"https://cdn.metcash.media/image/upload/f_auto,c_limit,w_300,q_auto/igashop/images/150000007755"
Grove Juice Orange Mango Pineapple Apple Passionfruit Juice 1.5L,$7.95,$5.30/1L,"https://cdn.metcash.media/image/upload/f_auto,c_limit,w_300,q_auto/igashop/images/276583"
Calbee Harvest Snaps Salt & Vinegar 5 Pack,$3.50,$0.70 each,"https://cdn.metcash.media/image/upload/f_auto,c_limit,w_300,q_auto/igashop/images/912016"
Wonka Nerds Grape Strawberry 141g,$4.50,$3.19/100g,"https://cdn.metcash.media/image/upload/f_auto,c_limit,w_300,q_auto/igashop/images/190000001623"
Nando's XX Hot Peri-Peri Sauce 250g,$6.95,$2.78/100g,"https://cdn.metcash.media/image/upload/f_auto,c_limit,w_300,q_auto/igashop/images/479047"
Décor Tellfresh Microsafe Round Container,$6.50,N/A,"https://cdn.metcash.media/image/upload/f_auto,c_limit,w_300,q_auto/igashop/images/731758"
Menz White Fruchocs 150g,$5.00,$3.33/100g,"https://cdn.metcash.media/image/upload/f_auto,c_limit,w_300,q_auto/igashop/images/15194"
KR Castlemaine Franks Skin-On 2 Pack,Final cost based on weight,$9.50/$4.75 each,"https://cdn.metcash.media/image/upload/f_auto,c_limit,w_300,q_auto/igashop/images/50437"
Cussons Imperial Leather After Shave Original 100mL,$10.80,$10.80/100mL,"https://cdn.metcash.media/image/upload/f_auto,c_limit,w_300,q_auto/igashop/images/032817_1"
Thins Chips Light & Tangy 45g,$1.50,$3.33/100g,"https://cdn.metcash.media/image/upload/f_auto,c_limit,w_300,q_auto/igashop/images/843270"
Coopers Crown Seals 100 Pack,$4.05,$0.04 each,"https://cdn.metcash.media/image/upload/f_auto,c_limit,w_300,q_auto/igashop/images/20000005864"
My Dog Gourmet Beef With Cheese & Toppings Wet Dog Food Tray 100g,$1.00,$1.00/100g,"https://cdn.metcash.media/image/upload/f_auto,c_limit,w_300,q_auto/igashop/images/14091"
Fragassi Puttanesca Style Pasta Sauce 500g,$8.50,$1.70/100g,"https://cdn.metcash.media/image/upload/f_auto,c_limit,w_300,q_auto/igashop/images/160000013958"
East Forged White Tea & Calamansi 250mL,$4.50,$18.00/1L,https://www.igashop.com.au/static/default-product-image.png
KB's Garlic Prawn Skewers 250g,$9.95,$3.98/100g,"https://cdn.metcash.media/image/upload/f_auto,c_limit,w_300,q_auto/igashop/images/20000004954"
Lotte Pepero Original 47g,$2.30,$4.89/100g,"https://cdn.metcash.media/image/upload/f_auto,c_limit,w_300,q_auto/igashop/images/232754"
Golden Crumpet Toast 700g,$7.15,$1.02/100g,"https://cdn.metcash.media/image/upload/f_auto,c_limit,w_300,q_auto/igashop/images/150000008221"
Obela Hommus Garnished Harissa 220g,$4.90,$2.23/100g,"https://cdn.metcash.media/image/upload/f_auto,c_limit,w_300,q_auto/igashop/images/446769"
Luv-A-Duck Confit Duck Legs 450g,$14.50,$3.22/100g,"https://cdn.metcash.media/image/upload/f_auto,c_limit,w_300,q_auto/igashop/images/Luv_A_Duck_Confit_Duck_Legs"
Up & Go Liquid Breakfast Choc Ice With No Added Sugar 3 Pack,$7.00,$2.33 each,"https://cdn.metcash.media/image/upload/f_auto,c_limit,w_300,q_auto/igashop/images/750587"
Best Foods Real Mayonnaise Jar 810g,$8.50,$1.05/100g,"https://cdn.metcash.media/image/upload/f_auto,c_limit,w_300,q_auto/igashop/images/866105"
Nature's Way Sugarless Vitamin C 125 Pack,$12.00,$0.10 each,"https://cdn.metcash.media/image/upload/f_auto,c_limit,w_300,q_auto/igashop/images/205540"
Earth Choice Ultra Power Stain Remover 400mL,$4.25,$1.06/100mL,"https://cdn.metcash.media/image/upload/f_auto,c_limit,w_300,q_auto/igashop/images/394284"
Palmolive Antibacterial Liquid Hand Wash Soap Orange 2 Hour Defence Refill & Save 1L,$7.20,$7.20/1L,"https://cdn.metcash.media/image/upload/f_auto,c_limit,w_300,q_auto/igashop/images/91056"
McKenzie's Shredded Coconut 215g,$4.15,$1.93/100g,"https://cdn.metcash.media/image/upload/f_auto,c_limit,w_300,q_auto/igashop/images/376032"
Garofalo #70 Penne Ziti Rigate Pasta 500g,$4.20,$0.84/100g,"https://cdn.metcash.media/image/upload/f_auto,c_limit,w_300,q_auto/igashop/images/160000013916"
Gluten Freedom Broken Black Rice & Polenta Sourdough 550g,$9.50,$1.73/100g,"https://cdn.metcash.media/image/upload/f_auto,c_limit,w_300,q_auto/igashop/images/6168"
TRESemmé Professional Hair Conditioner Colour Revitalise 900mL,$10.50,$1.17/100mL,"https://cdn.metcash.media/image/upload/f_auto,c_limit,w_300,q_auto/igashop/images/411015"
Jack Hammer Weed Trimmer Line,$3.80,N/A,https://www.igashop.com.au/static/default-product-image.png
Yoplait Zero Yoghurt Berry Harvest Multipack 6 Pack,$7.00,$1.17 each,"https://cdn.metcash.media/image/upload/f_auto,c_limit,w_300,q_auto/igashop/images/928062"
Massel Ultracubes Chicken 105g,$4.00,$3.81/100g,"https://cdn.metcash.media/image/upload/f_auto,c_limit,w_300,q_auto/igashop/images/300793"
Red Chillies 50g,Final cost based on weight,$1.60/$31.95,"https://cdn.metcash.media/image/upload/f_auto,c_limit,w_300,q_auto/igashop/images/80060099"
Huggies Baby Wipes Fragrance Free Clutch & Go 32 Pack,$9.20,$0.29 each,"https://cdn.metcash.media/image/upload/f_auto,c_limit,w_300,q_auto/igashop/images/938562"
Dermeze Soap Free Body Wash 1L,$18.00,$18.00/1L,"https://cdn.metcash.media/image/upload/f_auto,c_limit,w_300,q_auto/igashop/images/337290"
Marcel's Blueberry Hotcakes 240g,$6.70,$2.79/100g,"https://cdn.metcash.media/image/upload/f_auto,c_limit,w_300,q_auto/igashop/images/180000000449"
Ben's Original Rice Lunch Bowl Mexican 220g,$4.70,$2.14/100g,"https://cdn.metcash.media/image/upload/f_auto,c_limit,w_300,q_auto/igashop/images/1800000071399"
Nestlé Malted Milk 500g,$10.00,$2.00/100g,"https://cdn.metcash.media/image/upload/f_auto,c_limit,w_300,q_auto/igashop/images/396956"
Connoisseur Salted Caramel Macadamia Mini 6 Pack,$5.50,$0.92 each,"https://cdn.metcash.media/image/upload/f_auto,c_limit,w_300,q_auto/igashop/images/103007"
Cadbury Gift Box 168g,$13.75,$8.18/100g,"https://cdn.metcash.media/image/upload/f_auto,c_limit,w_300,q_auto/igashop/images/180000005348"
Nudie Juice Nothing But Orange Juice With Pulp 400mL,$4.00,$1.00/100mL,"https://cdn.metcash.media/image/upload/f_auto,c_limit,w_300,q_auto/igashop/images/180000000076"
Flora ProActiv Cholesterol Lowering Spread Original 250g,$5.75,$2.30/100g,"https://cdn.metcash.media/image/upload/f_auto,c_limit,w_300,q_auto/igashop/images/125591"
Bazaar Lebanese White Bread 6 Pack,$4.50,$0.75 each,"https://cdn.metcash.media/image/upload/f_auto,c_limit,w_300,q_auto/igashop/images/917053"
Schweppes Mineral Water Orange Mango 4 Pack,$3.50,$0.88 each,"https://cdn.metcash.media/image/upload/f_auto,c_limit,w_300,q_auto/igashop/images/383505"
Nutrient Water Multi-V Pineapple Watermelon 575mL,$3.40,$0.59/100mL,"https://cdn.metcash.media/image/upload/f_auto,c_limit,w_300,q_auto/igashop/images/190000004174"
Community Co For U Super Tampons 16 Pack,$3.15,$0.20 each,"https://cdn.metcash.media/image/upload/f_auto,c_limit,w_300,q_auto/igashop/images/190000001523"
Bel Babybel Cheese Portions 200g,$11.20,$5.60/100g,"https://cdn.metcash.media/image/upload/f_auto,c_limit,w_300,q_auto/igashop/images/190000004669"
John West Skinless & Boneless Salmon Springwater 200g,$5.80,$2.90/100g,"https://cdn.metcash.media/image/upload/f_auto,c_limit,w_300,q_auto/igashop/images/40505"
Rufus & Coco Posh Pee Pads 7 Pack,$10.35,$1.48 each,"https://cdn.metcash.media/image/upload/f_auto,c_limit,w_300,q_auto/igashop/images/170156"
MasterFoods Garlic Pepper Seasoning 50g,$3.50,$7.00/100g,"https://cdn.metcash.media/image/upload/f_auto,c_limit,w_300,q_auto/igashop/images/272801"
Clairol Natural Instincts Black,$20.00,N/A,"https://cdn.metcash.media/image/upload/f_auto,c_limit,w_300,q_auto/igashop/images/222403"
Cadbury Favourites Games Tin 549g,$30.60,$5.57/100g,"https://cdn.metcash.media/image/upload/f_auto,c_limit,w_300,q_auto/igashop/images/1800000069076"
John West Sardines in Tomato Sauce 110g,$3.50,$3.18/100g,"https://cdn.metcash.media/image/upload/f_auto,c_limit,w_300,q_auto/igashop/images/19287"
St Dalfour Strawberry Spread 284g,$6.20,$2.18/100g,"https://cdn.metcash.media/image/upload/f_auto,c_limit,w_300,q_auto/igashop/images/25783"
Armor All Car Care All Wheel Cleaner 500mL,$9.25,$1.85/100mL,"https://cdn.metcash.media/image/upload/f_auto,c_limit,w_300,q_auto/igashop/images/200668"
TRESemmé Conditioner Smooth & Silky 940mL,$9.25,$0.98/100mL,"https://cdn.metcash.media/image/upload/f_auto,c_limit,w_300,q_auto/igashop/images/509067"
Cadbury Baking Chips White Choc 200g,$7.50,$3.75/100g,"https://cdn.metcash.media/image/upload/f_auto,c_limit,w_300,q_auto/igashop/images/991706"
L'Oreal Mex Colour Natural Black,$17.00,N/A,"https://cdn.metcash.media/image/upload/f_auto,c_limit,w_300,q_auto/igashop/images/588600"
Davis Gelatine 50g,$2.49,$4.98/100g,"https://cdn.metcash.media/image/upload/f_auto,c_limit,w_300,q_auto/igashop/images/38134"
Youfoodz Ruby Refresh 350mL,$4.40,$1.26/100mL,"https://cdn.metcash.media/image/upload/f_auto,c_limit,w_300,q_auto/igashop/images/180000006572"
Roza's Gourmet Sauce Coconut Chilli Mayo 240mL,$9.95,$4.15/100mL,"https://cdn.metcash.media/image/upload/f_auto,c_limit,w_300,q_auto/igashop/images/3298"
Heinz Eat Well Soup Pumpkin 380g,$4.50,$1.18/100g,https://www.igashop.com.au/static/default-product-image.png
Continental Simmer Soup Chicken Noodle 45g,$1.20,$2.67/100g,"https://cdn.metcash.media/image/upload/f_auto,c_limit,w_300,q_auto/igashop/images/17031"
San Remo Vegeroni Large Spirals No 122 375g,$2.95,$0.79/100g,"https://cdn.metcash.media/image/upload/f_auto,c_limit,w_300,q_auto/igashop/images/393788"
Up&Go Protein Energize Liquid Breakfast Vanilla 3 Pack,$7.60,$2.53 each,"https://cdn.metcash.media/image/upload/f_auto,c_limit,w_300,q_auto/igashop/images/60843_2"
M&M's Minis Chocolate Pouch 145g,$7.00,$4.83/100g,"https://cdn.metcash.media/image/upload/f_auto,c_limit,w_300,q_auto/igashop/images/932511"
Nestlé Aero Chocolate Orange 118g,$7.50,$6.36/100g,"https://cdn.metcash.media/image/upload/f_auto,c_limit,w_300,q_auto/igashop/images/374776"
Sanofi Shave Cream 75g,$2.95,$3.93/100g,"https://cdn.metcash.media/image/upload/f_auto,c_limit,w_300,q_auto/igashop/images/361260"
Yumi's Creamed Spinach Dip 200g,$4.50,$2.25/100g,"https://cdn.metcash.media/image/upload/f_auto,c_limit,w_300,q_auto/igashop/images/180000000237"
OMO Laundry Powder 3in1 Sensitive Capsules 50 Pack,$27.00,$0.54 each,"https://cdn.metcash.media/image/upload/f_auto,c_limit,w_300,q_auto/igashop/images/541632"
Violet Crumble 1L,$5.50,$5.50/1L,"https://cdn.metcash.media/image/upload/f_auto,c_limit,w_300,q_auto/igashop/images/539554"
Dove Clinical Antiperspirant Deodorant Fresh Touch 180mL,$11.30,$6.28/100mL,"https://cdn.metcash.media/image/upload/f_auto,c_limit,w_300,q_auto/igashop/images/238564"
Wattle Valley Waffles 275g,$5.75,$2.09/100g,"https://cdn.metcash.media/image/upload/f_auto,c_limit,w_300,q_auto/igashop/images/180000000243"
MasterFoods Horseradish Cream 175g,$3.00,$1.71/100g,"https://cdn.metcash.media/image/upload/f_auto,c_limit,w_300,q_auto/igashop/images/343107"
Lenards Chicken Cream Cheese Sausage 500g,$14.60,$2.92/100g,"https://cdn.metcash.media/image/upload/f_auto,c_limit,w_300,q_auto/igashop/images/604859"
Rexona Antiperspirant Aerosol Ice Cool with Antibacterial Protection 250mL,$6.00,$2.40/100mL,"https://cdn.metcash.media/image/upload/f_auto,c_limit,w_300,q_auto/igashop/images/54211"
Kiddylicious Infant Food Straws Cheesy 12g,$7.20,$60.00/100g,"https://cdn.metcash.media/image/upload/f_auto,c_limit,w_300,q_auto/igashop/images/1800000067658"
MasterFoods All Purpose Spicy Seasoning 190g,$6.50,$3.42/100g,"https://cdn.metcash.media/image/upload/f_auto,c_limit,w_300,q_auto/igashop/images/160000000146"
Copper Pot Roasted Capsicum 200g,$4.35,$2.18/100g,"https://cdn.metcash.media/image/upload/f_auto,c_limit,w_300,q_auto/igashop/images/682959"
Starbucks Caffe Verona Coffee Pods 10 Pack,$6.50,$0.65 each,"https://cdn.metcash.media/image/upload/f_auto,c_limit,w_300,q_auto/igashop/images/927139"
Deliredi Hot Salami 100g,$6.50,$6.50/100g,"https://cdn.metcash.media/image/upload/f_auto,c_limit,w_300,q_auto/igashop/images/20000003247"
Community Co Insect Kill Swat 300g,$3.50,$1.17/100g,"https://cdn.metcash.media/image/upload/f_auto,c_limit,w_300,q_auto/igashop/images/942126"
Baby Bellies Organic Carrot Puffs 35g,$4.50,$12.86/100g,"https://cdn.metcash.media/image/upload/f_auto,c_limit,w_300,q_auto/igashop/images/604317"
Cetaphil Oily Skin Cleanser 500mL,$21.60,$4.32/100mL,"https://cdn.metcash.media/image/upload/f_auto,c_limit,w_300,q_auto/igashop/images/437707"
Safcol Salmon Classic Tomato Onion 95g,$2.00,$2.11/100g,"https://cdn.metcash.media/image/upload/f_auto,c_limit,w_300,q_auto/igashop/images/45128"
Finish Liquid Household Products Dishwasher Cleaner 250mL,$8.95,$3.58/100mL,"https://cdn.metcash.media/image/upload/f_auto,c_limit,w_300,q_auto/igashop/images/42992"
OMO Laundry Powder 3in1 Active Capsules 50 Pack,$27.00,$0.54 each,"https://cdn.metcash.media/image/upload/f_auto,c_limit,w_300,q_auto/igashop/images/541608"
Dollar Sweets Freeze Dried Sour Jumbo Rainbow Crunchies 100g,$5.10,$5.10/100g,https://www.igashop.com.au/static/default-product-image.png
Banana Boat Kids Sunscreen Lotion SPF 50+ 400g,$30.00,$7.50/100g,"https://cdn.metcash.media/image/upload/f_auto,c_limit,w_300,q_auto/igashop/images/407207"
BSc X Chupa Chups Soft Protein Bar Strawberry Cream 55g,$5.00,$9.09/100g,https://www.igashop.com.au/static/default-product-image.png
Cold Power Odour Fighter Laundry Capsules 29 Pack,$12.00,$0.41 each,https://www.igashop.com.au/static/default-product-image.png
Lindt Easter Selection Hexagon Gift Box 250g,$35.70,$14.28/100g,"https://cdn.metcash.media/image/upload/f_auto,c_limit,w_300,q_auto/igashop/images/190000009637"
Baked Provisions Chicken & Vegetable Pie 440g,$8.50,$1.93/100g,"https://cdn.metcash.media/image/upload/f_auto,c_limit,w_300,q_auto/igashop/images/1800000068799"
Fountain Spicy Red Sauce 250mL,$3.40,$1.36/100mL,"https://cdn.metcash.media/image/upload/f_auto,c_limit,w_300,q_auto/igashop/images/36768"
Hostess Twinkies Original 77g,$5.95,$7.73/100g,"https://cdn.metcash.media/image/upload/f_auto,c_limit,w_300,q_auto/igashop/images/20000001657"
Community Co Wholegrain Tortillas 8 Pack,$3.45,$0.43 each,"https://cdn.metcash.media/image/upload/f_auto,c_limit,w_300,q_auto/igashop/images/812648"
Bickford's Traditional Soda Pineapple Passionfruit 1L,$3.00,$3.00/1L,https://www.igashop.com.au/static/default-product-image.png
Continental Pasta & Sauce Creamy Bacon Carbonara 145g,$3.80,$2.62/100g,"https://cdn.metcash.media/image/upload/f_auto,c_limit,w_300,q_auto/igashop/images/397193"
Mutti Finely Chopped Tomatoes with Basil 400g,$2.75,$0.69/100g,"https://cdn.metcash.media/image/upload/f_auto,c_limit,w_300,q_auto/igashop/images/511776"
Continental Pasta Sensations Spinach & Bacon with Three Cheese 97g,$3.50,$3.61/100g,"https://cdn.metcash.media/image/upload/f_auto,c_limit,w_300,q_auto/igashop/images/282686"
Yarrows Apple Pies 360g,$9.50,$2.64/100g,https://www.igashop.com.au/static/default-product-image.png
Local Kitchen Creamy Coleslaw 250g,$4.00,$1.60/100g,https://www.igashop.com.au/static/default-product-image.png
CC's Cornados Corn Chips Cheese Supreme 110g,$2.50,$2.27/100g,"https://cdn.metcash.media/image/upload/f_auto,c_limit,w_300,q_auto/igashop/images/20000001760"
Milky Bar Milk & Cookies Block 180g,$5.50,$3.06/100g,"https://cdn.metcash.media/image/upload/f_auto,c_limit,w_300,q_auto/igashop/images/1800000070193"
ZoOSh Sweet Chilli & Lime Flavour Creamy Dreamy Dip 185g,$3.00,$1.62/100g,"https://cdn.metcash.media/image/upload/f_auto,c_limit,w_300,q_auto/igashop/images/164037"
Whittaker's Block Creamy Milk Chocolate 33% Cocoa Hokey Pokey Crunch 250g,$9.00,$3.60/100g,"https://cdn.metcash.media/image/upload/f_auto,c_limit,w_300,q_auto/igashop/images/487087"
Bacon Streaky 1kg,Final cost based on weight,$23.00/$23.00,"https://cdn.metcash.media/image/upload/f_auto,c_limit,w_300,q_auto/igashop/images/80072025"
Cadbury Dairy Milk Tropical Pineapple Milk Chocolate Block 180g,$4.00,$2.22/100g,"https://cdn.metcash.media/image/upload/f_auto,c_limit,w_300,q_auto/igashop/images/463017"
Health Lab Less Sugar Peanut Butter Balls 3 Pack,$10.50,$3.50 each,"https://cdn.metcash.media/image/upload/f_auto,c_limit,w_300,q_auto/igashop/images/150000008080"
Logan Farm Premium Garden Peas 1kg,$5.95,$5.95/kg,"https://cdn.metcash.media/image/upload/f_auto,c_limit,w_300,q_auto/igashop/images/133227"
Edgell Green Peas Green 220g,$1.80,$0.82/100g,"https://cdn.metcash.media/image/upload/f_auto,c_limit,w_300,q_auto/igashop/images/23202"
Ellerslie Organic Free Range Eggs 700g,$13.95,$1.99/100g,"https://cdn.metcash.media/image/upload/f_auto,c_limit,w_300,q_auto/igashop/images/20000006217"
Bulla Creamy Classics Cones Triple Choc 4 Pack,$11.00,$2.75 each,"https://cdn.metcash.media/image/upload/f_auto,c_limit,w_300,q_auto/igashop/images/650229"
The Yoghurt Shop Natural Greek Yoghurt 900g,$12.70,$1.41/100g,"https://cdn.metcash.media/image/upload/f_auto,c_limit,w_300,q_auto/igashop/images/560204"
Lindt Lindor Chocolate Balls Assorted 150g,$10.00,$6.67/100g,"https://cdn.metcash.media/image/upload/f_auto,c_limit,w_300,q_auto/igashop/images/374085"
Batiste Original Dry Shampoo 200mL,$14.00,$7.00/100mL,"https://cdn.metcash.media/image/upload/f_auto,c_limit,w_300,q_auto/igashop/images/10160"
Fountain Sweet Chilli Squeeze Sauce 500mL,$3.75,$0.75/100mL,"https://cdn.metcash.media/image/upload/f_auto,c_limit,w_300,q_auto/igashop/images/373063"
Duck Deep Action Gel Citrus 750mL,$7.00,$0.93/100mL,"https://cdn.metcash.media/image/upload/f_auto,c_limit,w_300,q_auto/igashop/images/11695"
Baby U Disposable Change Mats 10 Pack,$7.80,$0.78 each,"https://cdn.metcash.media/image/upload/f_auto,c_limit,w_300,q_auto/igashop/images/781541"
Griffin's Cookie Bear Biscuits 100S & 1000S 200g,$4.60,$2.30/100g,"https://cdn.metcash.media/image/upload/f_auto,c_limit,w_300,q_auto/igashop/images/190000005207"
Organic Care Naturals Deep Nourish Shampoo with Organic Argan Oil & Cacao Butter 725mL,$5.95,$0.82/100mL,"https://cdn.metcash.media/image/upload/f_auto,c_limit,w_300,q_auto/igashop/images/34635"
Bonne Maman Blueberry Jam 370g,$6.90,$1.86/100g,"https://cdn.metcash.media/image/upload/f_auto,c_limit,w_300,q_auto/igashop/images/160000013766"
Kerrygold Pure Irish Butter 250g,$6.20,$2.48/100g,"https://cdn.metcash.media/image/upload/f_auto,c_limit,w_300,q_auto/igashop/images/190000002267"
Connoisseur Ice Cream Cookies & Cream Ice Cream 4 Pack,$5.50,$1.38 each,"https://cdn.metcash.media/image/upload/f_auto,c_limit,w_300,q_auto/igashop/images/20000006565"
Pauls Egg Nog Flavoured Milk 1L,$4.00,$4.00/1L,"https://cdn.metcash.media/image/upload/f_auto,c_limit,w_300,q_auto/igashop/images/286368"
Pine O Cleen Simply Multi-Purpose Cleaning Spray Grapefruit 500mL,$6.00,$1.20/100mL,"https://cdn.metcash.media/image/upload/f_auto,c_limit,w_300,q_auto/igashop/images/815311"
Dove Body Wash Triple Moisturising 1L,$19.00,$19.00/1L,"https://cdn.metcash.media/image/upload/f_auto,c_limit,w_300,q_auto/igashop/images/356430"
Vicks VapoDrops Xtra Strong Menthol Blast Centres 16 Pack,$7.20,$0.45 each,"https://cdn.metcash.media/image/upload/f_auto,c_limit,w_300,q_auto/igashop/images/190000010418"
Community Co Fresh Tomato & Garlic Sauce 425g,$5.00,$1.18/100g,"https://cdn.metcash.media/image/upload/f_auto,c_limit,w_300,q_auto/igashop/images/839349"
"Fresh Fare Brandy, Port & Sage Pate 125g",$5.99,$4.79/100g,"https://cdn.metcash.media/image/upload/f_auto,c_limit,w_300,q_auto/igashop/images/20000002720"
Eco Farm Organic Tomatoes Roma 500g,$7.99,$1.60/100g,https://www.igashop.com.au/static/default-product-image.png
Community Co Clean Freak Glass & Window Cleaner 750mL,$1.95,$0.26/100mL,"https://cdn.metcash.media/image/upload/f_auto,c_limit,w_300,q_auto/igashop/images/936463"
Lipton Tea Bag Black Tea Decaf 50 Pack,$7.00,$0.14 each,https://www.igashop.com.au/static/default-product-image.png
Bic Soleil Sensitive Advanced Bl2 2 Pack,$12.00,$6.00 each,https://www.igashop.com.au/static/default-product-image.png
Arnott's Shapes Nacho Cheese 160g,$4.00,$2.50/100g,"https://cdn.metcash.media/image/upload/f_auto,c_limit,w_300,q_auto/igashop/images/901010"
Bickford's Mango & Coconut Cordial 750mL,$5.00,$0.67/100mL,https://www.igashop.com.au/static/default-product-image.png
Cadbury Easter Caramel Cuties 115g,$4.50,$3.91/100g,"https://cdn.metcash.media/image/upload/f_auto,c_limit,w_300,q_auto/igashop/images/934563"
Ocean Spray Fruit Sauce Cranberry Jellied 275g,$4.20,$1.53/100g,"https://cdn.metcash.media/image/upload/f_auto,c_limit,w_300,q_auto/igashop/images/76679"
Suimin Noodle Cup Braised Beef 70g,$1.85,$2.64/100g,"https://cdn.metcash.media/image/upload/f_auto,c_limit,w_300,q_auto/igashop/images/640583"
Darlac Tool Expert Pro Shears,$62.95,N/A,"https://cdn.metcash.media/image/upload/f_auto,c_limit,w_300,q_auto/igashop/images/874734"
Breaka Lime 500mL,$3.10,$0.62/100mL,"https://cdn.metcash.media/image/upload/f_auto,c_limit,w_300,q_auto/igashop/images/128581"
Aptamil Gold+ Lactose Intolerance Baby Infant Formula From Birth to 12 Months 900g,$34.00,$3.78/100g,"https://cdn.metcash.media/image/upload/f_auto,c_limit,w_300,q_auto/igashop/images/170000000396"
Dynamo Professional 7 In 1 Laundry Detergent Liquid 2L,$14.50,$7.25/1L,"https://cdn.metcash.media/image/upload/f_auto,c_limit,w_300,q_auto/igashop/images/346100"
Peters Original Lil Pops Vanilla 9 Pack,$8.00,$0.89 each,"https://cdn.metcash.media/image/upload/f_auto,c_limit,w_300,q_auto/igashop/images/1800000068406"
Only Organic Rice Cakes Strawberry Yoghurt 60g,$5.00,$8.33/100g,https://www.igashop.com.au/static/default-product-image.png
San Remo Gluten Free Original Spirals 350g,$4.00,$1.14/100g,"https://cdn.metcash.media/image/upload/f_auto,c_limit,w_300,q_auto/igashop/images/902503"
Ocean Spray Juice Low Sugar Mango Cranberry 1.5L,$6.40,$4.27/1L,"https://cdn.metcash.media/image/upload/f_auto,c_limit,w_300,q_auto/igashop/images/290045"
Tena Men Active Fit Mens Incontinence Pants Plus Navy Small-Medium 9 Pack,$16.00,$1.78 each,"https://cdn.metcash.media/image/upload/f_auto,c_limit,w_300,q_auto/igashop/images/311943"
Loaf Salted Caramel Brownie Balls 120g,$7.00,$5.83/100g,"https://cdn.metcash.media/image/upload/f_auto,c_limit,w_300,q_auto/igashop/images/260590"
Heinz Burger Sauce Original 295mL,$4.80,$1.63/100mL,"https://cdn.metcash.media/image/upload/f_auto,c_limit,w_300,q_auto/igashop/images/835073"
Lemnos Cream Cheese Cracked Pepper 125g,$4.50,$3.60/100g,"https://cdn.metcash.media/image/upload/f_auto,c_limit,w_300,q_auto/igashop/images/20000001824"
Gourmet Delight Lamb Casserole 700g,$3.00,$0.43/100g,https://www.igashop.com.au/static/default-product-image.png
Bondi Dairy Roasted Hazelnut Granola 400g,$14.30,$3.58/100g,https://www.igashop.com.au/static/default-product-image.png
Cadbury Marvellous Creations Cola Fizz 190g,$8.00,$4.21/100g,"https://cdn.metcash.media/image/upload/f_auto,c_limit,w_300,q_auto/igashop/images/180000005351"
Vitasoy Almond Milky 1L,$3.50,$3.50/1L,"https://cdn.metcash.media/image/upload/f_auto,c_limit,w_300,q_auto/igashop/images/160000003602"
Lotus Biscoff Biscuits 32 Pack,$4.50,$0.14 each,https://www.igashop.com.au/static/default-product-image.png
Supercoat Smartblend Adult Healthy Weight Dog Food with Chicken 2.6kg,$9.00,$3.46/kg,"https://cdn.metcash.media/image/upload/f_auto,c_limit,w_300,q_auto/igashop/images/662941"
Vanish Gold Powergel 200mL,$5.00,$2.50/100mL,"https://cdn.metcash.media/image/upload/f_auto,c_limit,w_300,q_auto/igashop/images/1800000071183"
Liquid Death Mango Chainsaw Sparkling Water 500mL,$5.50,$1.10/100mL,https://www.igashop.com.au/static/default-product-image.png
Semi Dried Tomato 1kg,Final cost based on weight,$31.00/$31.00,"https://cdn.metcash.media/image/upload/f_auto,c_limit,w_300,q_auto/igashop/images/80072036"
Brookfarm Gluten Free Porrij 400g,$13.95,$3.49/100g,"https://cdn.metcash.media/image/upload/f_auto,c_limit,w_300,q_auto/igashop/images/20000000526"
Tristram Milk Chocolate Dip 130g,$2.40,$1.85/100g,https://www.igashop.com.au/static/default-product-image.png
Dolmio Bechamel Lasagne Sauce 490g,$4.00,$0.82/100g,"https://cdn.metcash.media/image/upload/f_auto,c_limit,w_300,q_auto/igashop/images/390353"
Caro Coffee Caffeine Free 150g,$7.40,$4.93/100g,"https://cdn.metcash.media/image/upload/f_auto,c_limit,w_300,q_auto/igashop/images/328987"
Nestle Milo Regular Milk Modifiers Softpack 730g,$11.50,$1.58/100g,"https://cdn.metcash.media/image/upload/f_auto,c_limit,w_300,q_auto/igashop/images/180000006281"
Streets Golden Gaytime Ice Cream Chocolate Oak 4 Pack,$10.00,$2.50 each,"https://cdn.metcash.media/image/upload/f_auto,c_limit,w_300,q_auto/igashop/images/784167"
Rexona Men Body Wash Workout 400mL,$4.25,$1.06/100mL,https://www.igashop.com.au/static/default-product-image.png
Gravox Gravy Liquid Lamb & Rosemary 165g,$3.50,$2.12/100g,"https://cdn.metcash.media/image/upload/f_auto,c_limit,w_300,q_auto/igashop/images/326375"
Mr Brownie Halloween Brownie 200g,$6.50,$3.25/100g,"https://cdn.metcash.media/image/upload/f_auto,c_limit,w_300,q_auto/igashop/images/180000004595"
Sirena Classico Tuna 425g,$7.50,$1.76/100g,"https://cdn.metcash.media/image/upload/f_auto,c_limit,w_300,q_auto/igashop/images/364137"
Christmas Wine Gift Bag,$1.00,N/A,"https://cdn.metcash.media/image/upload/f_auto,c_limit,w_300,q_auto/igashop/images/361361057_40dcdd96f5bb01b"
Queen Finest Vanilla Bean Pods 4g,$8.00,$200.00/100g,"https://cdn.metcash.media/image/upload/f_auto,c_limit,w_300,q_auto/igashop/images/856419"
Bonds Comfy Tops Slimming Sheer Tights Black Small,$8.00,N/A,"https://cdn.metcash.media/image/upload/f_auto,c_limit,w_300,q_auto/igashop/images/337651"
Artline Freezer Marker 770 Black,$6.20,N/A,"https://cdn.metcash.media/image/upload/f_auto,c_limit,w_300,q_auto/igashop/images/240511"
Medix Ibuprofen Caplets 24 Pack,$3.75,$0.16 each,"https://cdn.metcash.media/image/upload/f_auto,c_limit,w_300,q_auto/igashop/images/841281"
Medix Medi-Drops Butter Menthol 24 Pack,$5.30,$0.22 each,https://www.igashop.com.au/static/default-product-image.png
PureHarvest Organic Tamari Gluten Free Soy Sauce 250mL,$4.30,$1.72/100mL,"https://cdn.metcash.media/image/upload/f_auto,c_limit,w_300,q_auto/igashop/images/828301"
Pagen Gifflar Cinnamon Rolls 12 Pack,$6.45,$0.54 each,https://www.igashop.com.au/static/default-product-image.png
Radiant Brightens Whites or Colours Laundry Powder 1kg,$7.50,$7.50/kg,"https://cdn.metcash.media/image/upload/f_auto,c_limit,w_300,q_auto/igashop/images/365361"
Lindt Lindor White Chocolate 100g,$5.50,$5.50/100g,"https://cdn.metcash.media/image/upload/f_auto,c_limit,w_300,q_auto/igashop/images/642624"
Red Rock Deli Style Potato Chips Honey Soy 5 Pack,$4.50,$0.90 each,"https://cdn.metcash.media/image/upload/f_auto,c_limit,w_300,q_auto/igashop/images/20000005461"
Bega Farmers' Tasty Natural Cheese Slices 500g,$9.50,$1.90/100g,"https://cdn.metcash.media/image/upload/f_auto,c_limit,w_300,q_auto/igashop/images/180698"
Nescafe Blend 43 Dark Roast 250g,$13.80,$5.52/100g,"https://cdn.metcash.media/image/upload/f_auto,c_limit,w_300,q_auto/igashop/images/190000010437"
Vittoria Organic Coffee Beans 1kg,$57.00,$57.00/kg,"https://cdn.metcash.media/image/upload/f_auto,c_limit,w_300,q_auto/igashop/images/97154"
The Natural Confectionery Co. Snakes 440g,$5.50,$1.25/100g,"https://cdn.metcash.media/image/upload/f_auto,c_limit,w_300,q_auto/igashop/images/793747"
Peters Poultry Free Range Mix 5kg,$12.80,$2.56/kg,"https://cdn.metcash.media/image/upload/f_auto,c_limit,w_300,q_auto/igashop/images/15220"
Batiste Tropical Dry Shampoo 350mL,$19.00,$5.43/100mL,"https://cdn.metcash.media/image/upload/f_auto,c_limit,w_300,q_auto/igashop/images/160000011078"
Fantastic Rice Crackers Barbeque Chicken 100g,$2.50,$2.50/100g,"https://cdn.metcash.media/image/upload/f_auto,c_limit,w_300,q_auto/igashop/images/69177"
Heinz Shredded Chicken Mayo 85g,$2.00,$2.35/100g,"https://cdn.metcash.media/image/upload/f_auto,c_limit,w_300,q_auto/igashop/images/34931"
Nestlé Milo 30% Less Added Sugar 395g,$10.70,$2.71/100g,"https://cdn.metcash.media/image/upload/f_auto,c_limit,w_300,q_auto/igashop/images/636762"
Arnott's TeeVee Snack Original Glaze 165g,$4.00,$2.42/100g,"https://cdn.metcash.media/image/upload/f_auto,c_limit,w_300,q_auto/igashop/images/239735"
Burgerman Party Pack 110g,$4.00,$3.64/100g,"https://cdn.metcash.media/image/upload/f_auto,c_limit,w_300,q_auto/igashop/images/648701"
Whiskas 1+ Years Wet Cat Food Lamb Mince 400g,$2.70,$0.68/100g,"https://cdn.metcash.media/image/upload/f_auto,c_limit,w_300,q_auto/igashop/images/12112"
Ben's Original Poke Bowl Microwave Rice 180g,$2.90,$1.61/100g,"https://cdn.metcash.media/image/upload/f_auto,c_limit,w_300,q_auto/igashop/images/170101"
Pacific West Dim Sims Vegetable 400g,$6.00,$1.50/100g,"https://cdn.metcash.media/image/upload/f_auto,c_limit,w_300,q_auto/igashop/images/180000002614"
Darrell Lea Liqourice Twist Milk Chocolate Raspberry 200g,$3.00,$1.50/100g,"https://cdn.metcash.media/image/upload/f_auto,c_limit,w_300,q_auto/igashop/images/459542"
TCC Coconut Milk 165mL,$1.30,$0.79/100mL,"https://cdn.metcash.media/image/upload/f_auto,c_limit,w_300,q_auto/igashop/images/375120"
Darrell Lea Christmas Gift Pack 914g,$8.00,$0.88/100g,"https://cdn.metcash.media/image/upload/f_auto,c_limit,w_300,q_auto/igashop/images/180000005589"
Harvest Snaps Pea Salt & Vinegar Big Bag 230g,$7.80,$3.39/100g,"https://cdn.metcash.media/image/upload/f_auto,c_limit,w_300,q_auto/igashop/images/180009"
Philips Appliance Globe 15W SES T25 Clear Pilot 2 Pack,$7.00,$3.50 each,"https://cdn.metcash.media/image/upload/f_auto,c_limit,w_300,q_auto/igashop/images/724337"
Patak's Tandoori Paste 295g,$7.50,$2.54/100g,"https://cdn.metcash.media/image/upload/f_auto,c_limit,w_300,q_auto/igashop/images/331087"
Gforce Juice Drink Orange And Mandarin 750mL,$4.40,$5.87/1L,https://www.igashop.com.au/static/default-product-image.png
K-9 Cuisine Beef Dental Stick For Medium To Large Dogs 4 Pack,$7.00,$1.75 each,"https://cdn.metcash.media/image/upload/f_auto,c_limit,w_300,q_auto/igashop/images/429123"
Sheese Creamy Spring Onion & Cracked Pepper 255g,$7.30,$2.86/100g,"https://cdn.metcash.media/image/upload/f_auto,c_limit,w_300,q_auto/igashop/images/160000013848"
Super Nature Vegan Bolognese 300g,$6.65,$2.22/100g,"https://cdn.metcash.media/image/upload/f_auto,c_limit,w_300,q_auto/igashop/images/491641"
Glad to be Green 95% Recycled Kitchen Tidy Bags Large 22 Pack,$4.75,$0.22 each,"https://cdn.metcash.media/image/upload/f_auto,c_limit,w_300,q_auto/igashop/images/160000011740"
MasterFoods Herbs & Spices Onion Flakes 100g,$6.50,$6.50/100g,"https://cdn.metcash.media/image/upload/f_auto,c_limit,w_300,q_auto/igashop/images/16336"
Uncle Tobys Milk Modifiers Goodness Shake Banana 140g,$11.20,$8.00/100g,https://www.igashop.com.au/static/default-product-image.png
Carman's Protein Bars Iced Coffee 200g,$8.50,$4.25/100g,"https://cdn.metcash.media/image/upload/f_auto,c_limit,w_300,q_auto/igashop/images/12120"
OMO Expert Laundry Liquid laundry Mixed Colour & Style colour guard technology 1.8L,$24.00,$13.33/1L,"https://cdn.metcash.media/image/upload/f_auto,c_limit,w_300,q_auto/igashop/images/827342"
Cornwell's Brown Malt Vinegar 2L,$4.50,$2.25/1L,"https://cdn.metcash.media/image/upload/f_auto,c_limit,w_300,q_auto/igashop/images/36352"
Lindt Lindor Chocolate Balls Assorted 235g,$28.00,$11.91/100g,"https://cdn.metcash.media/image/upload/f_auto,c_limit,w_300,q_auto/igashop/images/81470"
Old El Paso Hard 'N Soft Taco Kit 5 Pack,$9.50,$1.90 each,"https://cdn.metcash.media/image/upload/f_auto,c_limit,w_300,q_auto/igashop/images/479568"
Sirena Ready To Eat Meal Pasta With Chicken Bolognese Sauce 190g,$4.30,$2.26/100g,"https://cdn.metcash.media/image/upload/f_auto,c_limit,w_300,q_auto/igashop/images/447574"
Darrell Lea White Chocolate Raspberry Bullets 150g,$4.50,$3.00/100g,https://www.igashop.com.au/static/default-product-image.png
Ben's Original Taste of Takeaway Peri Peri Inspired Rice 240g,$2.00,$0.83/100g,"https://cdn.metcash.media/image/upload/f_auto,c_limit,w_300,q_auto/igashop/images/170368"
Old El Paso Burrito Dinner Kit 485g,$8.50,$1.75/100g,"https://cdn.metcash.media/image/upload/f_auto,c_limit,w_300,q_auto/igashop/images/160000014002"
Tip Top Cafe Gluten Free Raisin Toast 550g,$8.20,$1.49/100g,"https://cdn.metcash.media/image/upload/f_auto,c_limit,w_300,q_auto/igashop/images/180000004916"
Breaka Strawberry Milk 6 Pack,$7.35,$1.23 each,"https://cdn.metcash.media/image/upload/f_auto,c_limit,w_300,q_auto/igashop/images/14546"
Lo Bros Kombucha Peach & Ginger 330mL,$4.00,$1.21/100mL,"https://cdn.metcash.media/image/upload/f_auto,c_limit,w_300,q_auto/igashop/images/416345"
Sliced Mushrooms Punnet 500 grams,$7.50,N/A,"https://cdn.metcash.media/image/upload/f_auto,c_limit,w_300,q_auto/igashop/images/80050139"
Imodium Zapid Diarrhoea Treatment 6 Pack,$13.00,$2.17 each,"https://cdn.metcash.media/image/upload/f_auto,c_limit,w_300,q_auto/igashop/images/353513"
My Muscle Chef My Fuel Energy Drink Grape Thunder 355mL,$4.45,$1.25/100mL,"https://cdn.metcash.media/image/upload/f_auto,c_limit,w_300,q_auto/igashop/images/574164"
Lynx Body Wash Africa 1L,$13.45,$13.45/1L,"https://cdn.metcash.media/image/upload/f_auto,c_limit,w_300,q_auto/igashop/images/256428"
Delta Chicco D'oro Ground Coffee 200g,$7.80,$3.90/100g,"https://cdn.metcash.media/image/upload/f_auto,c_limit,w_300,q_auto/igashop/images/43553"
SunRice Organic Brown Rice Pouch 250g,$3.50,$1.40/100g,"https://cdn.metcash.media/image/upload/f_auto,c_limit,w_300,q_auto/igashop/images/394399"
Quorn Vegan Fillets 252g,$7.50,$2.98/100g,"https://cdn.metcash.media/image/upload/f_auto,c_limit,w_300,q_auto/igashop/images/160000013831"
Twiggy Stick Mild 1kg,Final cost based on weight,$40.40/$40.40,"https://cdn.metcash.media/image/upload/f_auto,c_limit,w_300,q_auto/igashop/images/80072030"
The Candy Market Licorice Allsorts 150g,$2.20,$1.47/100g,"https://cdn.metcash.media/image/upload/f_auto,c_limit,w_300,q_auto/igashop/images/190000004467"
United Organics Apples Royal Gala 500g,$6.95,$1.39/100g,https://www.igashop.com.au/static/default-product-image.png
Dove Body Wash Sensitive 1L,$19.00,$19.00/1L,"https://cdn.metcash.media/image/upload/f_auto,c_limit,w_300,q_auto/igashop/images/351456"
Cuddly Concentrate Fabric Softener Cherry Blossom 900mL,$9.00,$1.00/100mL,"https://cdn.metcash.media/image/upload/f_auto,c_limit,w_300,q_auto/igashop/images/348432"
Pantene Miracles Collagen Repair & Protect Shampoo 375mL,$13.00,$3.47/100mL,"https://cdn.metcash.media/image/upload/f_auto,c_limit,w_300,q_auto/igashop/images/560830"
Nescafe Farmers Origins Coffee Capsules India Espresso 10 Pack,$8.50,$0.85 each,"https://cdn.metcash.media/image/upload/f_auto,c_limit,w_300,q_auto/igashop/images/160000013910"
Community Co Danish Style Fetta 200g,$3.20,$1.60/100g,"https://cdn.metcash.media/image/upload/f_auto,c_limit,w_300,q_auto/igashop/images/190000001516"
Christmas Gft Bag Glitter/Foil Large,$2.50,N/A,"https://cdn.metcash.media/image/upload/f_auto,c_limit,w_300,q_auto/igashop/images/277479"
BioPak Dinner Plates 25cm 20 Pack,$7.15,$0.36 each,https://www.igashop.com.au/static/default-product-image.png
Optimum Dry Cat Food With Ocean Fish Bag 2kg,$21.50,$10.75/kg,"https://cdn.metcash.media/image/upload/f_auto,c_limit,w_300,q_auto/igashop/images/996188"
Hermesetas Granulated Sweetener Jar 90g,$6.30,$7.00/100g,"https://cdn.metcash.media/image/upload/f_auto,c_limit,w_300,q_auto/igashop/images/442359"
Bite Me Veggie Patties 300g,$10.49,$3.50/100g,"https://cdn.metcash.media/image/upload/f_auto,c_limit,w_300,q_auto/igashop/images/20000002556"
My Dog Shredded Meals Beef 100g,$1.95,$1.95/100g,"https://cdn.metcash.media/image/upload/f_auto,c_limit,w_300,q_auto/igashop/images/335727"
Five Brothers Oven Roasted Garlic & Onion Pasta Sauce 500g,$4.60,$0.92/100g,"https://cdn.metcash.media/image/upload/f_auto,c_limit,w_300,q_auto/igashop/images/20000001089"
Supafin Scallops With Roe And Butter 260g,$12.99,$5.00/100g,"https://cdn.metcash.media/image/upload/f_auto,c_limit,w_300,q_auto/igashop/images/180000000626"
Goodman Fielder Stick Plain,$8.95,N/A,https://www.igashop.com.au/static/default-product-image.png
Cockle Bay Chunky Steak Pie 400g,$8.00,$2.00/100g,"https://cdn.metcash.media/image/upload/f_auto,c_limit,w_300,q_auto/igashop/images/180000002965"
Jasol Instant Hand Sanitiser 500mL,$13.10,$2.62/100mL,"https://cdn.metcash.media/image/upload/f_auto,c_limit,w_300,q_auto/igashop/images/84907"
Sukin Hand & Nail Cream Tube 125mL,$11.20,$8.96/100mL,"https://cdn.metcash.media/image/upload/f_auto,c_limit,w_300,q_auto/igashop/images/160000012524"
Hydralyte Effervescent Electrolyte Tablets Strawberry Kiwi 10 Pack,$6.05,$0.61 each,"https://cdn.metcash.media/image/upload/f_auto,c_limit,w_300,q_auto/igashop/images/190000005371"
Dollar Sweets Sprinkles Fives 125g,$2.50,$2.00/100g,"https://cdn.metcash.media/image/upload/f_auto,c_limit,w_300,q_auto/igashop/images/38396"
400 Gradi Arancini Bolognese 500g,$15.50,$3.10/100g,"https://cdn.metcash.media/image/upload/f_auto,c_limit,w_300,q_auto/igashop/images/190000009604"
Remedy Kombucha Raspberry Lemonade 1.25L,$6.25,$5.00/1L,"https://cdn.metcash.media/image/upload/f_auto,c_limit,w_300,q_auto/igashop/images/8718"
Leggo's No Added Salt Tomato Paste 2 Pack,$3.50,$1.75 each,"https://cdn.metcash.media/image/upload/f_auto,c_limit,w_300,q_auto/igashop/images/411837"
Lemsip Max Cold and Flu Relief Hot Drink Lemon 10 Pack,$15.00,$1.50 each,"https://cdn.metcash.media/image/upload/f_auto,c_limit,w_300,q_auto/igashop/images/954673"
Pauls Zymil Vanilla Custard Christmas 1kg,$6.20,$6.20/kg,"https://cdn.metcash.media/image/upload/f_auto,c_limit,w_300,q_auto/igashop/images/835719"
Pauls Trim Low Fat Milk 2L,$4.80,$2.40/1L,"https://cdn.metcash.media/image/upload/f_auto,c_limit,w_300,q_auto/igashop/images/170546"
Colgate Zigzag Deep Interdental Clean Toothbrush Medium 3 Pack,$8.50,$2.83 each,"https://cdn.metcash.media/image/upload/f_auto,c_limit,w_300,q_auto/igashop/images/609406"
Community Co Mince Pies 6 Pack,$7.00,$1.17 each,"https://cdn.metcash.media/image/upload/f_auto,c_limit,w_300,q_auto/igashop/images/241876"
Marbig Spiro 96 Page Note Book,$2.10,N/A,"https://cdn.metcash.media/image/upload/f_auto,c_limit,w_300,q_auto/igashop/images/710451"
Leabrook Farms Australian Kalamata Olives 275g,$5.10,$1.85/100g,"https://cdn.metcash.media/image/upload/f_auto,c_limit,w_300,q_auto/igashop/images/683840"
Liquid Death Sparkling Water 500mL,$4.95,$0.99/100mL,https://www.igashop.com.au/static/default-product-image.png
Cenovis Mega C 60 Pack,$7.00,$0.12 each,"https://cdn.metcash.media/image/upload/f_auto,c_limit,w_300,q_auto/igashop/images/693324"
Byron Bay Burger Plant Patties 2 Pack,$12.50,$6.25 each,"https://cdn.metcash.media/image/upload/f_auto,c_limit,w_300,q_auto/igashop/images/20000006201"
Country Delight Cake Orange & Poppyseed 500g,$8.30,$1.66/100g,https://www.igashop.com.au/static/default-product-image.png
John West Tempter Salmon With Lemon And Dill 95g,$3.50,$3.68/100g,"https://cdn.metcash.media/image/upload/f_auto,c_limit,w_300,q_auto/igashop/images/462032"
Safcol Salmon Smoked 95g,$2.00,$2.11/100g,"https://cdn.metcash.media/image/upload/f_auto,c_limit,w_300,q_auto/igashop/images/469660_2"
Jackhammer Mouse Traps,$2.25,N/A,https://www.igashop.com.au/static/default-product-image.png
SPC Spaghetti Rich Tomato 420g,$2.50,$0.60/100g,"https://cdn.metcash.media/image/upload/f_auto,c_limit,w_300,q_auto/igashop/images/629846"
Kinder Bueno Classic Frozen Dessert Cone 4 Pack,$12.00,$3.00 each,"https://cdn.metcash.media/image/upload/f_auto,c_limit,w_300,q_auto/igashop/images/649215"
Darrell Lea Christmas Balls 150g,$2.00,$1.33/100g,"https://cdn.metcash.media/image/upload/f_auto,c_limit,w_300,q_auto/igashop/images/180000005588"
Busy Bees Gluten Free Lime & Coconut Biscuits 185g,$7.50,$4.05/100g,"https://cdn.metcash.media/image/upload/f_auto,c_limit,w_300,q_auto/igashop/images/160000012735"
Gatorade Tropical Sports Drink 600mL,$4.20,$0.70/100mL,"https://cdn.metcash.media/image/upload/f_auto,c_limit,w_300,q_auto/igashop/images/657386"
Oxyshred Energy Drink Lychee Burst 355mL,$4.90,$1.38/100mL,"https://cdn.metcash.media/image/upload/f_auto,c_limit,w_300,q_auto/igashop/images/180000004629"
Nicorette Quit Smoking Regular Strength Icy Mint Lozenges 2 Mg 80 Pack,$34.00,$0.43 each,"https://cdn.metcash.media/image/upload/f_auto,c_limit,w_300,q_auto/igashop/images/43702"
Beerenberg Tomato & Roast Garlic 260g,$6.45,$2.48/100g,"https://cdn.metcash.media/image/upload/f_auto,c_limit,w_300,q_auto/igashop/images/429131"
La Zuppa Thai Red Curry With Chickpea & Pumpkin 300g,$5.40,$1.80/100g,"https://cdn.metcash.media/image/upload/f_auto,c_limit,w_300,q_auto/igashop/images/201198"
Big Lolly Halloween Slugs 600g,$10.00,$1.67/100g,https://www.igashop.com.au/static/default-product-image.png
Aeroplane Jelly Lite Lime 2 Pack,$2.50,$1.25 each,"https://cdn.metcash.media/image/upload/f_auto,c_limit,w_300,q_auto/igashop/images/180000000166"
Continental Sensations Soup Porcini Mushroom & Bacon 48g,$3.50,$7.29/100g,"https://cdn.metcash.media/image/upload/f_auto,c_limit,w_300,q_auto/igashop/images/792437"
Smith's Double Crunch Potato Chips Original 150g,$3.75,$2.50/100g,"https://cdn.metcash.media/image/upload/f_auto,c_limit,w_300,q_auto/igashop/images/20000006584"
Obela Roasted Pine Nut Hommus 220g,$4.90,$2.23/100g,"https://cdn.metcash.media/image/upload/f_auto,c_limit,w_300,q_auto/igashop/images/176657"
Ben & Jerry's Non-Dairy Frozen Dessert Oat Chocolate Chip Cookie Dough 458mL,$14.50,$3.17/100mL,"https://cdn.metcash.media/image/upload/f_auto,c_limit,w_300,q_auto/igashop/images/562471"
Nature's Way Fish Oil 1000mg Caps 80 Pack,$12.00,$0.15 each,"https://cdn.metcash.media/image/upload/f_auto,c_limit,w_300,q_auto/igashop/images/180000004772"
Masterfoods Sauce Garlic And Truffle Squeeze Bottle 250mL,$4.80,$1.92/100mL,"https://cdn.metcash.media/image/upload/f_auto,c_limit,w_300,q_auto/igashop/images/249609"
Uncle Tobys Cereal Oat Crisp Almond 415g,$6.00,$1.45/100g,"https://cdn.metcash.media/image/upload/f_auto,c_limit,w_300,q_auto/igashop/images/389577"
Capilano Honey Twist & Squeeze 220g,$5.00,$2.27/100g,"https://cdn.metcash.media/image/upload/f_auto,c_limit,w_300,q_auto/igashop/images/351396"
Majans Infuzions Air Fries Aioli 90g,$4.90,$5.44/100g,https://www.igashop.com.au/static/default-product-image.png
Life Savers Blackcurrant Pastilles 180g,$2.50,$1.39/100g,"https://cdn.metcash.media/image/upload/f_auto,c_limit,w_300,q_auto/igashop/images/20000006933"
Whole Earth Monk Fruit Canister 500g,$16.30,$3.26/100g,"https://cdn.metcash.media/image/upload/f_auto,c_limit,w_300,q_auto/igashop/images/1800000067923"
Cuddly Ultra Complete Care Morning Sun 850mL,$10.00,$1.18/100mL,"https://cdn.metcash.media/image/upload/f_auto,c_limit,w_300,q_auto/igashop/images/820581"
Soothers Lozenges Eucalyptus & Menthol 10 Pack,$2.75,$0.28 each,"https://cdn.metcash.media/image/upload/f_auto,c_limit,w_300,q_auto/igashop/images/20000004524"
Darrell Lea Egg 100 & 1000 135g,$13.00,$9.63/100g,"https://cdn.metcash.media/image/upload/f_auto,c_limit,w_300,q_auto/igashop/images/281944"
Dari's Hearty Chicken Soup 550g,$7.50,$1.36/100g,"https://cdn.metcash.media/image/upload/f_auto,c_limit,w_300,q_auto/igashop/images/150000008180"
Pauls High Protein Blueberry Yoghurt Pouch 150g,$3.10,$2.07/100g,https://www.igashop.com.au/static/default-product-image.png
Womens Weekly,$9.20,N/A,https://www.igashop.com.au/static/default-product-image.png
Uno Playing Cards,$11.00,N/A,"https://cdn.metcash.media/image/upload/f_auto,c_limit,w_300,q_auto/igashop/images/213807"
D'Orsogna Peri Peri Tasty Sticks 400g,$10.95,$2.74/100g,"https://cdn.metcash.media/image/upload/f_auto,c_limit,w_300,q_auto/igashop/images/608117"
Rockstar Zero Sugar Energy Drink Passionfruit 500mL,$2.75,$0.55/100mL,https://www.igashop.com.au/static/default-product-image.png
Multix Resealable Slider Bags 25 Pack,$3.10,$0.12 each,"https://cdn.metcash.media/image/upload/f_auto,c_limit,w_300,q_auto/igashop/images/358929"
Jack Hammer P Plate White Green Magnetic,$3.95,N/A,https://www.igashop.com.au/static/default-product-image.png
Fanta Orange Soft Drink Multipack Mini Cans 6 Pack,$6.00,$1.00 each,"https://cdn.metcash.media/image/upload/f_auto,c_limit,w_300,q_auto/igashop/images/672962"
Clairol Nice'N Easy Permanent Hair Colour 6R Natural Light Auburn,$11.00,N/A,"https://cdn.metcash.media/image/upload/f_auto,c_limit,w_300,q_auto/igashop/images/586705"
Rafferty's Garden My First Apple 120g,$2.30,$1.92/100g,"https://cdn.metcash.media/image/upload/f_auto,c_limit,w_300,q_auto/igashop/images/939872"
Continental Cook-In-Bag Recipe Base Honey BBQ Chicken 45g,$2.75,$6.11/100g,"https://cdn.metcash.media/image/upload/f_auto,c_limit,w_300,q_auto/igashop/images/306605"
Schwarzkopf Taft Styling Gel Extra Strong Hold 250g,$6.00,$2.40/100g,"https://cdn.metcash.media/image/upload/f_auto,c_limit,w_300,q_auto/igashop/images/490085"
Ben & Jerry's Ice Cream Dulce Delish Sundae 427mL,$14.50,$3.40/100mL,"https://cdn.metcash.media/image/upload/f_auto,c_limit,w_300,q_auto/igashop/images/534868"
Tabasco Habanero Sauce 60mL,$4.40,$7.33/100mL,"https://cdn.metcash.media/image/upload/f_auto,c_limit,w_300,q_auto/igashop/images/160000003407"
Nanna's Snack Blackberry & Apple Pies 4 Pack,$6.50,$1.63 each,"https://cdn.metcash.media/image/upload/f_auto,c_limit,w_300,q_auto/igashop/images/170978"
U By Kotex Ultrathin Cotton + Bacteria Control Overnight 8 Pack,$5.60,$0.70 each,"https://cdn.metcash.media/image/upload/f_auto,c_limit,w_300,q_auto/igashop/images/160000005557"
Continental Instant Mashed Potato Deb Mash 350g,$6.60,$1.89/100g,"https://cdn.metcash.media/image/upload/f_auto,c_limit,w_300,q_auto/igashop/images/23498"
Skittles Fruits 380g,$7.00,$1.84/100g,"https://cdn.metcash.media/image/upload/f_auto,c_limit,w_300,q_auto/igashop/images/963826"
Latina Fresh Kids Beef And Vegetable Mini Ravioli 200g,$5.40,$2.70/100g,"https://cdn.metcash.media/image/upload/f_auto,c_limit,w_300,q_auto/igashop/images/172661"
Raw Diced Steak Pet Meats 800g,$9.75,$1.22/100g,"https://cdn.metcash.media/image/upload/f_auto,c_limit,w_300,q_auto/igashop/images/289874"
Bega Cheese Toastie 250g,$6.50,$2.60/100g,"https://cdn.metcash.media/image/upload/f_auto,c_limit,w_300,q_auto/igashop/images/1800000068142"
Cleaver's Organic Chicken Nuggets 300g,$11.50,$3.83/100g,"https://cdn.metcash.media/image/upload/f_auto,c_limit,w_300,q_auto/igashop/images/95542"
Black & Gold Shredded Coconut 250g,$2.95,$1.18/100g,"https://cdn.metcash.media/image/upload/f_auto,c_limit,w_300,q_auto/igashop/images/345052"
Sirena Tuna Slices Chilli & Oil 125g,$3.90,$3.12/100g,"https://cdn.metcash.media/image/upload/f_auto,c_limit,w_300,q_auto/igashop/images/47688"
Chia Pod Smooth Banana Pouch 120g,$2.00,$1.67/100g,"https://cdn.metcash.media/image/upload/f_auto,c_limit,w_300,q_auto/igashop/images/8062"
Connoisseur Wattleseed & Hazelnut Sticks 4 Pack,$4.50,$1.13 each,"https://cdn.metcash.media/image/upload/f_auto,c_limit,w_300,q_auto/igashop/images/7297"
MasterFoods Honey BBQ Marinade 375g,$3.60,$0.96/100g,"https://cdn.metcash.media/image/upload/f_auto,c_limit,w_300,q_auto/igashop/images/99541"
Bundaberg Golden Syrup 1kg,$6.65,$6.65/kg,"https://cdn.metcash.media/image/upload/f_auto,c_limit,w_300,q_auto/igashop/images/600410"
Wattle Valley Chunky Basil with Cashew Dip 135g,$5.25,$3.89/100g,https://www.igashop.com.au/static/default-product-image.png
Maggi 2 Minute Instant Noodles Oriental 5 Pack,$5.00,$1.00 each,"https://cdn.metcash.media/image/upload/f_auto,c_limit,w_300,q_auto/igashop/images/40788"
Pandaroo Palm Sugar 500g,$3.95,$0.79/100g,"https://cdn.metcash.media/image/upload/f_auto,c_limit,w_300,q_auto/igashop/images/20000006760"
Spice & Co Cardamom Ground 15g,$3.75,$25.00/100g,"https://cdn.metcash.media/image/upload/f_auto,c_limit,w_300,q_auto/igashop/images/190000002382"
Proper Crisps Dill Pickle with Apple Cider Vinegar Chips 140g,$6.90,$4.93/100g,"https://cdn.metcash.media/image/upload/f_auto,c_limit,w_300,q_auto/igashop/images/190000001759"
Community Co Rice Bran Oil Spray 225g,$4.00,$1.78/100g,"https://cdn.metcash.media/image/upload/f_auto,c_limit,w_300,q_auto/igashop/images/845251"
Berri Quelch Tropical 24 Pack,$7.80,$0.33 each,"https://cdn.metcash.media/image/upload/f_auto,c_limit,w_300,q_auto/igashop/images/406913"
Nestlé Smarties Chocolate 160g,$4.80,$3.00/100g,"https://cdn.metcash.media/image/upload/f_auto,c_limit,w_300,q_auto/igashop/images/695287"
Tony's Chocolate Caramel Sea Salt 180g,$10.75,$5.97/100g,https://www.igashop.com.au/static/default-product-image.png
Youfoodz Juice Awaken 350mL,$4.40,$1.26/100mL,"https://cdn.metcash.media/image/upload/f_auto,c_limit,w_300,q_auto/igashop/images/180000006564"
Herron Sennesoft Laxatives Overnight Relief 100 Pack,$9.40,$0.09 each,"https://cdn.metcash.media/image/upload/f_auto,c_limit,w_300,q_auto/igashop/images/682933"
Lo Bros Organic Kombucha Passionfruit 750mL,$6.30,$0.84/100mL,"https://cdn.metcash.media/image/upload/f_auto,c_limit,w_300,q_auto/igashop/images/814909"
Lago Savoiardi Lady Fingers 200g,$3.60,$1.80/100g,"https://cdn.metcash.media/image/upload/f_auto,c_limit,w_300,q_auto/igashop/images/20000006715"
Bickford's Cordial Pineapple & Lime 750mL,$5.00,$0.67/100mL,"https://cdn.metcash.media/image/upload/f_auto,c_limit,w_300,q_auto/igashop/images/564818"
MasterFoods Cardamom Ground 35g,$3.50,$10.00/100g,"https://cdn.metcash.media/image/upload/f_auto,c_limit,w_300,q_auto/igashop/images/76548"
Macleans Protect Fresh Mint Toothpaste 90g,$2.05,$2.28/100g,"https://cdn.metcash.media/image/upload/f_auto,c_limit,w_300,q_auto/igashop/images/689422"
Sard Power Stain Remover Spray Effective On All Major Stain Types 450mL,$7.00,$1.56/100mL,"https://cdn.metcash.media/image/upload/f_auto,c_limit,w_300,q_auto/igashop/images/20000006516"
Mainland Swiss Cheese Slices 180g,$7.00,$3.89/100g,"https://cdn.metcash.media/image/upload/f_auto,c_limit,w_300,q_auto/igashop/images/34295"
GARNIER Micellar Cleansing Milky Water Dry & Sensitive Skin 400mL,$15.00,$3.75/100mL,"https://cdn.metcash.media/image/upload/f_auto,c_limit,w_300,q_auto/igashop/images/967493"
Sunbites Grain Waves Caramelised Onion & Balsamic 170g,$3.75,$2.21/100g,"https://cdn.metcash.media/image/upload/f_auto,c_limit,w_300,q_auto/igashop/images/160000004626"
Palmolive Ultra Strength Original Concentrate Dishwashing Liquid 950mL,$9.50,$1.00/100mL,"https://cdn.metcash.media/image/upload/f_auto,c_limit,w_300,q_auto/igashop/images/551988"
Starbucks Signature Chocolate Salted Caramel 10 Pack,$7.70,$0.77 each,"https://cdn.metcash.media/image/upload/f_auto,c_limit,w_300,q_auto/igashop/images/538095"
Proud & Punch Choc Banana Smoothie Pops 6 Pack,$5.50,$0.92 each,"https://cdn.metcash.media/image/upload/f_auto,c_limit,w_300,q_auto/igashop/images/130169"
Rana Ricotta & Spinach Tortellini Fresh Pasta 325g,$7.20,$2.22/100g,"https://cdn.metcash.media/image/upload/f_auto,c_limit,w_300,q_auto/igashop/images/190000001286"
John West Tuna Tempters Olive Oil 12 Pack,$19.00,$1.58 each,"https://cdn.metcash.media/image/upload/f_auto,c_limit,w_300,q_auto/igashop/images/972825"
Unicorn Selections Truffle Brie 125g,$6.30,$5.04/100g,"https://cdn.metcash.media/image/upload/f_auto,c_limit,w_300,q_auto/igashop/images/20000006329"
Optimum Adult with Chicken & Rice Wet Dog Food Can 400g,$2.80,$0.70/100g,"https://cdn.metcash.media/image/upload/f_auto,c_limit,w_300,q_auto/igashop/images/424686_1"
Oreo Caramilk Double Stuffed 131g,$2.00,$1.53/100g,"https://cdn.metcash.media/image/upload/f_auto,c_limit,w_300,q_auto/igashop/images/180000005538"
Queen Royal Natural Vanilla Extract 150mL,$10.00,$6.67/100mL,"https://cdn.metcash.media/image/upload/f_auto,c_limit,w_300,q_auto/igashop/images/190000002356"
Balducci Italian Style Cooking Sauce with Basil 700g,$3.90,$0.56/100g,"https://cdn.metcash.media/image/upload/f_auto,c_limit,w_300,q_auto/igashop/images/996219"
Billson's Musk Cordial 700mL,$11.95,$17.07/1L,"https://cdn.metcash.media/image/upload/f_auto,c_limit,w_300,q_auto/igashop/images/355337"
Violet Crumble Santa 30g,$1.25,$4.17/100g,"https://cdn.metcash.media/image/upload/f_auto,c_limit,w_300,q_auto/igashop/images/979416"
Encona Hot Pepper Sauce 142mL,$6.30,$4.44/100mL,"https://cdn.metcash.media/image/upload/f_auto,c_limit,w_300,q_auto/igashop/images/190000001417"
"MasterFoods Honey, Garlic & Soy Stir Fry Recipe Base 175g",$2.70,$1.54/100g,"https://cdn.metcash.media/image/upload/f_auto,c_limit,w_300,q_auto/igashop/images/87057"
Lucas' Papaw Ointment 75g,$20.50,$27.33/100g,https://www.igashop.com.au/static/default-product-image.png
Papermate Inkjoy 100 Pen Assorted 10 Pack,$5.25,$0.53 each,"https://cdn.metcash.media/image/upload/f_auto,c_limit,w_300,q_auto/igashop/images/861503"
Glade Wild Lavender Aerosol 200g,$3.40,$1.70/100g,"https://cdn.metcash.media/image/upload/f_auto,c_limit,w_300,q_auto/igashop/images/610481"
Whiskas Mixed Favourites In Jelly Pouches Wet Cat Food 24 Pack,$21.00,$0.88 each,"https://cdn.metcash.media/image/upload/f_auto,c_limit,w_300,q_auto/igashop/images/150000007679"
KR Castlemaine Short Cut Bacon 2.5kg,$21.00,$8.40/kg,"https://cdn.metcash.media/image/upload/f_auto,c_limit,w_300,q_auto/igashop/images/116123"
Libra Body Fit Super Tampons 32 Pack,$7.50,$0.23 each,"https://cdn.metcash.media/image/upload/f_auto,c_limit,w_300,q_auto/igashop/images/56085"
Slape And Sons Meatball Beef Brisket 450g,$9.95,$2.21/100g,https://www.igashop.com.au/static/default-product-image.png
Huggies Diaper Pants Size 4 Boy Jumbo 62 Pack,$33.50,$0.54 each,"https://cdn.metcash.media/image/upload/f_auto,c_limit,w_300,q_auto/igashop/images/1800000067622"
Curash Baby Rash Powder With Cornstarch 100g,$4.00,$4.00/100g,"https://cdn.metcash.media/image/upload/f_auto,c_limit,w_300,q_auto/igashop/images/294963"
Edgell Red Kidney Beans Chilli & Olive Oil 70g,$1.00,$1.43/100g,"https://cdn.metcash.media/image/upload/f_auto,c_limit,w_300,q_auto/igashop/images/126982"
McKenzie's Baking Powder 125g,$2.85,$2.28/100g,"https://cdn.metcash.media/image/upload/f_auto,c_limit,w_300,q_auto/igashop/images/140813"
MasterFoods Dried Mixed Herbs 10g,$3.50,$35.00/100g,"https://cdn.metcash.media/image/upload/f_auto,c_limit,w_300,q_auto/igashop/images/9135"
Kettle Natural Chilli 90g,$3.40,$3.78/100g,"https://cdn.metcash.media/image/upload/f_auto,c_limit,w_300,q_auto/igashop/images/345552"
Signature Desserts Vanilla Cheesecake 100g,$3.30,$3.30/100g,https://www.igashop.com.au/static/default-product-image.png
Dine Creamy Treats Tuna Flavour Cat Treat 4 Pack,$3.20,$0.80 each,"https://cdn.metcash.media/image/upload/f_auto,c_limit,w_300,q_auto/igashop/images/658963"
Scholl Gelactiv Insoles Women's Everyday,$28.00,N/A,"https://cdn.metcash.media/image/upload/f_auto,c_limit,w_300,q_auto/igashop/images/276936"
Nair Easiwax Mini Wax Strips 20 Pack,$9.20,$0.46 each,"https://cdn.metcash.media/image/upload/f_auto,c_limit,w_300,q_auto/igashop/images/23087"
Maggi Beef Stroganoff 41g,$1.85,$4.51/100g,"https://cdn.metcash.media/image/upload/f_auto,c_limit,w_300,q_auto/igashop/images/629566"
Ravin Honey Salt & Vinegar Rice Crackers 100g,$3.00,$3.00/100g,"https://cdn.metcash.media/image/upload/f_auto,c_limit,w_300,q_auto/igashop/images/20000005387"
Medix Pain Relief Extra Paracetomol + Caffeine 20 Pack,$6.55,$0.33 each,https://www.igashop.com.au/static/default-product-image.png
Munchos Spicy Tomato 100g,$4.70,$4.70/100g,"https://cdn.metcash.media/image/upload/f_auto,c_limit,w_300,q_auto/igashop/images/20000003859"
Rockstar Original 500mL,$2.75,$0.55/100mL,"https://cdn.metcash.media/image/upload/f_auto,c_limit,w_300,q_auto/igashop/images/890277"
ZoOSh Spicy Mexican Flavour Creamy Dreamy Dip 185g,$3.00,$1.62/100g,"https://cdn.metcash.media/image/upload/f_auto,c_limit,w_300,q_auto/igashop/images/164045"
Schwarzkopf Taft Mega Styling Gel Maximum Hold 300g,$10.85,$3.62/100g,"https://cdn.metcash.media/image/upload/f_auto,c_limit,w_300,q_auto/igashop/images/942016"
Supercoat Smartblend Adult Large Breed Dog Food With Chicken 7kg,$27.00,$3.86/kg,"https://cdn.metcash.media/image/upload/f_auto,c_limit,w_300,q_auto/igashop/images/662111"
Garofalo Gluten Free Gnocchi 400g,$6.50,$1.63/100g,"https://cdn.metcash.media/image/upload/f_auto,c_limit,w_300,q_auto/igashop/images/160000013921"
Heinz Spaghetti Tomato and Cheese 3 Pack,$5.50,$1.83 each,"https://cdn.metcash.media/image/upload/f_auto,c_limit,w_300,q_auto/igashop/images/891066"
Gourmet Garden Ginger 80g,$4.50,$5.63/100g,https://www.igashop.com.au/static/default-product-image.png
La Casa Del Formaggio Mozzarella String Cheese Sticks 160g,$7.00,$4.38/100g,https://www.igashop.com.au/static/default-product-image.png
San Remo Sundried Tomato & Basil Ravioli 400g,$10.00,$2.50/100g,"https://cdn.metcash.media/image/upload/f_auto,c_limit,w_300,q_auto/igashop/images/702717"
Lindt Gourmet Egg Bag 106g,$9.00,$8.49/100g,"https://cdn.metcash.media/image/upload/f_auto,c_limit,w_300,q_auto/igashop/images/190000010560"
Chupa Chups Incredible Chew Confectionery Mango 45g,$1.50,$3.33/100g,"https://cdn.metcash.media/image/upload/f_auto,c_limit,w_300,q_auto/igashop/images/180000006232"
Jack Hammer D Shackle Part 10mm,$6.35,N/A,https://www.igashop.com.au/static/default-product-image.png
Three Threes Beetroot Sliced 415g,$3.85,$0.93/100g,"https://cdn.metcash.media/image/upload/f_auto,c_limit,w_300,q_auto/igashop/images/180000001728"
"Ben's Original Rice Fuel Fibre Beans, Garlic And Brown Rice 180g",$3.55,$1.97/100g,"https://cdn.metcash.media/image/upload/f_auto,c_limit,w_300,q_auto/igashop/images/503671"
Cool Pak Popcorn Variety 16 Pack 198g,$5.75,$2.90/100g,"https://cdn.metcash.media/image/upload/f_auto,c_limit,w_300,q_auto/igashop/images/200553"
The Han Kitchen Budae Ramyun 476g,$9.00,$1.89/100g,https://www.igashop.com.au/static/default-product-image.png
Heinz Baked Beans English Recipe 555g,$3.00,$0.54/100g,"https://cdn.metcash.media/image/upload/f_auto,c_limit,w_300,q_auto/igashop/images/899153"
Band-Aid Skin Flex Regular 20 Pack,$5.60,$0.28 each,"https://cdn.metcash.media/image/upload/f_auto,c_limit,w_300,q_auto/igashop/images/283218"
Butterfingers Shortbread Biscuits 175g,$9.50,$5.43/100g,"https://cdn.metcash.media/image/upload/f_auto,c_limit,w_300,q_auto/igashop/images/8136"
Vitasoy Home Barista Almond 1L,$4.60,$4.60/1L,https://www.igashop.com.au/static/default-product-image.png
On The Menu Chicken Parmigiana 320g,$6.75,$2.11/100g,"https://cdn.metcash.media/image/upload/f_auto,c_limit,w_300,q_auto/igashop/images/144930"
Bulla Chocolate Bars Vanilla 8 Pack,$5.00,$0.63 each,"https://cdn.metcash.media/image/upload/f_auto,c_limit,w_300,q_auto/igashop/images/204191"
Palmolive Luminous Oils Invigorating Body Wash Macadamia Oil With Peony Recyclable 400mL,$7.00,$1.75/100mL,"https://cdn.metcash.media/image/upload/f_auto,c_limit,w_300,q_auto/igashop/images/67329"
Golden Circle Summer Berries Fruit Drink Multipack Poppers 6 Pack,$5.10,$0.85 each,"https://cdn.metcash.media/image/upload/f_auto,c_limit,w_300,q_auto/igashop/images/74499"
Women's Logo Low Cut Black or White 3 Pack,$16.00,$5.33 each,"https://cdn.metcash.media/image/upload/f_auto,c_limit,w_300,q_auto/igashop/images/180000001374"
Redwin Skin Moisturiser Cream Vit E 330g,$6.30,$1.91/100g,"https://cdn.metcash.media/image/upload/f_auto,c_limit,w_300,q_auto/igashop/images/790427"
Mr Chen's Prawn Hargow 300g,$8.50,$2.83/100g,"https://cdn.metcash.media/image/upload/f_auto,c_limit,w_300,q_auto/igashop/images/907100"
"Ivan's Bacon, Cheese & Leek Tart 800g",$29.95,$3.74/100g,"https://cdn.metcash.media/image/upload/f_auto,c_limit,w_300,q_auto/igashop/images/150000007600"
In A Biskit Peri Peri Drumstix 145g,$2.00,$1.38/100g,"https://cdn.metcash.media/image/upload/f_auto,c_limit,w_300,q_auto/igashop/images/180000005605"
Heinz Berry & Oats Smoothie With Greek Yoghurt 120g,$1.70,$1.42/100g,"https://cdn.metcash.media/image/upload/f_auto,c_limit,w_300,q_auto/igashop/images/997367"
Abbott's Bakery Bread High Protein Soy Chickpea Quinoa 700g,$5.00,$0.71/100g,https://www.igashop.com.au/static/default-product-image.png
Cocobella Coconut Water Watermelon & Mint 1L,$2.75,$2.75/1L,"https://cdn.metcash.media/image/upload/f_auto,c_limit,w_300,q_auto/igashop/images/160000012473"
Roast Beef 1kg,Final cost based on weight,$37.00/$37.00,"https://cdn.metcash.media/image/upload/f_auto,c_limit,w_300,q_auto/igashop/images/80072096"
Baked Provisions Family Pie Steak 700g,$13.95,$1.99/100g,"https://cdn.metcash.media/image/upload/f_auto,c_limit,w_300,q_auto/igashop/images/180000005028"
Mother Earth Chocolate Chip Oaty Slice 6 Pack,$3.80,$0.63 each,"https://cdn.metcash.media/image/upload/f_auto,c_limit,w_300,q_auto/igashop/images/679325"
BIC Intensity Bold Tank Blue,$3.00,N/A,"https://cdn.metcash.media/image/upload/f_auto,c_limit,w_300,q_auto/igashop/images/695826"
I CHOOSE RE-USE IGA Re-usable Red Bag,$1.00,N/A,"https://cdn.metcash.media/image/upload/f_auto,c_limit,w_300,q_auto/igashop/images/180000001357"
Europe Nougat Honey Log 40g,$3.00,$7.50/100g,"https://cdn.metcash.media/image/upload/f_auto,c_limit,w_300,q_auto/igashop/images/387062"
Fever-tree Premium Ginger Ale Bottles 4 Pack,$8.00,$2.00 each,"https://cdn.metcash.media/image/upload/f_auto,c_limit,w_300,q_auto/igashop/images/190000006034"
Cadbury Dairy Milk Mega Easter Egg Tube 476g,$23.45,$4.93/100g,"https://cdn.metcash.media/image/upload/f_auto,c_limit,w_300,q_auto/igashop/images/170000000666"
Bananas 180g,Final cost based on weight,$0.81/$4.50,"https://cdn.metcash.media/image/upload/f_auto,c_limit,w_300,q_auto/igashop/images/80060017"
Jack Hammer Brass Padlock 25mm,$3.50,N/A,"https://cdn.metcash.media/image/upload/f_auto,c_limit,w_300,q_auto/igashop/images/213776"
Rexona Advanced Protection Antiperspirant Roll On Bright Bouquet 50mL,$5.50,$11.00/100mL,"https://cdn.metcash.media/image/upload/f_auto,c_limit,w_300,q_auto/igashop/images/325073"
Nobby's Beef Jerky Original 25g,$4.29,$17.16/100g,"https://cdn.metcash.media/image/upload/f_auto,c_limit,w_300,q_auto/igashop/images/861147"
Remedy Shot Sleep 60mL,$3.50,$58.33/1L,"https://cdn.metcash.media/image/upload/f_auto,c_limit,w_300,q_auto/igashop/images/699927"
Darrell Lea Salted Caramel Bullets 200g,$6.00,$3.00/100g,"https://cdn.metcash.media/image/upload/f_auto,c_limit,w_300,q_auto/igashop/images/383649"
Oreo Blueberry 131g,$2.80,$2.14/100g,"https://cdn.metcash.media/image/upload/f_auto,c_limit,w_300,q_auto/igashop/images/535288"
Yes You Can Chocolate Mud Cake Mix 600g,$9.00,$1.50/100g,"https://cdn.metcash.media/image/upload/f_auto,c_limit,w_300,q_auto/igashop/images/160000017872"
McKenzie's Nibbles Milk Chocolate 120g,$2.99,$2.49/100g,"https://cdn.metcash.media/image/upload/f_auto,c_limit,w_300,q_auto/igashop/images/190000003829"
Ham Shredded 1kg,Final cost based on weight,$20.00/$20.00,"https://cdn.metcash.media/image/upload/f_auto,c_limit,w_300,q_auto/igashop/images/80072022"
Lilydale Chicken Breast Kebabs Sweet Soy 375g,$10.50,$2.80/100g,"https://cdn.metcash.media/image/upload/f_auto,c_limit,w_300,q_auto/igashop/images/180000005209"
Black & Gold Long Grain Rice 5kg,$8.50,$1.70/kg,https://www.igashop.com.au/static/default-product-image.png
Vitasoy Greek Soy Yogurt Vanilla 450g,$5.80,$1.29/100g,"https://cdn.metcash.media/image/upload/f_auto,c_limit,w_300,q_auto/igashop/images/327059"
V Energy Drink Watermelon Candy Zero Sugar 250mL,$2.65,$1.06/100mL,"https://cdn.metcash.media/image/upload/f_auto,c_limit,w_300,q_auto/igashop/images/1800000068153"
Empire Fresh Pizza Meatlover 600g,$12.00,$2.00/100g,"https://cdn.metcash.media/image/upload/f_auto,c_limit,w_300,q_auto/igashop/images/190000003996"
Cocobella Coconut Water Chocolate 375mL,$2.99,$0.80/100mL,"https://cdn.metcash.media/image/upload/f_auto,c_limit,w_300,q_auto/igashop/images/190000005045"
Flora ProActiv Buttery Spread 250g,$3.95,$1.58/100g,"https://cdn.metcash.media/image/upload/f_auto,c_limit,w_300,q_auto/igashop/images/190000003719"
Connoisseur Triple Choc Cookie 4 Pack,$8.50,$2.13 each,"https://cdn.metcash.media/image/upload/f_auto,c_limit,w_300,q_auto/igashop/images/407752"
Nestle Kit Kat Chunky Chocolate Aero Milk Bar 45g,$1.50,$3.33/100g,"https://cdn.metcash.media/image/upload/f_auto,c_limit,w_300,q_auto/igashop/images/1800000068250"
MasterFoods Squeezy Barbecue Sauce 250mL,$3.25,$1.30/100mL,"https://cdn.metcash.media/image/upload/f_auto,c_limit,w_300,q_auto/igashop/images/948698"
Gatorade No Sugar Orange Sports Drink 600mL,$4.20,$0.70/100mL,"https://cdn.metcash.media/image/upload/f_auto,c_limit,w_300,q_auto/igashop/images/160000011920"
A2 Full Cream Milk 2L,$6.90,$3.45/1L,"https://cdn.metcash.media/image/upload/f_auto,c_limit,w_300,q_auto/igashop/images/882761"
Mighty Soft Roll Hotdog 6 Pack,$3.90,$0.65 each,"https://cdn.metcash.media/image/upload/f_auto,c_limit,w_300,q_auto/igashop/images/46959"
Redberry Exfoliating Glove Set 2 Pack,$5.30,$2.65 each,"https://cdn.metcash.media/image/upload/f_auto,c_limit,w_300,q_auto/igashop/images/248645"
Pauls Zymil Skim Milk 1L,$3.90,$3.90/1L,"https://cdn.metcash.media/image/upload/f_auto,c_limit,w_300,q_auto/igashop/images/701486"
Burgen Traditional Rye Bread 700g,$6.00,$0.86/100g,"https://cdn.metcash.media/image/upload/f_auto,c_limit,w_300,q_auto/igashop/images/867305"
Berocca Sport Electrolyte Powder Orange 14 Pack,$16.50,$1.18 each,"https://cdn.metcash.media/image/upload/f_auto,c_limit,w_300,q_auto/igashop/images/442731"
Dynamo Professional Hygiene Power Laundry Detergent Liquid 2L,$29.00,$14.50/1L,"https://cdn.metcash.media/image/upload/f_auto,c_limit,w_300,q_auto/igashop/images/355882"
Smith's Double Crunch Flamin' Hot Potato Chips Spicy Cheese 150g,$3.60,$2.40/100g,"https://cdn.metcash.media/image/upload/f_auto,c_limit,w_300,q_auto/igashop/images/180000006350"
Purina Friskies Kitten Pet Food Discoveries 700g,$5.60,$0.80/100g,"https://cdn.metcash.media/image/upload/f_auto,c_limit,w_300,q_auto/igashop/images/572748"
Toscano French Croissants 240g 240g,$5.50,$2.29/100g,"https://cdn.metcash.media/image/upload/f_auto,c_limit,w_300,q_auto/igashop/images/20000003144"
Tio Tito Mexican Salsa Hot Salsa 370g,$6.10,$1.65/100g,https://www.igashop.com.au/static/default-product-image.png
Black & Gold Diet Lemonade 1.25L,$1.15,$0.92/1L,"https://cdn.metcash.media/image/upload/f_auto,c_limit,w_300,q_auto/igashop/images/441272"
Weet-Bix Honey & Golden Oats 450g,$6.50,$1.44/100g,"https://cdn.metcash.media/image/upload/f_auto,c_limit,w_300,q_auto/igashop/images/519724"
L'OR Espresso Ristretto Coffee Capsules Compatible with Nespresso 10 Pack,$5.30,$0.53 each,"https://cdn.metcash.media/image/upload/f_auto,c_limit,w_300,q_auto/igashop/images/816176"
Sunbeam Nuts Australian Natural Walnuts 160g,$6.10,$3.81/100g,"https://cdn.metcash.media/image/upload/f_auto,c_limit,w_300,q_auto/igashop/images/160000018197"
Simply Wize Gluten Free Potato Pastries 300g,$10.95,$3.65/100g,"https://cdn.metcash.media/image/upload/f_auto,c_limit,w_300,q_auto/igashop/images/160000012352"
Bonds Baby Wonder Sock 3 Pack,$4.50,$1.50 each,"https://cdn.metcash.media/image/upload/f_auto,c_limit,w_300,q_auto/igashop/images/210299"
Korbond Christmas Tumbler 2 Pack,$2.00,$1.00 each,"https://cdn.metcash.media/image/upload/f_auto,c_limit,w_300,q_auto/igashop/images/772500"
Sunbeam Nuts Australian Macadamia Halves 110g,$8.05,$7.32/100g,"https://cdn.metcash.media/image/upload/f_auto,c_limit,w_300,q_auto/igashop/images/160000018194"
Darrell Lea Milk Chocolate Eggs 120g,$5.00,$4.17/100g,"https://cdn.metcash.media/image/upload/f_auto,c_limit,w_300,q_auto/igashop/images/978504"
Mirabella Tri Phosphorous T8 36 Watt Tube 2 Pack,$10.00,$5.00 each,"https://cdn.metcash.media/image/upload/f_auto,c_limit,w_300,q_auto/igashop/images/492574"
Helga's Crafted Country Grain 750g,$6.70,$0.89/100g,https://www.igashop.com.au/static/default-product-image.png
Luv-A-Duck Frozen Whole Duck 2.15kg,$28.85,$13.42/kg,"https://cdn.metcash.media/image/upload/f_auto,c_limit,w_300,q_auto/igashop/images/20000006440"
Oreo Mini Original 204g,$5.00,$2.45/100g,"https://cdn.metcash.media/image/upload/f_auto,c_limit,w_300,q_auto/igashop/images/229976"
Peters Original Neapolitan 4L,$8.70,$2.18/1L,"https://cdn.metcash.media/image/upload/f_auto,c_limit,w_300,q_auto/igashop/images/150847"
SPC Peaches Sliced In Juice 825g,$5.30,$0.64/100g,"https://cdn.metcash.media/image/upload/f_auto,c_limit,w_300,q_auto/igashop/images/403876"
Cottee's Blackberry Jam 500g,$4.35,$0.87/100g,"https://cdn.metcash.media/image/upload/f_auto,c_limit,w_300,q_auto/igashop/images/29452"
MasterFoods Sauce Spicy Barbecue Wing 500mL,$2.45,$0.49/100mL,https://www.igashop.com.au/static/default-product-image.png
Starbucks By Nespresso Single Origin Colombia Coffee Pods 10 Pack,$6.50,$0.65 each,"https://cdn.metcash.media/image/upload/f_auto,c_limit,w_300,q_auto/igashop/images/927189"
Johnson's Baby Wipes Fragrance Free 80 Pack,$6.65,$0.08 each,"https://cdn.metcash.media/image/upload/f_auto,c_limit,w_300,q_auto/igashop/images/395764"
Exelpet Fleaban House And Carpet Spray 375mL,$19.00,$5.07/100mL,"https://cdn.metcash.media/image/upload/f_auto,c_limit,w_300,q_auto/igashop/images/364129"
Schick Quattro Titanium 4 Razor Kit,$11.70,N/A,"https://cdn.metcash.media/image/upload/f_auto,c_limit,w_300,q_auto/igashop/images/67031"
Sustagen Dutch Chocolate Flavour 550g,$10.20,$1.85/100g,"https://cdn.metcash.media/image/upload/f_auto,c_limit,w_300,q_auto/igashop/images/879506"
Barbell Foods Air Dried Steak Sea Salt 70g,$12.00,$17.14/100g,https://www.igashop.com.au/static/default-product-image.png
Nice & Natural Smoothie Bars Berrylicious 100g,$5.50,$5.50/100g,"https://cdn.metcash.media/image/upload/f_auto,c_limit,w_300,q_auto/igashop/images/638442"
Bosisto's Lavender Oil 25mL,$7.00,$28.00/100mL,"https://cdn.metcash.media/image/upload/f_auto,c_limit,w_300,q_auto/igashop/images/22285"
Colgate Max Fresh Mouthwash Watermelon 500mL,$8.00,$1.60/100mL,"https://cdn.metcash.media/image/upload/f_auto,c_limit,w_300,q_auto/igashop/images/530893"
Chobani Greek Yoghurt Strawberry 160g,$2.70,$1.69/100g,"https://cdn.metcash.media/image/upload/f_auto,c_limit,w_300,q_auto/igashop/images/20000007121"
Nice & Natural Protein Bar Dark Chocolate & Cacao 5 Pack,$5.00,$1.00 each,"https://cdn.metcash.media/image/upload/f_auto,c_limit,w_300,q_auto/igashop/images/180000004617"
John West Salmon Tempters Salmon Teriyaki 95g,$3.50,$3.68/100g,"https://cdn.metcash.media/image/upload/f_auto,c_limit,w_300,q_auto/igashop/images/462354"
Yoplait Zero Yoghurt Tropical Multipack 6 Pack,$7.00,$1.17 each,"https://cdn.metcash.media/image/upload/f_auto,c_limit,w_300,q_auto/igashop/images/928059"
Green's Buttermilk Pancake Shake Mix 325g,$3.50,$1.08/100g,"https://cdn.metcash.media/image/upload/f_auto,c_limit,w_300,q_auto/igashop/images/350081"
U By Kotex Overnight Pads Extra 10 Pack,$5.60,$0.56 each,"https://cdn.metcash.media/image/upload/f_auto,c_limit,w_300,q_auto/igashop/images/55495"
Community Gardens Los Angeles Habanero Mango Hot Sauce 150mL,$5.99,$3.99/100mL,"https://cdn.metcash.media/image/upload/f_auto,c_limit,w_300,q_auto/igashop/images/160000013590"
Head & Shoulders Smooth & Silky Anti Dandruff Conditioner for Smooth & Silky Hair 400mL,$12.00,$3.00/100mL,"https://cdn.metcash.media/image/upload/f_auto,c_limit,w_300,q_auto/igashop/images/160000010990"
Chrystal Fresh Cheese Board Selection 275g,$13.00,$4.73/100g,"https://cdn.metcash.media/image/upload/f_auto,c_limit,w_300,q_auto/igashop/images/113248"
Stabilo Boss Highlighters 4 Pack,$9.40,$2.35 each,"https://cdn.metcash.media/image/upload/f_auto,c_limit,w_300,q_auto/igashop/images/287880"
Birds Eye Steam Fresh Potato Mash With Butter 400g,$6.50,$1.63/100g,"https://cdn.metcash.media/image/upload/f_auto,c_limit,w_300,q_auto/igashop/images/240427"
Nestlé Kit Kat Confectionery & Co Door Delight Stocking 168g,$9.20,$5.48/100g,https://www.igashop.com.au/static/default-product-image.png
Praise Creamy Lime & Herb Dressing 250mL,$3.80,$1.52/100mL,"https://cdn.metcash.media/image/upload/f_auto,c_limit,w_300,q_auto/igashop/images/895811"
Golden Pikelets 8 Pack,$4.50,$0.56 each,"https://cdn.metcash.media/image/upload/f_auto,c_limit,w_300,q_auto/igashop/images/457184"
Vo5 Hairspray Extra Hold 200g,$5.50,$2.75/100g,"https://cdn.metcash.media/image/upload/f_auto,c_limit,w_300,q_auto/igashop/images/698706"
Dynamo Professional Oxi Capsules 29 Pack,$14.50,$0.50 each,https://www.igashop.com.au/static/default-product-image.png
White Wings Cornflour 300g,$3.40,$1.13/100g,"https://cdn.metcash.media/image/upload/f_auto,c_limit,w_300,q_auto/igashop/images/682551"
Black & Gold Tasty Shredded Cheese Reduced Fat 500g,$6.50,$1.30/100g,"https://cdn.metcash.media/image/upload/f_auto,c_limit,w_300,q_auto/igashop/images/163507"
McKenzie's Lentils Red 375g,$2.60,$0.69/100g,"https://cdn.metcash.media/image/upload/f_auto,c_limit,w_300,q_auto/igashop/images/354247"
Supercoat Smartblend Adult Active Dog Food With Beef 6.7kg,$27.00,$4.03/kg,"https://cdn.metcash.media/image/upload/f_auto,c_limit,w_300,q_auto/igashop/images/663329"
Bulla Fudge Bars Caramel 8 Pack,$10.00,$1.25 each,"https://cdn.metcash.media/image/upload/f_auto,c_limit,w_300,q_auto/igashop/images/180000003522"
S-26 Alula Original Newborn Stage 1 Infant Formula 900g,$19.00,$2.11/100g,"https://cdn.metcash.media/image/upload/f_auto,c_limit,w_300,q_auto/igashop/images/933517"
NIVEA MEN Fresh Sensation Anti-Perspirant Aerosol 250mL,$4.75,$1.90/100mL,"https://cdn.metcash.media/image/upload/f_auto,c_limit,w_300,q_auto/igashop/images/736931"
Curash Water Wipes 3 Pack,$17.60,$5.87 each,"https://cdn.metcash.media/image/upload/f_auto,c_limit,w_300,q_auto/igashop/images/949275"
Cadbury Dream with Oreo 170g,$8.00,$4.71/100g,"https://cdn.metcash.media/image/upload/f_auto,c_limit,w_300,q_auto/igashop/images/150000007975"
So Good Long Life Vanilla Bliss Soy Milk 1L,$3.00,$3.00/1L,"https://cdn.metcash.media/image/upload/f_auto,c_limit,w_300,q_auto/igashop/images/312732"
Mingle Mexican Fiesta Taco 50g,$4.95,$9.90/100g,https://www.igashop.com.au/static/default-product-image.png
"Birds Eye Steam Fresh In Cheese Sauce Broccoli, Cauliflower & Carrot 400g",$6.50,$1.63/100g,"https://cdn.metcash.media/image/upload/f_auto,c_limit,w_300,q_auto/igashop/images/105452"
Dollar Sweets Cake Tops Bright 160g,$2.50,$1.56/100g,"https://cdn.metcash.media/image/upload/f_auto,c_limit,w_300,q_auto/igashop/images/34172"
Lindt Lindor Milk Mini Eggs Bag 90g,$7.50,$8.33/100g,"https://cdn.metcash.media/image/upload/f_auto,c_limit,w_300,q_auto/igashop/images/190000009733"
Mortein Citronella Candle 150g,$12.25,$8.17/100g,"https://cdn.metcash.media/image/upload/f_auto,c_limit,w_300,q_auto/igashop/images/403805"
M&M's Red And Green Peanut Pouch 165g,$7.00,$4.24/100g,"https://cdn.metcash.media/image/upload/f_auto,c_limit,w_300,q_auto/igashop/images/447930"
Darrell Lea Chewy Choc Milk Chocolate Bullets 180g,$3.00,$1.67/100g,https://www.igashop.com.au/static/default-product-image.png
Heinz Mixed Vegetables 1kg,$5.30,$5.30/kg,"https://cdn.metcash.media/image/upload/f_auto,c_limit,w_300,q_auto/igashop/images/145172"
Piranha Golden Hash Potato Grills Sea Salt 75g,$4.25,$5.67/100g,"https://cdn.metcash.media/image/upload/f_auto,c_limit,w_300,q_auto/igashop/images/160000014149"
BIC Crayons Kids Turn & Colour 12 Pack,$4.40,$0.37 each,"https://cdn.metcash.media/image/upload/f_auto,c_limit,w_300,q_auto/igashop/images/632682"
Zero Slim & Healthy Certified Organic Konjac Noodles Style 400g,$4.20,$1.05/100g,"https://cdn.metcash.media/image/upload/f_auto,c_limit,w_300,q_auto/igashop/images/160000012557"
Sukin Natural Deodorant Fresh Cotton 125mL,$8.00,$6.40/100mL,"https://cdn.metcash.media/image/upload/f_auto,c_limit,w_300,q_auto/igashop/images/160000012502"
NIVEA MEN Sensitive Face Moisturiser SPF15 75mL,$14.00,$18.67/100mL,"https://cdn.metcash.media/image/upload/f_auto,c_limit,w_300,q_auto/igashop/images/410409"
Avofresh Classic Guacamole 160g,$5.95,$3.72/100g,"https://cdn.metcash.media/image/upload/f_auto,c_limit,w_300,q_auto/igashop/images/180000002047"
Baked Provisions Orange & Poppy Seed Log Cake 400g,$9.45,$2.36/100g,"https://cdn.metcash.media/image/upload/f_auto,c_limit,w_300,q_auto/igashop/images/20000000574"
Dove Hair Colour Radiance Conditioner 320mL,$7.70,$2.41/100mL,"https://cdn.metcash.media/image/upload/f_auto,c_limit,w_300,q_auto/igashop/images/244730"
Rokeby Probiotic Filmjolk Yoghurt Natural 750g,$5.20,$0.69/100g,"https://cdn.metcash.media/image/upload/f_auto,c_limit,w_300,q_auto/igashop/images/180000000438"
Nice & Natural Chocolate Honeycomb Nut Bars 6 Pack,$5.50,$0.92 each,"https://cdn.metcash.media/image/upload/f_auto,c_limit,w_300,q_auto/igashop/images/591653"
Community Co Kalamata Pitted Olives 350g,$3.80,$1.09/100g,"https://cdn.metcash.media/image/upload/f_auto,c_limit,w_300,q_auto/igashop/images/829810"
Mirabella Eco Halogen Downlight 35W 4 Pack,$12.10,$3.03 each,"https://cdn.metcash.media/image/upload/f_auto,c_limit,w_300,q_auto/igashop/images/268881"
Hana Instant Tofu Miso Soup 30g,$3.00,$10.00/100g,"https://cdn.metcash.media/image/upload/f_auto,c_limit,w_300,q_auto/igashop/images/190000002191"
Nestle Milkybar Chocolate Crunch 38g,$3.00,$7.89/100g,"https://cdn.metcash.media/image/upload/f_auto,c_limit,w_300,q_auto/igashop/images/1800000069013"
Samboy Share Pack Salt & Vinegar 175g,$4.00,$2.29/100g,"https://cdn.metcash.media/image/upload/f_auto,c_limit,w_300,q_auto/igashop/images/39020"
San Remo Fresh Ravioli Chicken & Mushroom 350g,$8.10,$2.31/100g,"https://cdn.metcash.media/image/upload/f_auto,c_limit,w_300,q_auto/igashop/images/173329"
Raffaello Premium Coconut flavoured Frozen Dessert Sticks 4 Pack,$12.00,$3.00 each,"https://cdn.metcash.media/image/upload/f_auto,c_limit,w_300,q_auto/igashop/images/387389"
Huggies Ultra Dry Nappy Pants Size 4 Girl 62 Pack,$33.50,$0.54 each,"https://cdn.metcash.media/image/upload/f_auto,c_limit,w_300,q_auto/igashop/images/160000011763"
Energizer 12V Batteries 2 Pack,$8.00,$4.00 each,"https://cdn.metcash.media/image/upload/f_auto,c_limit,w_300,q_auto/igashop/images/221826"
Golden Circle Sweetened Pineapple Juice 1L,$3.60,$3.60/1L,"https://cdn.metcash.media/image/upload/f_auto,c_limit,w_300,q_auto/igashop/images/14677"
Mainland Colby Cheese 250g,$6.00,$2.40/100g,"https://cdn.metcash.media/image/upload/f_auto,c_limit,w_300,q_auto/igashop/images/101262"
Purina Lucky Dog Meaty Chew Mini Beef 65g,$8.50,$13.08/100g,"https://cdn.metcash.media/image/upload/f_auto,c_limit,w_300,q_auto/igashop/images/659642"
Cocobella Coconut Yoghurt Vanilla 150g,$2.70,$1.80/100g,"https://cdn.metcash.media/image/upload/f_auto,c_limit,w_300,q_auto/igashop/images/180000000273"
L&P Lemon & Paeroa Soft Drink 1.5L,$5.00,$3.33/1L,"https://cdn.metcash.media/image/upload/f_auto,c_limit,w_300,q_auto/igashop/images/9314"
Marion's Kitchen Green Curry Paste 190g,$6.00,$3.16/100g,"https://cdn.metcash.media/image/upload/f_auto,c_limit,w_300,q_auto/igashop/images/928884"
Ausfresh Olive Kalamata Pitted 2kg,$23.50,$11.75/kg,https://www.igashop.com.au/static/default-product-image.png
DON Salami Pepperoni 200g,$7.90,$3.95/100g,"https://cdn.metcash.media/image/upload/f_auto,c_limit,w_300,q_auto/igashop/images/110229"
Zooper Dooper Magic 24 Pack,$6.20,$0.26 each,"https://cdn.metcash.media/image/upload/f_auto,c_limit,w_300,q_auto/igashop/images/483907"
Continental Cup A Soup Classic Cream Of Chicken 4 Pack,$3.00,$0.75 each,"https://cdn.metcash.media/image/upload/f_auto,c_limit,w_300,q_auto/igashop/images/17578"
Primo Salami Danish Sliced 2 Pack,$38.00,$19.00 each,https://www.igashop.com.au/static/default-product-image.png
Twinings Morning Tea Bags 100 Pack,$13.50,$0.14 each,"https://cdn.metcash.media/image/upload/f_auto,c_limit,w_300,q_auto/igashop/images/770215"
Bosisto's Hand Wash Banksia Flower & Lavender 300mL,$6.20,$2.07/100mL,"https://cdn.metcash.media/image/upload/f_auto,c_limit,w_300,q_auto/igashop/images/750972"
Purina Total Care Collar Dog Collar Medium,$15.00,N/A,"https://cdn.metcash.media/image/upload/f_auto,c_limit,w_300,q_auto/igashop/images/497228"
Schick Xtreme 3 Sensitive Disposables for Women 4 Pack,$6.50,$1.63 each,"https://cdn.metcash.media/image/upload/f_auto,c_limit,w_300,q_auto/igashop/images/323393"
La Famiglia Bread Stone Baked Garlic Ciabatta 330g,$7.00,$2.12/100g,"https://cdn.metcash.media/image/upload/f_auto,c_limit,w_300,q_auto/igashop/images/155698"
SunRice Medium Grain Brown Rice 1kg,$4.50,$4.50/kg,"https://cdn.metcash.media/image/upload/f_auto,c_limit,w_300,q_auto/igashop/images/43391"
YOLO Smoothies Tropical Smoothie 1L,$7.00,$7.00/1L,"https://cdn.metcash.media/image/upload/f_auto,c_limit,w_300,q_auto/igashop/images/20000005147"
Western Star Supersoft Spreadable 500g,$7.90,$1.58/100g,"https://cdn.metcash.media/image/upload/f_auto,c_limit,w_300,q_auto/igashop/images/199956"
Happy Cake Co Dark Chocloate Mudcake Salted Caramel 420g,$12.00,$2.86/100g,https://www.igashop.com.au/static/default-product-image.png
Micador Junior Colour Fun Chalk 10 Pack,$1.60,$0.16 each,"https://cdn.metcash.media/image/upload/f_auto,c_limit,w_300,q_auto/igashop/images/315206"
Lynx Deodorant Aerosol Gold 165mL,$5.00,$3.03/100mL,"https://cdn.metcash.media/image/upload/f_auto,c_limit,w_300,q_auto/igashop/images/747165"
Reese's Peanut Butter Choc Cone 4 Pack,$11.00,$2.75 each,https://www.igashop.com.au/static/default-product-image.png
McCain Beer Batter Wedges 750g,$4.60,$0.61/100g,"https://cdn.metcash.media/image/upload/f_auto,c_limit,w_300,q_auto/igashop/images/198780"
Choy Sum Bunch,$3.99,N/A,"https://cdn.metcash.media/image/upload/f_auto,c_limit,w_300,q_auto/igashop/images/80050073"
John West Passionfruit Pulp In Syrup 170g,$2.50,$1.47/100g,"https://cdn.metcash.media/image/upload/f_auto,c_limit,w_300,q_auto/igashop/images/350861"
Henderson Greetings Everyday Stationery Set Three A6 Notebook Set,$29.95,N/A,"https://cdn.metcash.media/image/upload/f_auto,c_limit,w_300,q_auto/igashop/images/180000006217"
Sara Lee Deep Dish Baked Apple Pie 800g,$10.50,$1.31/100g,"https://cdn.metcash.media/image/upload/f_auto,c_limit,w_300,q_auto/igashop/images/117475"
Tasmanian Heritage Variety Selection 295g,$11.50,$3.90/100g,"https://cdn.metcash.media/image/upload/f_auto,c_limit,w_300,q_auto/igashop/images/686720"
Sirena Snacking Tuna Lemon & Dill Mayonnaise 75g,$3.20,$4.27/100g,https://www.igashop.com.au/static/default-product-image.png
Acqua Panna Still Mineral Water Bottle 1L,$4.40,$4.40/1L,"https://cdn.metcash.media/image/upload/f_auto,c_limit,w_300,q_auto/igashop/images/20000000504"
Reese's Chocolate Big Cup Caramel 39g,$1.50,$3.85/100g,https://www.igashop.com.au/static/default-product-image.png
Preshafruit Pink Lady Juice 350mL,$3.60,$1.03/100mL,"https://cdn.metcash.media/image/upload/f_auto,c_limit,w_300,q_auto/igashop/images/991191"
Lindt Easter Gold Bunny White Chocolate 100g,$12.00,$12.00/100g,"https://cdn.metcash.media/image/upload/f_auto,c_limit,w_300,q_auto/igashop/images/161830"
PURINA FRISKIES Adult 7 Dry Cat Food 1kg,$8.00,$8.00/kg,"https://cdn.metcash.media/image/upload/f_auto,c_limit,w_300,q_auto/igashop/images/836689"
Sunsweet Prunes Pitted 200g,$6.20,$3.10/100g,"https://cdn.metcash.media/image/upload/f_auto,c_limit,w_300,q_auto/igashop/images/641542"
Youfoodz Philly Beef Pasta With Cheesy Sauce 335g,$10.80,$3.22/100g,"https://cdn.metcash.media/image/upload/f_auto,c_limit,w_300,q_auto/igashop/images/180000006560"
Swisspers Organic Cotton Pads 70 Pack,$2.80,$0.04 each,"https://cdn.metcash.media/image/upload/f_auto,c_limit,w_300,q_auto/igashop/images/167771"
Trident Sriracha Hot Chilli Sauce 480mL,$5.80,$1.21/100mL,"https://cdn.metcash.media/image/upload/f_auto,c_limit,w_300,q_auto/igashop/images/252652"
Black & Gold Cling Wrap,$1.50,N/A,"https://cdn.metcash.media/image/upload/f_auto,c_limit,w_300,q_auto/igashop/images/394904"
Eveready Gold 9V Alkaline Battery,$5.29,N/A,"https://cdn.metcash.media/image/upload/f_auto,c_limit,w_300,q_auto/igashop/images/20000007399"
Bosisto's Eucalyptus Solution 500mL,$14.00,$2.80/100mL,"https://cdn.metcash.media/image/upload/f_auto,c_limit,w_300,q_auto/igashop/images/328291"
Palmolive Foaming Liquid Hand Wash Soap Japanese Cherry Blossom 250mL,$3.50,$1.40/100mL,"https://cdn.metcash.media/image/upload/f_auto,c_limit,w_300,q_auto/igashop/images/632381"
Musashi Protein Wafer Bar Chocolate 40g,$4.50,$11.25/100g,"https://cdn.metcash.media/image/upload/f_auto,c_limit,w_300,q_auto/igashop/images/947087"
Mt Ossa Sparkling Water 750mL,$29.95,$39.93/1L,"https://cdn.metcash.media/image/upload/f_auto,c_limit,w_300,q_auto/igashop/images/589059"
Bosisto's Eucalyptus Spray 200g,$10.90,$5.45/100g,"https://cdn.metcash.media/image/upload/f_auto,c_limit,w_300,q_auto/igashop/images/491934"
Somat Gold 3-In-1 Machine Dishwasher Gel Tablets 25 Pack,$18.50,$0.74 each,"https://cdn.metcash.media/image/upload/f_auto,c_limit,w_300,q_auto/igashop/images/277568"
Aeroplane Jelly Souz Purple Grape 85g,$1.80,$2.12/100g,https://www.igashop.com.au/static/default-product-image.png
Aunt Betty Rice Pudding Creme Brulee 240g,$4.95,$2.06/100g,https://www.igashop.com.au/static/default-product-image.png
Vitasoy Oat Yogurt Blueberry 140g,$3.00,$2.14/100g,"https://cdn.metcash.media/image/upload/f_auto,c_limit,w_300,q_auto/igashop/images/554787"
Passage To India Simmer Sauce Vindaloo Hot 375g,$6.30,$1.68/100g,"https://cdn.metcash.media/image/upload/f_auto,c_limit,w_300,q_auto/igashop/images/301757"
Bubs Organic Super Vegetable and Rice Congee 120g,$2.60,$2.17/100g,"https://cdn.metcash.media/image/upload/f_auto,c_limit,w_300,q_auto/igashop/images/20000005344"
Oral-B Floss Picks Non Flavoured 30 Pack,$3.55,$0.12 each,https://www.igashop.com.au/static/default-product-image.png
Nestle Baking Chocolate Milk Chocolate Baking Block 170g,$6.00,$3.53/100g,https://www.igashop.com.au/static/default-product-image.png
Vileda Mop Easy Wring & Clean,$59.00,N/A,"https://cdn.metcash.media/image/upload/f_auto,c_limit,w_300,q_auto/igashop/images/273844"
San Remo Spaghetti Instant Pasta No 3 500g,$2.95,$0.59/100g,"https://cdn.metcash.media/image/upload/f_auto,c_limit,w_300,q_auto/igashop/images/361391"
Carman's Oat Slice Cranberry & Blueberry 5 Pack,$5.90,$1.18 each,"https://cdn.metcash.media/image/upload/f_auto,c_limit,w_300,q_auto/igashop/images/313717"
Radiant Liquid Black Wash 1L,$7.50,$7.50/1L,"https://cdn.metcash.media/image/upload/f_auto,c_limit,w_300,q_auto/igashop/images/892436"
Ausfresh Green Olives with Cream & Feta Cheese Marinated 160g,$5.75,$3.59/100g,https://www.igashop.com.au/static/default-product-image.png
Only Organic 6 Months+ Apple Banana & Mango 120g,$2.15,$1.79/100g,"https://cdn.metcash.media/image/upload/f_auto,c_limit,w_300,q_auto/igashop/images/77874"
Yarrows Espresso Martini Fruit Mince Pies 360g,$9.70,$2.69/100g,https://www.igashop.com.au/static/default-product-image.png
Eveready Gold 9V Batteries 2 Pack,$14.20,$7.10 each,"https://cdn.metcash.media/image/upload/f_auto,c_limit,w_300,q_auto/igashop/images/206978"
Gaviscon Dual Action Chewable Tablets Peppermint Heartburn & Indigestion Relief 48 Pack,$19.50,$0.41 each,"https://cdn.metcash.media/image/upload/f_auto,c_limit,w_300,q_auto/igashop/images/186937"
Dettol Free From Hand Wash Antibacterial Jasmine Refill 950mL,$8.75,$0.92/100mL,"https://cdn.metcash.media/image/upload/f_auto,c_limit,w_300,q_auto/igashop/images/1800000071153"
Sellotape Gaffa Tape 48mm x 10m Black,$9.25,N/A,"https://cdn.metcash.media/image/upload/f_auto,c_limit,w_300,q_auto/igashop/images/236428"
Schwarzkopf Extra Care Liquid Silk Smoothing Conditioner 400mL,$10.00,$2.50/100mL,"https://cdn.metcash.media/image/upload/f_auto,c_limit,w_300,q_auto/igashop/images/160000010230"
Cenovis Mega C 1000mg 100 Pack,$21.50,$0.22 each,"https://cdn.metcash.media/image/upload/f_auto,c_limit,w_300,q_auto/igashop/images/190000000024"
Careme Vanilla Bean Shortcrust 435g,$11.95,$2.75/100g,"https://cdn.metcash.media/image/upload/f_auto,c_limit,w_300,q_auto/igashop/images/20000002574"
Continental Simmer Soup French Onion 40g,$1.20,$3.00/100g,"https://cdn.metcash.media/image/upload/f_auto,c_limit,w_300,q_auto/igashop/images/17146"
Heinz Classic Canned Soup Chicken & Sweetcorn 535g,$4.10,$0.77/100g,"https://cdn.metcash.media/image/upload/f_auto,c_limit,w_300,q_auto/igashop/images/8286"
Off! Family Care Insect Repellent Spray 175mL,$8.00,$4.57/100mL,"https://cdn.metcash.media/image/upload/f_auto,c_limit,w_300,q_auto/igashop/images/160000002420"
Blackmores Probiotics+ Daily Health Capsules 30 Pack,$30.00,$1.00 each,"https://cdn.metcash.media/image/upload/f_auto,c_limit,w_300,q_auto/igashop/images/160000010871"
The Meet Co Tenders 320g,$8.99,$2.81/100g,"https://cdn.metcash.media/image/upload/f_auto,c_limit,w_300,q_auto/igashop/images/160000013189"
Jack Hammer USB-C To USB-C Cable 1m,$10.00,N/A,https://www.igashop.com.au/static/default-product-image.png
La Zuppa Microwave Soup Chicken Noodle 420g,$4.20,$1.00/100g,"https://cdn.metcash.media/image/upload/f_auto,c_limit,w_300,q_auto/igashop/images/288593"
Twisties Cheese 270g,$4.00,$1.48/100g,"https://cdn.metcash.media/image/upload/f_auto,c_limit,w_300,q_auto/igashop/images/779280"
Chux Giant Stainless Steel Scourer,$2.25,N/A,"https://cdn.metcash.media/image/upload/f_auto,c_limit,w_300,q_auto/igashop/images/369739"
Ozkleen Oven Cleaner Power Kit,$8.00,N/A,"https://cdn.metcash.media/image/upload/f_auto,c_limit,w_300,q_auto/igashop/images/367193"
SPC Baked Beans Reduced Salt In Rich Tomato Sauce 4 Pack,$6.50,$1.63 each,"https://cdn.metcash.media/image/upload/f_auto,c_limit,w_300,q_auto/igashop/images/72298"
Twinings Lemon & Ginger Tea Bags 40 Pack,$8.50,$0.21 each,"https://cdn.metcash.media/image/upload/f_auto,c_limit,w_300,q_auto/igashop/images/344776"
The Yoghurt Shop Zesty Lemon Twist 190g,$4.50,$2.37/100g,"https://cdn.metcash.media/image/upload/f_auto,c_limit,w_300,q_auto/igashop/images/20000007011"
Band-Aid Isopropyl Alcohol with Moisturizer 60% Cleansing Solution 60mL,$3.00,$5.00/100mL,"https://cdn.metcash.media/image/upload/f_auto,c_limit,w_300,q_auto/igashop/images/160000010832"
Salmon Fillet Skin On Pin Boned 1kg,Final cost based on weight,$54.95/$54.95,"https://cdn.metcash.media/image/upload/f_auto,c_limit,w_300,q_auto/igashop/images/80072102"
Maggie Beer Seville Marmalade 285g,$13.95,$4.89/100g,"https://cdn.metcash.media/image/upload/f_auto,c_limit,w_300,q_auto/igashop/images/160000013733"
Healtheries Rice Wheels Cheese Flavour 126g,$4.50,$3.57/100g,"https://cdn.metcash.media/image/upload/f_auto,c_limit,w_300,q_auto/igashop/images/975491"
Oral-B Vitality Sensitive Clean Electric Toothbrush,$50.00,N/A,"https://cdn.metcash.media/image/upload/f_auto,c_limit,w_300,q_auto/igashop/images/590995"
Allure 3 Ply Aloe Vera Facial Tissue 95 Pack,$1.50,$0.02 each,https://www.igashop.com.au/static/default-product-image.png
Caffe Aurora Ground Coffee Italian Style 250g,$10.90,$4.36/100g,"https://cdn.metcash.media/image/upload/f_auto,c_limit,w_300,q_auto/igashop/images/398568"
DON Deli Cuts Double Smoked Leg Ham Shaved 100g,$3.50,$3.50/100g,"https://cdn.metcash.media/image/upload/f_auto,c_limit,w_300,q_auto/igashop/images/180000002633"
Heinz Baby Basics Bottle Teat Brush,$8.15,N/A,"https://cdn.metcash.media/image/upload/f_auto,c_limit,w_300,q_auto/igashop/images/208048"
Dairy Farmers Classic Vanilla Malt Flavoured Milk 500mL,$3.20,$0.64/100mL,"https://cdn.metcash.media/image/upload/f_auto,c_limit,w_300,q_auto/igashop/images/844386"
McCain Man Size Chicken Bacon Pasta Bake 480g,$9.50,$1.98/100g,"https://cdn.metcash.media/image/upload/f_auto,c_limit,w_300,q_auto/igashop/images/847326"
Gold Gourmet Herb Mayo 500mL,$10.50,$2.10/100mL,https://www.igashop.com.au/static/default-product-image.png
Atkins Endulge Caramelised White Chocolate Almonds 150g,$17.00,$11.33/100g,https://www.igashop.com.au/static/default-product-image.png
Simply Tasty Sweet Potato Bake 1.2kg,$21.40,$17.83/kg,https://www.igashop.com.au/static/default-product-image.png
Royal Harvest Bacon Budget 1kg,$11.50,$11.50/kg,"https://cdn.metcash.media/image/upload/f_auto,c_limit,w_300,q_auto/igashop/images/20000004359"
Birds Eye Plant Based Chicken Style Strips 200g,$6.80,$3.40/100g,"https://cdn.metcash.media/image/upload/f_auto,c_limit,w_300,q_auto/igashop/images/180000001341"
Panadol Optizorb Paracetamol 500mg 12 Tablets 12 Pack,$3.30,$0.27 each,"https://cdn.metcash.media/image/upload/f_auto,c_limit,w_300,q_auto/igashop/images/338547"
Black & Gold Knobs Ham Chicken Luncheon Meat 1kg,$5.00,$5.00/kg,"https://cdn.metcash.media/image/upload/f_auto,c_limit,w_300,q_auto/igashop/images/104561"
Chicken Tonight Mild Butter Chicken Simmer Sauce 495g,$3.50,$0.71/100g,"https://cdn.metcash.media/image/upload/f_auto,c_limit,w_300,q_auto/igashop/images/58003"
Australian Botanical Soap Rose Geranium 200g,$4.40,$2.20/100g,"https://cdn.metcash.media/image/upload/f_auto,c_limit,w_300,q_auto/igashop/images/302143"
Tasmanian Heritage Brie Double Cream 200g,$11.95,$5.98/100g,"https://cdn.metcash.media/image/upload/f_auto,c_limit,w_300,q_auto/igashop/images/180000002576"
My Berries Frozen Berry Blend 350g,$8.95,$2.56/100g,"https://cdn.metcash.media/image/upload/f_auto,c_limit,w_300,q_auto/igashop/images/20000005315"
Tasmanian Heritage Harvarti 180g,$6.50,$3.61/100g,"https://cdn.metcash.media/image/upload/f_auto,c_limit,w_300,q_auto/igashop/images/292306"
Koala Natural Glass Cleaner Peppermint 500mL,$13.10,$2.62/100mL,"https://cdn.metcash.media/image/upload/f_auto,c_limit,w_300,q_auto/igashop/images/190000001946"
Eureka Eucalyptus Water Soluble Solution 200mL,$7.25,$3.63/100mL,"https://cdn.metcash.media/image/upload/f_auto,c_limit,w_300,q_auto/igashop/images/837164"
Gillette Fusion 5 Manual Cartridges 4 Pack,$37.25,$9.31 each,"https://cdn.metcash.media/image/upload/f_auto,c_limit,w_300,q_auto/igashop/images/903635"
Birds Eye Golden Crunch Shoestring Chips 140g,$2.80,$2.00/100g,"https://cdn.metcash.media/image/upload/f_auto,c_limit,w_300,q_auto/igashop/images/931049"
Poise Adult Care Microliner 30 Pack,$6.70,$0.22 each,https://www.igashop.com.au/static/default-product-image.png
Bundaberg Ginger Beer 10 Pack,$14.20,$1.42 each,"https://cdn.metcash.media/image/upload/f_auto,c_limit,w_300,q_auto/igashop/images/401159"
Leda Cookies Arrowroot 205g,$3.50,$1.71/100g,"https://cdn.metcash.media/image/upload/f_auto,c_limit,w_300,q_auto/igashop/images/830"
Harpic Blue Power Toilet Cleaner In The Bowl Atlantic Burst 2 Pack,$5.50,$2.75 each,"https://cdn.metcash.media/image/upload/f_auto,c_limit,w_300,q_auto/igashop/images/615520"
Funday Party Mix 50g,$4.20,$8.40/100g,https://www.igashop.com.au/static/default-product-image.png
Grinders Coffee Caffitaly Capsules Espresso 10 Pack,$8.00,$0.80 each,"https://cdn.metcash.media/image/upload/f_auto,c_limit,w_300,q_auto/igashop/images/474123"
NIVEA MEN Sensitive Shaving Foam 200mL,$4.20,$2.10/100mL,"https://cdn.metcash.media/image/upload/f_auto,c_limit,w_300,q_auto/igashop/images/305654"
Gourmet Garden Mixed Herbs Lightly Dried 12g,$4.50,$37.50/100g,https://www.igashop.com.au/static/default-product-image.png
Black & Gold Paper Plates 175mm 20 Pack,$1.50,$0.08 each,"https://cdn.metcash.media/image/upload/f_auto,c_limit,w_300,q_auto/igashop/images/296"
Devondale Skim Milk Powder 1kg,$13.00,$13.00/kg,"https://cdn.metcash.media/image/upload/f_auto,c_limit,w_300,q_auto/igashop/images/13231"
Arnott's Treatles Biscuits Double Chocolate Flavour 90g,$6.00,$6.67/100g,"https://cdn.metcash.media/image/upload/f_auto,c_limit,w_300,q_auto/igashop/images/542727"
Maggi Slow Cooker Beef Casserole 35g,$1.85,$5.29/100g,"https://cdn.metcash.media/image/upload/f_auto,c_limit,w_300,q_auto/igashop/images/830099"
Blue Frog Manuka Honey Probiotic Granola 350g,$14.50,$4.14/100g,"https://cdn.metcash.media/image/upload/f_auto,c_limit,w_300,q_auto/igashop/images/180000000472"
Heinz Baby First Tumbler,$9.25,N/A,"https://cdn.metcash.media/image/upload/f_auto,c_limit,w_300,q_auto/igashop/images/761020"
Wild One Original Raspberry Lemonade Sparkling 345mL,$5.50,$15.94/1L,"https://cdn.metcash.media/image/upload/f_auto,c_limit,w_300,q_auto/igashop/images/921837"
Purina One Adult Sensitive Systems Salmon & Tuna Dry Cat Food Bag 1.4kg,$19.40,$13.86/kg,"https://cdn.metcash.media/image/upload/f_auto,c_limit,w_300,q_auto/igashop/images/517667"
Dove Antiperspirant Roll On Coconut & Jasmine Flower 50mL,$4.50,$9.00/100mL,"https://cdn.metcash.media/image/upload/f_auto,c_limit,w_300,q_auto/igashop/images/733899"
Birds Eye Golden Crunch Hash Browns 800g,$5.70,$0.71/100g,"https://cdn.metcash.media/image/upload/f_auto,c_limit,w_300,q_auto/igashop/images/138023"
Oral-B Power Brush Head Refill Cross Action 3 Pack,$28.40,$9.47 each,"https://cdn.metcash.media/image/upload/f_auto,c_limit,w_300,q_auto/igashop/images/515505"
Enzo's Gluten Free Penne con Pollo 300g,$10.95,$3.65/100g,"https://cdn.metcash.media/image/upload/f_auto,c_limit,w_300,q_auto/igashop/images/190000001300"
Birds Eye Oven Bake Flathead 270g,$12.50,$4.63/100g,"https://cdn.metcash.media/image/upload/f_auto,c_limit,w_300,q_auto/igashop/images/240477"
Bref Power Active Flower Blossom Toilet Cleaner Gel 450mL,$5.00,$1.11/100mL,"https://cdn.metcash.media/image/upload/f_auto,c_limit,w_300,q_auto/igashop/images/683175"
Jackhammer Double Adapter Flat Vertical,$4.60,N/A,"https://cdn.metcash.media/image/upload/f_auto,c_limit,w_300,q_auto/igashop/images/244117"
Peckish Fancies Premium Flavoured Rice Crackers Vine Tomatoes & Basil 90g,$2.20,$2.44/100g,"https://cdn.metcash.media/image/upload/f_auto,c_limit,w_300,q_auto/igashop/images/160000000843"
Ziploc Freezer Bag Large 14 Pack,$4.55,$0.32 each,"https://cdn.metcash.media/image/upload/f_auto,c_limit,w_300,q_auto/igashop/images/649320"
Golden Rough Milk Chocolate Bar 20g,$1.75,$8.75/100g,"https://cdn.metcash.media/image/upload/f_auto,c_limit,w_300,q_auto/igashop/images/371168"
Safcol Tuna In Springwater 185g,$2.40,$1.30/100g,"https://cdn.metcash.media/image/upload/f_auto,c_limit,w_300,q_auto/igashop/images/835450"
Pace Farm Barn Laid Eggs 700g,$13.95,$1.99/100g,"https://cdn.metcash.media/image/upload/f_auto,c_limit,w_300,q_auto/igashop/images/180000000263"
Orgran Rice Breadcrumbs 300g,$5.95,$1.98/100g,"https://cdn.metcash.media/image/upload/f_auto,c_limit,w_300,q_auto/igashop/images/20000005055"
McVitie's Digestives Milk Chocolate 266g,$5.50,$2.07/100g,"https://cdn.metcash.media/image/upload/f_auto,c_limit,w_300,q_auto/igashop/images/150000007953"
Kleenex Everyday Facial Tissue Soft Pack 2-Ply 60 Sheets 60 Pack,$1.65,$0.03 each,"https://cdn.metcash.media/image/upload/f_auto,c_limit,w_300,q_auto/igashop/images/809975"
Prime Hydration Lemonade 500mL,$4.00,$0.80/100mL,https://www.igashop.com.au/static/default-product-image.png
Earth Taste Life Black Peppercorn Refill Jar 170g,$6.65,$3.91/100g,"https://cdn.metcash.media/image/upload/f_auto,c_limit,w_300,q_auto/igashop/images/390772"
Latina Fresh Veal Tortellini 625g,$11.00,$1.76/100g,"https://cdn.metcash.media/image/upload/f_auto,c_limit,w_300,q_auto/igashop/images/20000001774"
Schar Gluten Free Multigrain Bread 300g,$10.95,$3.65/100g,"https://cdn.metcash.media/image/upload/f_auto,c_limit,w_300,q_auto/igashop/images/190000004233"
Kellogg's Special K Original 300g,$7.00,$2.33/100g,"https://cdn.metcash.media/image/upload/f_auto,c_limit,w_300,q_auto/igashop/images/99428"
Drano Bathroom Max Gel Drain Liquid 1.2L,$19.00,$15.83/1L,"https://cdn.metcash.media/image/upload/f_auto,c_limit,w_300,q_auto/igashop/images/246782"
Black & Gold Long Grain Rice 2kg,$3.60,$1.80/kg,"https://cdn.metcash.media/image/upload/f_auto,c_limit,w_300,q_auto/igashop/images/694079"
Jalna Passionfruit Greek Yoghurt 170g,$2.00,$1.18/100g,"https://cdn.metcash.media/image/upload/f_auto,c_limit,w_300,q_auto/igashop/images/627226"
McKenzie's Baking Powder 300g,$5.55,$1.85/100g,"https://cdn.metcash.media/image/upload/f_auto,c_limit,w_300,q_auto/igashop/images/228425"
Glad Baking Dish Foil Trays 2 Pack,$4.90,$2.45 each,"https://cdn.metcash.media/image/upload/f_auto,c_limit,w_300,q_auto/igashop/images/89698"
F. Whitlock & Sons Chipotle BBQ Sauce 250mL,$4.50,$1.80/100mL,"https://cdn.metcash.media/image/upload/f_auto,c_limit,w_300,q_auto/igashop/images/160000012242"
Black Swan French Onion Dip 200g,$3.90,$1.95/100g,"https://cdn.metcash.media/image/upload/f_auto,c_limit,w_300,q_auto/igashop/images/177475"
Betadine Antiseptic Ointment 25g,$15.00,$60.00/100g,"https://cdn.metcash.media/image/upload/f_auto,c_limit,w_300,q_auto/igashop/images/66344"
Dare Iced Coffee Mocha 750mL,$5.40,$0.72/100mL,"https://cdn.metcash.media/image/upload/f_auto,c_limit,w_300,q_auto/igashop/images/794002"
My Muscle Chef Protein Ball Choc Peanut Butter 40g,$2.95,$7.38/100g,"https://cdn.metcash.media/image/upload/f_auto,c_limit,w_300,q_auto/igashop/images/574350"
Decor Microsafe Container Oblong,$3.25,N/A,"https://cdn.metcash.media/image/upload/f_auto,c_limit,w_300,q_auto/igashop/images/282076"
Aeroplane Jelly Lite Port Wine 2 Pack,$2.40,$1.20 each,"https://cdn.metcash.media/image/upload/f_auto,c_limit,w_300,q_auto/igashop/images/180000000161"
Cadbury Christmas Stocking 180g,$8.00,$4.44/100g,"https://cdn.metcash.media/image/upload/f_auto,c_limit,w_300,q_auto/igashop/images/180000002945"
Pascall Easter Clinker Bunny Sharebag 180g,$10.00,$5.56/100g,"https://cdn.metcash.media/image/upload/f_auto,c_limit,w_300,q_auto/igashop/images/369844"
Gippsland Dairy Yoghurt Smoothe & Creamy 700g,$7.90,$1.13/100g,"https://cdn.metcash.media/image/upload/f_auto,c_limit,w_300,q_auto/igashop/images/160000018242"
Harpic White & Shine Toilet Cleaner Citrus 450mL,$3.50,$0.78/100mL,"https://cdn.metcash.media/image/upload/f_auto,c_limit,w_300,q_auto/igashop/images/456714"
Baker's Oven Sponge Roll - Jam 400g,$4.85,$1.21/100g,"https://cdn.metcash.media/image/upload/f_auto,c_limit,w_300,q_auto/igashop/images/906507"
Barambah Organics Sour Cream 200g,$4.48,$2.24/100g,"https://cdn.metcash.media/image/upload/f_auto,c_limit,w_300,q_auto/igashop/images/190000004138"
Community Co Mini Iced Choc Cupcakes 12 Pack,$8.25,$0.69 each,"https://cdn.metcash.media/image/upload/f_auto,c_limit,w_300,q_auto/igashop/images/180000005217"
Community Co Coleslaw 200g,$2.00,$1.00/100g,"https://cdn.metcash.media/image/upload/f_auto,c_limit,w_300,q_auto/igashop/images/421175"
Handee Ultra Double Length Paper Towel 4 Pack,$11.50,$2.88 each,"https://cdn.metcash.media/image/upload/f_auto,c_limit,w_300,q_auto/igashop/images/704727"
Sara Lee Salted Caramel Cheesecake 425g,$6.30,$1.48/100g,"https://cdn.metcash.media/image/upload/f_auto,c_limit,w_300,q_auto/igashop/images/190000002947"
BabyLove Nappy Pants Jumbo Walker 50 Pack,$31.00,$0.62 each,"https://cdn.metcash.media/image/upload/f_auto,c_limit,w_300,q_auto/igashop/images/475140"
Chobani Greek Yoghurt Natural Light 160g,$2.70,$1.69/100g,"https://cdn.metcash.media/image/upload/f_auto,c_limit,w_300,q_auto/igashop/images/20000007120"
White Wings Muffin Mix Triple Chocolate 550g,$7.15,$1.30/100g,"https://cdn.metcash.media/image/upload/f_auto,c_limit,w_300,q_auto/igashop/images/28812"
Byron Bay Cookies Dotty Cookie Bites 100g,$4.00,$4.00/100g,"https://cdn.metcash.media/image/upload/f_auto,c_limit,w_300,q_auto/igashop/images/761960"
Peckish Vegetable Rice Crackers Beetroot 100g,$2.50,$2.50/100g,"https://cdn.metcash.media/image/upload/f_auto,c_limit,w_300,q_auto/igashop/images/160000000854"
Libra Pads Ultrathin Wings Super 12 12 Pack,$5.70,$0.47 each,"https://cdn.metcash.media/image/upload/f_auto,c_limit,w_300,q_auto/igashop/images/190000002864"
Community Co Dairy Free Spread 300g,$2.95,$0.98/100g,"https://cdn.metcash.media/image/upload/f_auto,c_limit,w_300,q_auto/igashop/images/836176"
Spice & Co Thyme Leaves 30g,$3.75,$12.50/100g,"https://cdn.metcash.media/image/upload/f_auto,c_limit,w_300,q_auto/igashop/images/190000002425"
Sharwood's Paste Korma Mild 280g,$6.50,$2.32/100g,"https://cdn.metcash.media/image/upload/f_auto,c_limit,w_300,q_auto/igashop/images/482919"
Community Co Vegetable Oil 750mL,$3.80,$0.51/100mL,"https://cdn.metcash.media/image/upload/f_auto,c_limit,w_300,q_auto/igashop/images/670907"
Blue Wave Salmon Portions Skin On 260g,$16.00,$6.15/100g,https://www.igashop.com.au/static/default-product-image.png
Black & Gold Tuna In Brine 425g,$3.30,$0.78/100g,"https://cdn.metcash.media/image/upload/f_auto,c_limit,w_300,q_auto/igashop/images/22298"
Huggies Infant Nappies Size 2 (4-8kg) 48 Pack,$22.00,$0.46 each,"https://cdn.metcash.media/image/upload/f_auto,c_limit,w_300,q_auto/igashop/images/189715"
Obento Japanese Sushi & Sashimi Soy Sauce 250mL,$3.60,$1.44/100mL,"https://cdn.metcash.media/image/upload/f_auto,c_limit,w_300,q_auto/igashop/images/190000001556"
Nature's Gift Sustain Healthy Weight Chicken Dry Dog Food 2.5kg,$14.95,$5.98/kg,"https://cdn.metcash.media/image/upload/f_auto,c_limit,w_300,q_auto/igashop/images/766494"
Cadbury Freddo Egg Gift Box 124g,$11.75,$9.48/100g,"https://cdn.metcash.media/image/upload/f_auto,c_limit,w_300,q_auto/igashop/images/354056"
The Candy Market Watermelon Slices 150g,$2.20,$1.47/100g,"https://cdn.metcash.media/image/upload/f_auto,c_limit,w_300,q_auto/igashop/images/190000004465"
Bega Simply Nuts The Crunchiest 650g,$8.40,$1.29/100g,"https://cdn.metcash.media/image/upload/f_auto,c_limit,w_300,q_auto/igashop/images/160000013201"
Gatorade No Sugar Grape Sports Drink 600mL,$2.10,$3.50/1L,"https://cdn.metcash.media/image/upload/f_auto,c_limit,w_300,q_auto/igashop/images/543231"
Olina's Bakehouse Wafer Crackers Original 100g,$3.00,$3.00/100g,"https://cdn.metcash.media/image/upload/f_auto,c_limit,w_300,q_auto/igashop/images/180000004624"
Fluffy Freshen Up Clothes Refresher Liquid Spray Fabric Softener 400mL,$5.50,$1.38/100mL,"https://cdn.metcash.media/image/upload/f_auto,c_limit,w_300,q_auto/igashop/images/160000011227"
MeadowLea Salt Reduced Spread 500g,$4.00,$0.80/100g,"https://cdn.metcash.media/image/upload/f_auto,c_limit,w_300,q_auto/igashop/images/114142"
Sprite Lemonade Soft Drink Multipack Cans 24 Pack,$22.50,$0.94 each,"https://cdn.metcash.media/image/upload/f_auto,c_limit,w_300,q_auto/igashop/images/9300675003131_1"
Bakers Oven Buffet Rolls 12 Pack,$4.35,$0.36 each,"https://cdn.metcash.media/image/upload/f_auto,c_limit,w_300,q_auto/igashop/images/511632"
Gaviscon Alkaline Remedies Extra Strength Aniseed 300mL,$22.50,$7.50/100mL,"https://cdn.metcash.media/image/upload/f_auto,c_limit,w_300,q_auto/igashop/images/523524"
Kirks Sugar Free Lemonade Bottle Soft Drink 375mL,$2.00,$0.53/100mL,"https://cdn.metcash.media/image/upload/f_auto,c_limit,w_300,q_auto/igashop/images/20000005269"
First Press Coffee Iced Coffee Almond Milk 350mL,$4.70,$1.34/100mL,"https://cdn.metcash.media/image/upload/f_auto,c_limit,w_300,q_auto/igashop/images/190000002701"
My Dog Chicken Supreme With Cheese & Toppings Wet Dog Food Tray 100g,$1.40,$1.40/100g,"https://cdn.metcash.media/image/upload/f_auto,c_limit,w_300,q_auto/igashop/images/952485"
Peters Eskimo Pie Ice Cream 6 Pack,$6.75,$1.13 each,"https://cdn.metcash.media/image/upload/f_auto,c_limit,w_300,q_auto/igashop/images/20000002865"
Liddells Lactose Free Shredded Pizza Blend Cheese 225g,$6.75,$3.00/100g,"https://cdn.metcash.media/image/upload/f_auto,c_limit,w_300,q_auto/igashop/images/724222"
Fisherman's Friend Blackcurrant Sugar Free 25g,$3.20,$12.80/100g,"https://cdn.metcash.media/image/upload/f_auto,c_limit,w_300,q_auto/igashop/images/931772"
Grannys Muffin Mini Vanilla Chocolate 300g,$7.85,$2.62/100g,"https://cdn.metcash.media/image/upload/f_auto,c_limit,w_300,q_auto/igashop/images/423805"
Cadbury Mixed Baubles 228g 228g,$3.00,$1.32/100g,"https://cdn.metcash.media/image/upload/f_auto,c_limit,w_300,q_auto/igashop/images/190000009686"
Rexona Women Antiperspirant Aerosol Deodorant Sexy Bouquet 90mL,$4.00,$4.44/100mL,"https://cdn.metcash.media/image/upload/f_auto,c_limit,w_300,q_auto/igashop/images/381184"
Ritz Mini Barbeque Crackers 155g,$4.00,$2.58/100g,"https://cdn.metcash.media/image/upload/f_auto,c_limit,w_300,q_auto/igashop/images/529009"
Uncle Tobys Plus Fibre 430g,$5.50,$1.28/100g,"https://cdn.metcash.media/image/upload/f_auto,c_limit,w_300,q_auto/igashop/images/776054"
Foster Clark's Custard Vanilla Flavoured 1L,$6.20,$6.20/1L,"https://cdn.metcash.media/image/upload/f_auto,c_limit,w_300,q_auto/igashop/images/682747"
Big Lolly Sour Cola Bottles 140g,$2.50,$1.79/100g,"https://cdn.metcash.media/image/upload/f_auto,c_limit,w_300,q_auto/igashop/images/663418"
Bulldog Original Beard Shampoo & Conditioner 200mL,$16.00,$8.00/100mL,"https://cdn.metcash.media/image/upload/f_auto,c_limit,w_300,q_auto/igashop/images/160000011102"
Pepsi Max No Sugar Soda Cans 30 Pack,$25.00,$0.83 each,"https://cdn.metcash.media/image/upload/f_auto,c_limit,w_300,q_auto/igashop/images/313631"
Obento Japanese Rice Wine Vinegar 250mL,$2.60,$1.04/100mL,"https://cdn.metcash.media/image/upload/f_auto,c_limit,w_300,q_auto/igashop/images/836207"
Mission Wraps Spinach Herb 8 Pack,$5.50,$0.69 each,"https://cdn.metcash.media/image/upload/f_auto,c_limit,w_300,q_auto/igashop/images/622179"
Vanish Preen Degreaser Stain Remover Oxiaction Trigger 500mL,$7.50,$1.50/100mL,"https://cdn.metcash.media/image/upload/f_auto,c_limit,w_300,q_auto/igashop/images/630363"
White Wings Gluten Free Flour Self Raising 500g,$4.00,$0.80/100g,"https://cdn.metcash.media/image/upload/f_auto,c_limit,w_300,q_auto/igashop/images/150000006437"
Masterfoods Herbs And Spices No Added Salt Moroccan Jar 38g,$3.50,$9.21/100g,"https://cdn.metcash.media/image/upload/f_auto,c_limit,w_300,q_auto/igashop/images/376197"
Baked Provisions Bacon & Cheese Roll 350g,$7.50,$2.14/100g,"https://cdn.metcash.media/image/upload/f_auto,c_limit,w_300,q_auto/igashop/images/1800000068802"
Multix Snack Bag Greener Plant Based 35 Pack,$4.15,$0.12 each,"https://cdn.metcash.media/image/upload/f_auto,c_limit,w_300,q_auto/igashop/images/863791"
Mother Energy Drink Orange Dreamsicle Can 500mL,$3.30,$0.66/100mL,https://www.igashop.com.au/static/default-product-image.png
Sukin Natural Deodorant Ocean Mist 125mL,$8.00,$6.40/100mL,"https://cdn.metcash.media/image/upload/f_auto,c_limit,w_300,q_auto/igashop/images/160000012501"
Pop Tops Apple Blackcurrant Fruit Drink 6 Pack,$5.90,$0.98 each,"https://cdn.metcash.media/image/upload/f_auto,c_limit,w_300,q_auto/igashop/images/634168"
Eveready Super Heavy Duty Aa Family Saver Pack 24 Pack,$21.50,$0.90 each,"https://cdn.metcash.media/image/upload/f_auto,c_limit,w_300,q_auto/igashop/images/647679"
Dr. Oetker Ristorante Frozen Pizza Speciale 345g,$9.50,$2.75/100g,"https://cdn.metcash.media/image/upload/f_auto,c_limit,w_300,q_auto/igashop/images/180000006540"
Dynamo Professional Oxi Laundry Detergent Capsules 28 Pack,$32.00,$1.14 each,"https://cdn.metcash.media/image/upload/f_auto,c_limit,w_300,q_auto/igashop/images/528794"
Australia's Own Smooth As Oat 1L,$2.50,$2.50/1L,"https://cdn.metcash.media/image/upload/f_auto,c_limit,w_300,q_auto/igashop/images/278640"
Lion Pastry Mix 375g,$3.40,$0.91/100g,"https://cdn.metcash.media/image/upload/f_auto,c_limit,w_300,q_auto/igashop/images/13333"
NIVEA Nourishing Night Cream 50mL,$15.00,$30.00/100mL,"https://cdn.metcash.media/image/upload/f_auto,c_limit,w_300,q_auto/igashop/images/418622"
Fantastic Delites Sour Cream & Chives 100g,$2.80,$2.80/100g,"https://cdn.metcash.media/image/upload/f_auto,c_limit,w_300,q_auto/igashop/images/352172"
Pitt Street Bakers Chocolate Kahlua Pudding 51% Fruit 140g,$10.70,$7.64/100g,"https://cdn.metcash.media/image/upload/f_auto,c_limit,w_300,q_auto/igashop/images/252000"
Femfresh Sensitive Wash 250mL,$7.50,$3.00/100mL,"https://cdn.metcash.media/image/upload/f_auto,c_limit,w_300,q_auto/igashop/images/671275"
Hershey's Chocolate Syrup 680g,$6.00,$0.88/100g,"https://cdn.metcash.media/image/upload/f_auto,c_limit,w_300,q_auto/igashop/images/16000001583"
Orgran Wild Raspberry Fruit Biscuits 175g,$8.50,$4.86/100g,"https://cdn.metcash.media/image/upload/f_auto,c_limit,w_300,q_auto/igashop/images/180000000748"
Nature Valley Protein Bar Salted Caramel Nut 152g,$6.90,$4.54/100g,"https://cdn.metcash.media/image/upload/f_auto,c_limit,w_300,q_auto/igashop/images/467715"
Morning Fresh Dishwashing Liquid Ultra Concentrate Soft Hands Cucumber & Aloe Vera 350mL,$3.00,$0.86/100mL,"https://cdn.metcash.media/image/upload/f_auto,c_limit,w_300,q_auto/igashop/images/929877"
Decor Bowl+Spoon Set Dbl Feed,$10.75,N/A,"https://cdn.metcash.media/image/upload/f_auto,c_limit,w_300,q_auto/igashop/images/8150"
Musashi Bulk Protein Chocolate Milkshake 420g,$34.10,$8.12/100g,"https://cdn.metcash.media/image/upload/f_auto,c_limit,w_300,q_auto/igashop/images/376139"
Palmolive Antibacterial Liquid Hand Wash Soap White Tea Pump 0% Parabens Recyclable 250mL,$2.00,$0.80/100mL,"https://cdn.metcash.media/image/upload/f_auto,c_limit,w_300,q_auto/igashop/images/372300"
Kirks Sugar Free Lemonade Bottle Soft Drink 1.25L,$2.85,$2.28/1L,"https://cdn.metcash.media/image/upload/f_auto,c_limit,w_300,q_auto/igashop/images/605478"
S-26 Alula Gold Newborn Stage 1 Infant Formula 900g,$28.50,$3.17/100g,"https://cdn.metcash.media/image/upload/f_auto,c_limit,w_300,q_auto/igashop/images/933444"
Heinz Sandwich Spread 300g,$8.40,$2.80/100g,"https://cdn.metcash.media/image/upload/f_auto,c_limit,w_300,q_auto/igashop/images/190000002241"
Sandhurst Basil Pesto 130g,$5.25,$4.04/100g,"https://cdn.metcash.media/image/upload/f_auto,c_limit,w_300,q_auto/igashop/images/190000004805"
Maggie Beer Products Cheese Ash Brie 1kg,$64.95,$64.95/kg,https://www.igashop.com.au/static/default-product-image.png
Hob Gluten Free Daisy Kisses Biscuits 200g,$9.25,$4.63/100g,"https://cdn.metcash.media/image/upload/f_auto,c_limit,w_300,q_auto/igashop/images/8522"
Dare Iced Coffee Double Espresso No Sugar Added 750mL,$5.40,$0.72/100mL,"https://cdn.metcash.media/image/upload/f_auto,c_limit,w_300,q_auto/igashop/images/612776"
Tip Top English Muffins Multigrain 6 Pack,$3.10,$0.52 each,"https://cdn.metcash.media/image/upload/f_auto,c_limit,w_300,q_auto/igashop/images/602925"
San Remo Orecchiette No 43 500g,$2.95,$0.59/100g,"https://cdn.metcash.media/image/upload/f_auto,c_limit,w_300,q_auto/igashop/images/417215"
Passage To Asia Honey & Soy Chicken Stirfry Sauce 200g,$3.80,$1.90/100g,"https://cdn.metcash.media/image/upload/f_auto,c_limit,w_300,q_auto/igashop/images/359959"
Lavazza Qualita Oro Ground Coffee 1kg,$43.50,$43.50/kg,https://www.igashop.com.au/static/default-product-image.png
Libra Extra Pads Super With Wings 12 Pack,$5.70,$0.47 each,"https://cdn.metcash.media/image/upload/f_auto,c_limit,w_300,q_auto/igashop/images/360743"
Listerine Total Care Mouthwash Clean Mint 1L,$13.50,$13.50/1L,"https://cdn.metcash.media/image/upload/f_auto,c_limit,w_300,q_auto/igashop/images/422171"
McClure's Pickles Spicy Pickle Spears 907g,$8.30,$0.92/100g,"https://cdn.metcash.media/image/upload/f_auto,c_limit,w_300,q_auto/igashop/images/160000013597"
Sakata Rice Crackers Wholegrain Original 90g,$2.30,$2.56/100g,"https://cdn.metcash.media/image/upload/f_auto,c_limit,w_300,q_auto/igashop/images/20490"
Dermaveen Sensitive Relief Baby Hydration Cream Colloidal Oatmeal 150g,$16.00,$10.67/100g,https://www.igashop.com.au/static/default-product-image.png
Surf Liquid Herbal Extracts 1L,$9.20,$9.20/1L,"https://cdn.metcash.media/image/upload/f_auto,c_limit,w_300,q_auto/igashop/images/160000004738"
Mersey Valley Extra Tasty Cheese 180g,$6.90,$3.83/100g,"https://cdn.metcash.media/image/upload/f_auto,c_limit,w_300,q_auto/igashop/images/157527"
The Pet Hub - Dog Bowl Stainless Steel Small,$7.35,N/A,https://www.igashop.com.au/static/default-product-image.png
Bega Country Light Tasty Grated Cheese 500g,$9.50,$1.90/100g,"https://cdn.metcash.media/image/upload/f_auto,c_limit,w_300,q_auto/igashop/images/150897"
Meredith Dairy Goat Cheese Fresh Chevre with Australian Native Pepperberry 150g,$9.00,$6.00/100g,"https://cdn.metcash.media/image/upload/f_auto,c_limit,w_300,q_auto/igashop/images/160000000571"
Abe's Bagel Natural 4 Pack,$5.50,$1.38 each,"https://cdn.metcash.media/image/upload/f_auto,c_limit,w_300,q_auto/igashop/images/180000000352"
Global Organics Chickpeas 400g,$3.20,$0.80/100g,"https://cdn.metcash.media/image/upload/f_auto,c_limit,w_300,q_auto/igashop/images/50034"
Cadbury Crunchie Easter Bunny 270g,$15.00,$5.56/100g,"https://cdn.metcash.media/image/upload/f_auto,c_limit,w_300,q_auto/igashop/images/190000009697"
Kraft Cheese Singles Light 432g,$9.30,$2.15/100g,"https://cdn.metcash.media/image/upload/f_auto,c_limit,w_300,q_auto/igashop/images/160000018244"
Cadbury Caramel Easter Egg 39g,$2.00,$5.13/100g,"https://cdn.metcash.media/image/upload/f_auto,c_limit,w_300,q_auto/igashop/images/105928"
McKenzie's Almond Flour Resealable 300g,$10.00,$3.33/100g,"https://cdn.metcash.media/image/upload/f_auto,c_limit,w_300,q_auto/igashop/images/345235"
Heinz Tortellini Three Cheese with Sun-dried Tomato & Bacon 350g,$4.50,$1.29/100g,"https://cdn.metcash.media/image/upload/f_auto,c_limit,w_300,q_auto/igashop/images/160000011392"
Youfoodz Fuel'd Chicken Carbonara 426g,$10.80,$2.54/100g,"https://cdn.metcash.media/image/upload/f_auto,c_limit,w_300,q_auto/igashop/images/150000007575"
Kellogg's High Protein Granola Apple Crumble 450g,$9.00,$2.00/100g,"https://cdn.metcash.media/image/upload/f_auto,c_limit,w_300,q_auto/igashop/images/180000006377"
Uncle Tobys Oat Flakes Breakfast Cereal Crunchy Flakes 640g,$6.00,$0.94/100g,"https://cdn.metcash.media/image/upload/f_auto,c_limit,w_300,q_auto/igashop/images/1800000070392"
Redwin Sorbolene Moisturiser 550mL,$8.00,$1.45/100mL,"https://cdn.metcash.media/image/upload/f_auto,c_limit,w_300,q_auto/igashop/images/790210"
Cleaver's Organic Lamb Rack 400g,Final cost based on weight,$26.00/$65.00,"https://cdn.metcash.media/image/upload/f_auto,c_limit,w_300,q_auto/igashop/images/180061"
Gravox Supreme Roast Meat Gravy Mix 29g,$1.50,$5.17/100g,"https://cdn.metcash.media/image/upload/f_auto,c_limit,w_300,q_auto/igashop/images/620460"
Solo Lemon Soft Drink 250mL,$6.00,$2.40/100mL,https://www.igashop.com.au/static/default-product-image.png
Palmolive Active Nourishment Conditioner Aloe Vera 350mL,$5.00,$1.43/100mL,"https://cdn.metcash.media/image/upload/f_auto,c_limit,w_300,q_auto/igashop/images/160000002008"
Black & Gold Corn Kernels 400g,$1.20,$0.30/100g,"https://cdn.metcash.media/image/upload/f_auto,c_limit,w_300,q_auto/igashop/images/22175"
Pukka Herbal Infusion Feel New 20 Pack,$9.00,$0.45 each,"https://cdn.metcash.media/image/upload/f_auto,c_limit,w_300,q_auto/igashop/images/150000000357"
Birds Eye Steam Fresh Fish Thai Red Curry 380g,$6.60,$1.74/100g,"https://cdn.metcash.media/image/upload/f_auto,c_limit,w_300,q_auto/igashop/images/38582"
Chupa Chup Mix Of Minis Bag 320g,$5.00,$1.56/100g,"https://cdn.metcash.media/image/upload/f_auto,c_limit,w_300,q_auto/igashop/images/789963"
Roccasdeli Fine Wafer Tuscan Crackers 100g,$5.00,$5.00/100g,"https://cdn.metcash.media/image/upload/f_auto,c_limit,w_300,q_auto/igashop/images/8082"
Hershey's Ice Cream Tubs Choccrml Tub 1L,$11.00,$11.00/1L,"https://cdn.metcash.media/image/upload/f_auto,c_limit,w_300,q_auto/igashop/images/160000018246"
Little Bellies Organic Puffs Apple & Cinnamon 12g,$1.75,$14.58/100g,"https://cdn.metcash.media/image/upload/f_auto,c_limit,w_300,q_auto/igashop/images/743755"
Community Co Crystal Peak Spring Water 1.5L,$0.90,$0.60/1L,"https://cdn.metcash.media/image/upload/f_auto,c_limit,w_300,q_auto/igashop/images/671050"
Dove Deodorant Cream Raspberry & Rose 75mL,$8.00,$10.67/100mL,https://www.igashop.com.au/static/default-product-image.png
Spice and Co Nigella Seeds 50g,$3.75,$7.50/100g,"https://cdn.metcash.media/image/upload/f_auto,c_limit,w_300,q_auto/igashop/images/190000002411"
Nurofen Zavance Ibuprofen Pain Relief 12 Pack,$6.00,$0.50 each,"https://cdn.metcash.media/image/upload/f_auto,c_limit,w_300,q_auto/igashop/images/401743"
Mirabella LED Globe GLS Bayonet Cap 11 Watt Cool White,$4.10,N/A,"https://cdn.metcash.media/image/upload/f_auto,c_limit,w_300,q_auto/igashop/images/492532"
Ratsak Fast Action Throw Pack 100g,$9.00,$9.00/100g,"https://cdn.metcash.media/image/upload/f_auto,c_limit,w_300,q_auto/igashop/images/20000003380"
Pascall Pineapple Lumps Gift Box 130g,$11.75,$9.04/100g,"https://cdn.metcash.media/image/upload/f_auto,c_limit,w_300,q_auto/igashop/images/160000018386"
Goodnessme Fruit Sticks Pineapple & Passionfruit 120g,$6.00,$5.00/100g,"https://cdn.metcash.media/image/upload/f_auto,c_limit,w_300,q_auto/igashop/images/641610"
Simply Tasty Scalloped Potatoes 800g,$16.95,$2.12/100g,https://www.igashop.com.au/static/default-product-image.png
Rexona Men Advanced Protection Invisible Dry Black & White 220mL,$4.80,$2.18/100mL,"https://cdn.metcash.media/image/upload/f_auto,c_limit,w_300,q_auto/igashop/images/719219"
Wattie's Wok Creations Vietnamese Style Stir-Fry Vegetables 400g,$3.90,$0.98/100g,"https://cdn.metcash.media/image/upload/f_auto,c_limit,w_300,q_auto/igashop/images/17751"
The Spice Tailor Thai Green Curry 275g,$6.70,$2.44/100g,"https://cdn.metcash.media/image/upload/f_auto,c_limit,w_300,q_auto/igashop/images/160000003489"
Palmolive Naturals Mild & Sensitive Hypoallergenic Milk Body Wash 1L,$12.00,$12.00/1L,"https://cdn.metcash.media/image/upload/f_auto,c_limit,w_300,q_auto/igashop/images/223726"
Moccona Coffee Satchets Cappuccino 10 Pack,$3.95,$0.40 each,"https://cdn.metcash.media/image/upload/f_auto,c_limit,w_300,q_auto/igashop/images/20000001058"
Community Co Peri Peri Mayonnaise 250mL,$2.50,$1.00/100mL,"https://cdn.metcash.media/image/upload/f_auto,c_limit,w_300,q_auto/igashop/images/190000010601"
Pepsi Max Soda Shop Raspberry Flavoured 10 Pack,$19.00,$1.90 each,"https://cdn.metcash.media/image/upload/f_auto,c_limit,w_300,q_auto/igashop/images/690216"
Schmackos Strapz Dog Treat Chicken Bag 200g,$8.00,$4.00/100g,"https://cdn.metcash.media/image/upload/f_auto,c_limit,w_300,q_auto/igashop/images/961594"
Community Co Mini Cheese Rolls With Mizithra & Feta Cheese 360g,$6.50,$1.81/100g,"https://cdn.metcash.media/image/upload/f_auto,c_limit,w_300,q_auto/igashop/images/500686"
Alternative Dairy Almond Milk 1L,$4.50,$4.50/1L,"https://cdn.metcash.media/image/upload/f_auto,c_limit,w_300,q_auto/igashop/images/20000001437"
Marion's Kitchen Thai Red Curry Cooking Kit 394g,$8.50,$2.16/100g,"https://cdn.metcash.media/image/upload/f_auto,c_limit,w_300,q_auto/igashop/images/844462"
Beerenberg Miso Maple Pork 240mL,$6.50,$2.71/100mL,"https://cdn.metcash.media/image/upload/f_auto,c_limit,w_300,q_auto/igashop/images/947825"
V Refresh Energy Drink Green Apple Lemonade 250mL,$2.65,$10.60/1L,"https://cdn.metcash.media/image/upload/f_auto,c_limit,w_300,q_auto/igashop/images/327897"
Kellogg's Special K Forest Berries Cereal 380g,$6.50,$1.71/100g,"https://cdn.metcash.media/image/upload/f_auto,c_limit,w_300,q_auto/igashop/images/99444"
Rexona Women Antiperspirant Roll On Deodorant Classic 50mL,$3.50,$7.00/100mL,"https://cdn.metcash.media/image/upload/f_auto,c_limit,w_300,q_auto/igashop/images/325997"
"Bulla Lemon-Lime, Mango, Raspberry Splits 10 Pack",$5.00,$0.50 each,"https://cdn.metcash.media/image/upload/f_auto,c_limit,w_300,q_auto/igashop/images/123997"
Gatorade Gatorade Grape 1L,$5.30,$5.30/1L,https://www.igashop.com.au/static/default-product-image.png
Bega Simply Nuts Crunchy 325g,$5.90,$1.82/100g,"https://cdn.metcash.media/image/upload/f_auto,c_limit,w_300,q_auto/igashop/images/338649"
The Cheesecake Shop Stuffed Cookie Red Velvet 100g,$7.15,$7.15/100g,https://www.igashop.com.au/static/default-product-image.png
Mirabella LED 11W Warm White GLS Round Globe,$7.40,N/A,"https://cdn.metcash.media/image/upload/f_auto,c_limit,w_300,q_auto/igashop/images/223357"
Ajax Floor Cleaner Baking Soda 750mL,$4.00,$0.53/100mL,"https://cdn.metcash.media/image/upload/f_auto,c_limit,w_300,q_auto/igashop/images/370594"
San Remo Trivelle Pasta 500g,$2.95,$0.59/100g,"https://cdn.metcash.media/image/upload/f_auto,c_limit,w_300,q_auto/igashop/images/393916"
Dare Iced Coffee Espresso 2L,$7.50,$3.75/1L,"https://cdn.metcash.media/image/upload/f_auto,c_limit,w_300,q_auto/igashop/images/160672"
Youfoodz Fuel'd High Protein Bar Choc Peanut 70g,$5.00,$7.14/100g,"https://cdn.metcash.media/image/upload/f_auto,c_limit,w_300,q_auto/igashop/images/20000007103"
Brookfarm Cranberry Macadamia Gluten Free Muesli 350g,$14.95,$4.27/100g,"https://cdn.metcash.media/image/upload/f_auto,c_limit,w_300,q_auto/igashop/images/20000000531"
Global Seafoods Prawn Wonton Noodle Soup 258g,$9.20,$3.57/100g,"https://cdn.metcash.media/image/upload/f_auto,c_limit,w_300,q_auto/igashop/images/803364"
Oral-B Kids Paste Frozen 92g,$3.50,$3.80/100g,"https://cdn.metcash.media/image/upload/f_auto,c_limit,w_300,q_auto/igashop/images/611869"
Western Star Spreadable Supersoft 375g,$5.00,$1.33/100g,"https://cdn.metcash.media/image/upload/f_auto,c_limit,w_300,q_auto/igashop/images/117653"
M&Ms Crispy Pouch 145g,$7.00,$4.83/100g,"https://cdn.metcash.media/image/upload/f_auto,c_limit,w_300,q_auto/igashop/images/622394"
Swisse Ultiboost Hair Skin Nail Tabs 60 Pack,$13.50,$0.23 each,"https://cdn.metcash.media/image/upload/f_auto,c_limit,w_300,q_auto/igashop/images/879747"
ZoOSh Moroccan Dip 185g,$3.55,$1.92/100g,"https://cdn.metcash.media/image/upload/f_auto,c_limit,w_300,q_auto/igashop/images/1800000069680"
Obela Classic Hommus 450g,$6.50,$1.44/100g,"https://cdn.metcash.media/image/upload/f_auto,c_limit,w_300,q_auto/igashop/images/221847"
Mission Pizza Base Plain 200g,$4.60,$2.30/100g,"https://cdn.metcash.media/image/upload/f_auto,c_limit,w_300,q_auto/igashop/images/708857"
MasterFoods Herbs & Spices Paprika Ground 35g,$3.50,$10.00/100g,"https://cdn.metcash.media/image/upload/f_auto,c_limit,w_300,q_auto/igashop/images/9054"
Birds Eye Deli Diamond Cut Chips Sea Salt and Balsamic Vinegar 600g,$4.40,$0.73/100g,"https://cdn.metcash.media/image/upload/f_auto,c_limit,w_300,q_auto/igashop/images/1800000071884"
Hamper Corned Beef Original 200g,$6.20,$3.10/100g,"https://cdn.metcash.media/image/upload/f_auto,c_limit,w_300,q_auto/igashop/images/333314"
Remedy Shot Energy 60mL,$2.60,$43.33/1L,"https://cdn.metcash.media/image/upload/f_auto,c_limit,w_300,q_auto/igashop/images/445019"
Green's 40% Less Sugar Pancake Shake Protein 325g,$5.00,$1.54/100g,"https://cdn.metcash.media/image/upload/f_auto,c_limit,w_300,q_auto/igashop/images/525319"
Boost Juice Energy Lift 350mL,$4.20,$1.20/100mL,"https://cdn.metcash.media/image/upload/f_auto,c_limit,w_300,q_auto/igashop/images/141717"
Sensodyne Toothbrush Sensitive Teeth Repair And Protect 2 Pack,$9.70,$4.85 each,"https://cdn.metcash.media/image/upload/f_auto,c_limit,w_300,q_auto/igashop/images/236216"
Yes You Can Apple & Cinnamon Muffin Mix 400g,$7.80,$1.95/100g,"https://cdn.metcash.media/image/upload/f_auto,c_limit,w_300,q_auto/igashop/images/160000017869"
Community Co Fruit Salad & Juice 4 Pack,$2.60,$0.65 each,"https://cdn.metcash.media/image/upload/f_auto,c_limit,w_300,q_auto/igashop/images/20000001189"
Pukka Organic Lemongrass & Ginger Tea Bags 20 Pack,$9.00,$0.45 each,"https://cdn.metcash.media/image/upload/f_auto,c_limit,w_300,q_auto/igashop/images/190000002084"
Health Lab Holy Hazelnut Nut-Butter Filled Ball 40g,$3.20,$8.00/100g,"https://cdn.metcash.media/image/upload/f_auto,c_limit,w_300,q_auto/igashop/images/4889"
Black & Gold Spaghetti 500g,$0.90,$0.18/100g,"https://cdn.metcash.media/image/upload/f_auto,c_limit,w_300,q_auto/igashop/images/341189"
Sukin Botanical Body Wash Lime and Coconut 500mL,$16.00,$3.20/100mL,"https://cdn.metcash.media/image/upload/f_auto,c_limit,w_300,q_auto/igashop/images/160000012523"
Mainland Cheese & Artisan Crackers Date & Apricot 38g,$2.80,$7.37/100g,"https://cdn.metcash.media/image/upload/f_auto,c_limit,w_300,q_auto/igashop/images/937684"
Philips Tornado Globe CFL 24W ES Cool Daylight,$9.00,N/A,"https://cdn.metcash.media/image/upload/f_auto,c_limit,w_300,q_auto/igashop/images/713996"
Nurofen Ibuprofen Meltlets Berry Burst 200mg 24 Pack,$7.00,$0.29 each,"https://cdn.metcash.media/image/upload/f_auto,c_limit,w_300,q_auto/igashop/images/514258"
Vanish Napisan Laundry Products Gold Multi Power Powder 3kg,$34.00,$11.33/kg,"https://cdn.metcash.media/image/upload/f_auto,c_limit,w_300,q_auto/igashop/images/568448"
Snickers Ice Bar 6 Pack,$4.75,$0.79 each,https://www.igashop.com.au/static/default-product-image.png
Pickers Mini Italian Mozzarella Sticks 230g,$7.50,$3.26/100g,"https://cdn.metcash.media/image/upload/f_auto,c_limit,w_300,q_auto/igashop/images/653497"
Sukin Cream Cleanser Pump 125mL,$15.00,$12.00/100mL,"https://cdn.metcash.media/image/upload/f_auto,c_limit,w_300,q_auto/igashop/images/872960"
Earthwise Fragrance Free Sensitive Laundry Liquid 4L,$17.00,$4.25/1L,"https://cdn.metcash.media/image/upload/f_auto,c_limit,w_300,q_auto/igashop/images/180000003399"
John West Protein Plus Vitamin B12 Tuna With Tomato & Onion 170g,$3.80,$2.24/100g,"https://cdn.metcash.media/image/upload/f_auto,c_limit,w_300,q_auto/igashop/images/190000002311"
Reese's Hot Cross Buns 272g,$7.50,$2.76/100g,"https://cdn.metcash.media/image/upload/f_auto,c_limit,w_300,q_auto/igashop/images/180000004587"
Orgran Buckwheat Pasta Spirals 350g,$6.50,$1.86/100g,"https://cdn.metcash.media/image/upload/f_auto,c_limit,w_300,q_auto/igashop/images/20000007203"
Sirena Ready To Eat Meal Mexican Rice With Tuna 170g,$4.30,$2.53/100g,"https://cdn.metcash.media/image/upload/f_auto,c_limit,w_300,q_auto/igashop/images/471332"
Chang's Fried Noodles 100g,$1.35,$1.35/100g,"https://cdn.metcash.media/image/upload/f_auto,c_limit,w_300,q_auto/igashop/images/48676"
Praise Balsamic Dressing 330mL,$3.00,$0.91/100mL,"https://cdn.metcash.media/image/upload/f_auto,c_limit,w_300,q_auto/igashop/images/341422"
Ayam Coconut Milk Powder 150g,$5.50,$3.67/100g,"https://cdn.metcash.media/image/upload/f_auto,c_limit,w_300,q_auto/igashop/images/25709"
Heinz Soup Of The Day Pouch Pea And Ham 430g,$4.50,$1.05/100g,"https://cdn.metcash.media/image/upload/f_auto,c_limit,w_300,q_auto/igashop/images/3448"
Sanpellegrino Sparkling Fruit Beverage Melorgrano E Arancia 330mL,$3.50,$1.06/100mL,"https://cdn.metcash.media/image/upload/f_auto,c_limit,w_300,q_auto/igashop/images/190000004691"
INGHAM'S Chicken Portion Pieces Gourmet Roasting 1.5kg,$28.50,$19.00/kg,"https://cdn.metcash.media/image/upload/f_auto,c_limit,w_300,q_auto/igashop/images/18817"
ZoOSh Sour Cream & Chives Creamy Dreamy Dip 185g,$3.00,$1.62/100g,"https://cdn.metcash.media/image/upload/f_auto,c_limit,w_300,q_auto/igashop/images/178662"
Piranha Chicca Chips Original 75g,$4.25,$5.67/100g,"https://cdn.metcash.media/image/upload/f_auto,c_limit,w_300,q_auto/igashop/images/160000014155"
Glick's Plain Bagel 4 Pack,$3.90,$0.98 each,"https://cdn.metcash.media/image/upload/f_auto,c_limit,w_300,q_auto/igashop/images/190000004798"
Lindt Gold Bunny & Milk Egg Gift Box 240g,$35.70,$14.88/100g,"https://cdn.metcash.media/image/upload/f_auto,c_limit,w_300,q_auto/igashop/images/190000009655"
Red Rock Deli Chef Series Portuguese Chicken With Lemon & Oregano 150g,$3.99,$2.66/100g,"https://cdn.metcash.media/image/upload/f_auto,c_limit,w_300,q_auto/igashop/images/160000014095"
Nomad Turkish Bread Garlic 400g,$5.05,$1.26/100g,"https://cdn.metcash.media/image/upload/f_auto,c_limit,w_300,q_auto/igashop/images/190000004033"
Golden Eggs 1500 Free Range Eggs 12 Pack 700g,$9.95,$1.42/100g,"https://cdn.metcash.media/image/upload/f_auto,c_limit,w_300,q_auto/igashop/images/190000004908"
Nestlé Bakers' Choice Cocoa 190g,$8.00,$4.21/100g,"https://cdn.metcash.media/image/upload/f_auto,c_limit,w_300,q_auto/igashop/images/381508"
Edgell Corn Kernels 4 Pack,$3.80,$0.95 each,"https://cdn.metcash.media/image/upload/f_auto,c_limit,w_300,q_auto/igashop/images/90398"
Whittaker's Block Dark Ghana 250g,$9.00,$3.60/100g,"https://cdn.metcash.media/image/upload/f_auto,c_limit,w_300,q_auto/igashop/images/343160"
Maggi Cheese & Bacon Potato Bake 21g,$1.85,$8.81/100g,"https://cdn.metcash.media/image/upload/f_auto,c_limit,w_300,q_auto/igashop/images/834530"
Harvest Snaps Chickpea Sour Cream & Chive 95g,$5.15,$5.42/100g,"https://cdn.metcash.media/image/upload/f_auto,c_limit,w_300,q_auto/igashop/images/192080"
Ho Mai Cocktail Spring Roll 510g,$9.70,$1.90/100g,"https://cdn.metcash.media/image/upload/f_auto,c_limit,w_300,q_auto/igashop/images/20000001712"
Yoplait Yoghurt Classic 12 Pack,$8.50,$0.71 each,"https://cdn.metcash.media/image/upload/f_auto,c_limit,w_300,q_auto/igashop/images/152349"
Mum Dry Aerosol Active 100g,$3.00,$3.00/100g,"https://cdn.metcash.media/image/upload/f_auto,c_limit,w_300,q_auto/igashop/images/618853"
Vegie Delights Vegie Sausage 300g,$6.75,$2.25/100g,"https://cdn.metcash.media/image/upload/f_auto,c_limit,w_300,q_auto/igashop/images/567060"
John West Tempters Tuna Smoked 95g,$2.90,$3.05/100g,"https://cdn.metcash.media/image/upload/f_auto,c_limit,w_300,q_auto/igashop/images/78914"
MasterFoods Sesame Seeds 37g,$3.50,$9.46/100g,"https://cdn.metcash.media/image/upload/f_auto,c_limit,w_300,q_auto/igashop/images/363864"
Fanta Zero Sugar What The Fanta Soft Drink Bottle 600mL,$4.25,$0.71/100mL,"https://cdn.metcash.media/image/upload/f_auto,c_limit,w_300,q_auto/igashop/images/374705"
Gravox White Sauce Mix 29g,$1.50,$5.17/100g,"https://cdn.metcash.media/image/upload/f_auto,c_limit,w_300,q_auto/igashop/images/455598"
Four Seasons Lush Aloe Vera Lube 200mL,$10.00,$5.00/100mL,"https://cdn.metcash.media/image/upload/f_auto,c_limit,w_300,q_auto/igashop/images/285919"
Mission Plain Naan Bread 4 Pack,$4.10,$1.03 each,"https://cdn.metcash.media/image/upload/f_auto,c_limit,w_300,q_auto/igashop/images/20000005813"
Feta & Green Olives 1kg,Final cost based on weight,$46.95/$46.95,"https://cdn.metcash.media/image/upload/f_auto,c_limit,w_300,q_auto/igashop/images/80072057"
INGHAM'S Table Pleasers Family Nuggets Original Value Pack 700g,$7.00,$1.00/100g,"https://cdn.metcash.media/image/upload/f_auto,c_limit,w_300,q_auto/igashop/images/143743"
Multix Cling Wrap 60 Metres,$2.30,N/A,"https://cdn.metcash.media/image/upload/f_auto,c_limit,w_300,q_auto/igashop/images/39148"
Banana Boat Ultra Clear SPF 50 Sunscreen Spray 175g,$24.00,$13.71/100g,"https://cdn.metcash.media/image/upload/f_auto,c_limit,w_300,q_auto/igashop/images/407142"
Community Co Free Range X-Large Aussie Eggs 12 Pack,$7.50,$0.62 each,"https://cdn.metcash.media/image/upload/f_auto,c_limit,w_300,q_auto/igashop/images/495239"
Golden Circle Apple Raspberry Cordial 2L,$4.50,$2.25/1L,"https://cdn.metcash.media/image/upload/f_auto,c_limit,w_300,q_auto/igashop/images/59368"
White Wings Premium Self Raising Flour 1kg,$2.70,$2.70/kg,"https://cdn.metcash.media/image/upload/f_auto,c_limit,w_300,q_auto/igashop/images/39499"
Skittles Sour Chewy Lollies 30g,$1.50,$5.00/100g,"https://cdn.metcash.media/image/upload/f_auto,c_limit,w_300,q_auto/igashop/images/180000006340"
Nyal Paracetamol Tablets 16 Pack,$3.00,$0.19 each,https://www.igashop.com.au/static/default-product-image.png
Schwarzkopf Live Colour Ultra Brights Shocking Pink 75mL,$14.00,$18.67/100mL,"https://cdn.metcash.media/image/upload/f_auto,c_limit,w_300,q_auto/igashop/images/577405"
Dolmio Thick Tomato Lasagne Sauce 505g,$4.00,$0.79/100g,"https://cdn.metcash.media/image/upload/f_auto,c_limit,w_300,q_auto/igashop/images/390272"
BabyLove Cosifit Jumbo Nappies Toddler Size 4 60 Pack,$28.00,$0.47 each,"https://cdn.metcash.media/image/upload/f_auto,c_limit,w_300,q_auto/igashop/images/160000012792"
Vitasoy Oat Iced Coffee 330mL,$3.50,$10.61/1L,"https://cdn.metcash.media/image/upload/f_auto,c_limit,w_300,q_auto/igashop/images/289772"
Colourhide Chunky Notebook,$7.60,N/A,"https://cdn.metcash.media/image/upload/f_auto,c_limit,w_300,q_auto/igashop/images/180000006438"
Fresh Bake Madeline Strawberry Cakes 200g,$4.95,$2.48/100g,https://www.igashop.com.au/static/default-product-image.png
My Muscle Chef Spaghetti Bolognese 330g,$11.95,$3.62/100g,"https://cdn.metcash.media/image/upload/f_auto,c_limit,w_300,q_auto/igashop/images/531506"
Clairol Nice'N Easy Permanent Hair Colour 5G Natural Medium Golden Brown,$11.00,N/A,"https://cdn.metcash.media/image/upload/f_auto,c_limit,w_300,q_auto/igashop/images/581381"
Glick's Sweet Challah 900g,$5.50,$0.61/100g,"https://cdn.metcash.media/image/upload/f_auto,c_limit,w_300,q_auto/igashop/images/20000003539"
Astra Everyday Wipes 50 Pack,$8.00,$0.16 each,"https://cdn.metcash.media/image/upload/f_auto,c_limit,w_300,q_auto/igashop/images/369954"
Mission Mild Salsa Chunky 300g,$4.40,$1.47/100g,"https://cdn.metcash.media/image/upload/f_auto,c_limit,w_300,q_auto/igashop/images/160000012770"
Leggo's Pasta Sauce Spaghetti With Beef 680g,$5.00,$0.74/100g,"https://cdn.metcash.media/image/upload/f_auto,c_limit,w_300,q_auto/igashop/images/39554"
Black & Gold Facial Tissues,$1.90,N/A,"https://cdn.metcash.media/image/upload/f_auto,c_limit,w_300,q_auto/igashop/images/485064"
ZoOSh Italian Dressing 300mL,$3.00,$1.00/100mL,"https://cdn.metcash.media/image/upload/f_auto,c_limit,w_300,q_auto/igashop/images/901696"
Lynx Anarchy For Her Deodorant Spray 165mL,$4.00,$2.42/100mL,"https://cdn.metcash.media/image/upload/f_auto,c_limit,w_300,q_auto/igashop/images/747649"
Uncle Tobys Vita Brits 375g,$3.40,$0.91/100g,"https://cdn.metcash.media/image/upload/f_auto,c_limit,w_300,q_auto/igashop/images/20000002501"
Yumi's Zucchini Lentil 225g,$6.50,$2.89/100g,"https://cdn.metcash.media/image/upload/f_auto,c_limit,w_300,q_auto/igashop/images/7931"
San Remo Lentil Spinach & Garlic Ravioli 400g,$10.00,$2.50/100g,"https://cdn.metcash.media/image/upload/f_auto,c_limit,w_300,q_auto/igashop/images/702555"
"Black & Gold Orange, Cola, Lime & Raspberry Water Ices 24 Pack",$5.25,$0.22 each,"https://cdn.metcash.media/image/upload/f_auto,c_limit,w_300,q_auto/igashop/images/639401"
Edgell Zesty Cauli Rice Nourish Bowl 180g,$4.00,$2.22/100g,"https://cdn.metcash.media/image/upload/f_auto,c_limit,w_300,q_auto/igashop/images/190000002705"
Cancer Council Kids + Zinc Sunscreen SPF50+ 75mL,$15.50,$20.67/100mL,"https://cdn.metcash.media/image/upload/f_auto,c_limit,w_300,q_auto/igashop/images/160000014344"
Oreo Double Stuff Neapolitan 131g,$3.00,$2.29/100g,"https://cdn.metcash.media/image/upload/f_auto,c_limit,w_300,q_auto/igashop/images/167535"
Sirena Tuna In Oil Italian Style 95g,$2.00,$2.11/100g,"https://cdn.metcash.media/image/upload/f_auto,c_limit,w_300,q_auto/igashop/images/27599"
McKenzie's Chilli Paste 75g,$2.05,$2.73/100g,https://www.igashop.com.au/static/default-product-image.png
Lindt Swiss Gold Milk Block 300g,$15.00,$5.00/100g,"https://cdn.metcash.media/image/upload/f_auto,c_limit,w_300,q_auto/igashop/images/20000000319"
Sunbeam Raisins 1kg,$13.00,$13.00/kg,"https://cdn.metcash.media/image/upload/f_auto,c_limit,w_300,q_auto/igashop/images/190000003313"
Jindi Chris Triple Cream Brie 180g,$8.00,$4.44/100g,"https://cdn.metcash.media/image/upload/f_auto,c_limit,w_300,q_auto/igashop/images/323063"
McCain Rustica Pizza Thin & Crispy Salami & Four Cheese 335g,$11.00,$3.28/100g,"https://cdn.metcash.media/image/upload/f_auto,c_limit,w_300,q_auto/igashop/images/288548"
Youjuice Getcha Greens Juice 350mL,$3.40,$0.97/100mL,"https://cdn.metcash.media/image/upload/f_auto,c_limit,w_300,q_auto/igashop/images/150000006556_1"
Olive Grove Lite Spread 500g,$4.50,$0.90/100g,"https://cdn.metcash.media/image/upload/f_auto,c_limit,w_300,q_auto/igashop/images/179825"
Always Fresh Grissini Crispbread Three Seed And Sea Salt 125g,$4.50,$3.60/100g,"https://cdn.metcash.media/image/upload/f_auto,c_limit,w_300,q_auto/igashop/images/74813"
S&B Foods Golden Curry Medium Hot 92g,$8.25,$8.97/100g,"https://cdn.metcash.media/image/upload/f_auto,c_limit,w_300,q_auto/igashop/images/312504"
Little Big Buster Chunks Dog's Breakfast Ice Cream 750mL,$12.25,$1.63/100mL,"https://cdn.metcash.media/image/upload/f_auto,c_limit,w_300,q_auto/igashop/images/1800000068847"
Sorbent Toilet Tissue White 3 Ply 32 Pack,$18.00,$0.56 each,"https://cdn.metcash.media/image/upload/f_auto,c_limit,w_300,q_auto/igashop/images/469725"
MasterFoods Squeezy Mild American Mustard 250g,$3.50,$1.40/100g,"https://cdn.metcash.media/image/upload/f_auto,c_limit,w_300,q_auto/igashop/images/336582"
Neutrogena Deep Clean Purifying Scrub 100mL,$16.50,$16.50/100mL,"https://cdn.metcash.media/image/upload/f_auto,c_limit,w_300,q_auto/igashop/images/993350"
Maybelline Fast Gel Ballerina 6.7mL,$15.30,$228.36/100mL,https://www.igashop.com.au/static/default-product-image.png
Mortein Fast Knockdown Multi Insect Killer 200g,$8.10,$4.05/100g,"https://cdn.metcash.media/image/upload/f_auto,c_limit,w_300,q_auto/igashop/images/91166"
Bar Counter Chocolate Brownie Espresso Energy Bar 40g,$4.00,$10.00/100g,"https://cdn.metcash.media/image/upload/f_auto,c_limit,w_300,q_auto/igashop/images/376697"
Optimum Cat Furball Chicken 2.8kg,$28.00,$10.00/kg,https://www.igashop.com.au/static/default-product-image.png
Chicken Supreme 1kg,Final cost based on weight,$21.00/$21.00,"https://cdn.metcash.media/image/upload/f_auto,c_limit,w_300,q_auto/igashop/images/80072143"
Barossa Valley Cheese Co Crispbread 100g,$5.30,$5.30/100g,"https://cdn.metcash.media/image/upload/f_auto,c_limit,w_300,q_auto/igashop/images/190000005047"
Pringles Salt & Vinegar Chips 53g,$2.00,$3.77/100g,"https://cdn.metcash.media/image/upload/f_auto,c_limit,w_300,q_auto/igashop/images/636555"
Passage To India Veg Curry Bowl Cashew Korma With Rice 280g,$2.75,$0.98/100g,"https://cdn.metcash.media/image/upload/f_auto,c_limit,w_300,q_auto/igashop/images/814284"
Ashgrove Smoked Paprika Cheese Crunchettes 40g,$7.00,$17.50/100g,"https://cdn.metcash.media/image/upload/f_auto,c_limit,w_300,q_auto/igashop/images/180000001810"
Rufus & Coco Elasticised Litter Tray Liners Large 8 Pack,$12.00,$1.50 each,"https://cdn.metcash.media/image/upload/f_auto,c_limit,w_300,q_auto/igashop/images/162475"
Magnum New York Chocolate Cheesecake 4 Pack,$10.50,$2.63 each,"https://cdn.metcash.media/image/upload/f_auto,c_limit,w_300,q_auto/igashop/images/20000006537"
McCain Healthy Choice Lemon Chicken 350g,$4.45,$1.27/100g,"https://cdn.metcash.media/image/upload/f_auto,c_limit,w_300,q_auto/igashop/images/119914"
Tyt Honey Spice Granola 170g,$5.35,$3.15/100g,"https://cdn.metcash.media/image/upload/f_auto,c_limit,w_300,q_auto/igashop/images/180000001514"
Lynx Body Wash Black 400mL,$3.75,$0.94/100mL,https://www.igashop.com.au/static/default-product-image.png
Nando's Sauce Mild Peri Peri 250g,$6.95,$2.78/100g,"https://cdn.metcash.media/image/upload/f_auto,c_limit,w_300,q_auto/igashop/images/389551"
Vaalia Kids Probiotic Yoghurt Strawberry Pouch 140g,$2.50,$1.79/100g,"https://cdn.metcash.media/image/upload/f_auto,c_limit,w_300,q_auto/igashop/images/107645"
Mars Bar Funsize 320g,$8.00,$2.50/100g,"https://cdn.metcash.media/image/upload/f_auto,c_limit,w_300,q_auto/igashop/images/190000004719"
Lincoln Bakery Vol-Au-Vents Pastry Shells Large (85mm) 4 Pack,$7.00,$1.75 each,"https://cdn.metcash.media/image/upload/f_auto,c_limit,w_300,q_auto/igashop/images/160000013154"
Kettle Flat Bread Crackers Burnt Fig 150g,$4.75,$3.17/100g,"https://cdn.metcash.media/image/upload/f_auto,c_limit,w_300,q_auto/igashop/images/959288"
Sorbent 3 Ply Hypo-Allergenic Toilet Tissue Rolls 8 Pack,$5.35,$0.67 each,"https://cdn.metcash.media/image/upload/f_auto,c_limit,w_300,q_auto/igashop/images/72094"
Doritos Salsa Dip Medium 300g,$2.75,$0.92/100g,"https://cdn.metcash.media/image/upload/f_auto,c_limit,w_300,q_auto/igashop/images/20000005792"
DON Deli Cuts Turkey Oven Roast Shaved 80g,$3.50,$4.38/100g,"https://cdn.metcash.media/image/upload/f_auto,c_limit,w_300,q_auto/igashop/images/180000002991"
Darrell Lea Christmas Liquorice 275g,$2.00,$0.73/100g,"https://cdn.metcash.media/image/upload/f_auto,c_limit,w_300,q_auto/igashop/images/386671"
Patak's Paste Marinade Spicy Tandoori 295g,$7.50,$2.54/100g,"https://cdn.metcash.media/image/upload/f_auto,c_limit,w_300,q_auto/igashop/images/160000000826"
Nestlé Polo Mints Originals 34g,$2.25,$6.62/100g,"https://cdn.metcash.media/image/upload/f_auto,c_limit,w_300,q_auto/igashop/images/190000001415"
Freshly Baked White Sandwich Loaf Sliced 700g,$4.30,$0.61/100g,"https://cdn.metcash.media/image/upload/f_auto,c_limit,w_300,q_auto/igashop/images/180000001285"
Olina's Bakehouse Artisan Crackers Honey & Almond 100g,$5.00,$5.00/100g,"https://cdn.metcash.media/image/upload/f_auto,c_limit,w_300,q_auto/igashop/images/180000004623"
Kez's Kitchen Gluten Free Choc Golden Snaps 150g,$7.90,$5.27/100g,https://www.igashop.com.au/static/default-product-image.png
Decor Glass Measuring Jug With Lid,$16.00,N/A,"https://cdn.metcash.media/image/upload/f_auto,c_limit,w_300,q_auto/igashop/images/763849"
Twisties Extruded Snacks Fairy Floss 80g,$2.70,$3.38/100g,https://www.igashop.com.au/static/default-product-image.png
Lyons Biscuits Viscount Mint Creams 98g,$2.05,$2.09/100g,"https://cdn.metcash.media/image/upload/f_auto,c_limit,w_300,q_auto/igashop/images/611115"
The Natural Confect Co. Juicy Burst Strawberry Raspberry 150g,$5.00,$3.33/100g,"https://cdn.metcash.media/image/upload/f_auto,c_limit,w_300,q_auto/igashop/images/180000006422"
Birds Eye Wild Caught Deep Sea Dory Original Crumb 425g,$12.50,$2.94/100g,"https://cdn.metcash.media/image/upload/f_auto,c_limit,w_300,q_auto/igashop/images/156796"
F. Whitlock & Sons Louisiana Style Rub 80g,$6.00,$7.50/100g,"https://cdn.metcash.media/image/upload/f_auto,c_limit,w_300,q_auto/igashop/images/180000001268"
Lindt Les Grandes Dark Chocolate & Hazelnuts 150g,$7.00,$4.67/100g,"https://cdn.metcash.media/image/upload/f_auto,c_limit,w_300,q_auto/igashop/images/160000000419"
Mirabella Globe Led Candle 5.5 Watt Pearl In Warm White Bayonet,$7.25,N/A,"https://cdn.metcash.media/image/upload/f_auto,c_limit,w_300,q_auto/igashop/images/222597"
Norco Cape Byron Ultimate Sundae 380mL,$8.00,$2.11/100mL,https://www.igashop.com.au/static/default-product-image.png
TRESemmé Professional Hair Shampoo Colour Revitalise 900mL,$10.50,$1.17/100mL,"https://cdn.metcash.media/image/upload/f_auto,c_limit,w_300,q_auto/igashop/images/410920"
Flawless Brows Blush Gen 2,$33.00,N/A,"https://cdn.metcash.media/image/upload/f_auto,c_limit,w_300,q_auto/igashop/images/611047"
Nestlé Bakers' Choice White Chocolate Bits 200g,$7.00,$3.50/100g,"https://cdn.metcash.media/image/upload/f_auto,c_limit,w_300,q_auto/igashop/images/625774"
Panadol Optizorb Paracetamol 500mg 12 Caplets for Pain Relief 12 Pack,$3.30,$0.27 each,"https://cdn.metcash.media/image/upload/f_auto,c_limit,w_300,q_auto/igashop/images/33312"
Trill Small Parrot Mix 1.8kg,$6.00,$3.33/kg,"https://cdn.metcash.media/image/upload/f_auto,c_limit,w_300,q_auto/igashop/images/824695"
Sweet Corn Prepack 500 grams,$4.70,N/A,"https://cdn.metcash.media/image/upload/f_auto,c_limit,w_300,q_auto/igashop/images/1600314"
Paul Newman's Own Dressings Ranch 250mL,$4.50,$1.80/100mL,"https://cdn.metcash.media/image/upload/f_auto,c_limit,w_300,q_auto/igashop/images/190000000977"
Bickford's Iced Coffee Syrup 500mL,$8.00,$1.60/100mL,"https://cdn.metcash.media/image/upload/f_auto,c_limit,w_300,q_auto/igashop/images/42413"
Baked Provisions Mud Choc Slice 210g,$7.70,$3.67/100g,https://www.igashop.com.au/static/default-product-image.png
Primo Duos Cabanossi Bites & Cheddar Cheese 50g,$4.25,$8.50/100g,"https://cdn.metcash.media/image/upload/f_auto,c_limit,w_300,q_auto/igashop/images/150000000222"
Dettol Disinfectant Wipes Fresh 110 Pack,$12.00,$0.11 each,"https://cdn.metcash.media/image/upload/f_auto,c_limit,w_300,q_auto/igashop/images/236185"
My Dog Loaf Classics Tasty Kangaroo Wet Dog Food Can 400g,$3.00,$0.75/100g,"https://cdn.metcash.media/image/upload/f_auto,c_limit,w_300,q_auto/igashop/images/897614"
Sunbeam Sultanas 1kg,$10.90,$10.90/kg,"https://cdn.metcash.media/image/upload/f_auto,c_limit,w_300,q_auto/igashop/images/46111"
Kellogg's Rice Bubbles 410g,$6.50,$1.59/100g,"https://cdn.metcash.media/image/upload/f_auto,c_limit,w_300,q_auto/igashop/images/99402"
Allen's Party Mix Classic 465g,$5.00,$1.08/100g,"https://cdn.metcash.media/image/upload/f_auto,c_limit,w_300,q_auto/igashop/images/420488"
Yumi's Delights Pumpkin Spinach Bites 225g,$6.50,$2.89/100g,"https://cdn.metcash.media/image/upload/f_auto,c_limit,w_300,q_auto/igashop/images/20000006332"
Sweet William Chocolate Baking Chocolate Chips 150g,$3.30,$2.20/100g,"https://cdn.metcash.media/image/upload/f_auto,c_limit,w_300,q_auto/igashop/images/160000014165"
DJ&A Crispy Beetroot Slices 35g,$3.40,$9.71/100g,"https://cdn.metcash.media/image/upload/f_auto,c_limit,w_300,q_auto/igashop/images/20000000609"
Pringles Original Salted Potato Chips 134g,$5.50,$4.10/100g,"https://cdn.metcash.media/image/upload/f_auto,c_limit,w_300,q_auto/igashop/images/636432"
Kurrajong Kitchen Lavosh Bites Original 145g,$5.00,$3.45/100g,"https://cdn.metcash.media/image/upload/f_auto,c_limit,w_300,q_auto/igashop/images/731185"
Nutty Bruce Organic Milk Almond & Coconut 1L,$5.50,$5.50/1L,"https://cdn.metcash.media/image/upload/f_auto,c_limit,w_300,q_auto/igashop/images/638696"
Chobani Yoghurt Fit X Tropical Fruit Smash 140g,$3.49,$2.49/100g,"https://cdn.metcash.media/image/upload/f_auto,c_limit,w_300,q_auto/igashop/images/180000000044"
Nestlé Skim Sweetened Condensed Milk 410g,$3.80,$0.93/100g,"https://cdn.metcash.media/image/upload/f_auto,c_limit,w_300,q_auto/igashop/images/160000013000"
Mildura Orange & Passionfruit Fruit Drink 3L,$5.95,$1.98/1L,"https://cdn.metcash.media/image/upload/f_auto,c_limit,w_300,q_auto/igashop/images/166615"
Palmolive Regular Dishwashing Liquid Original Tough On Grease 750mL,$4.00,$0.53/100mL,"https://cdn.metcash.media/image/upload/f_auto,c_limit,w_300,q_auto/igashop/images/393482"
Cadbury Creme Egg Pack Egg Bag 240g,$10.00,$4.17/100g,"https://cdn.metcash.media/image/upload/f_auto,c_limit,w_300,q_auto/igashop/images/782521"
Nilodor Mist Deodorant Pump 100mL,$8.15,$8.15/100mL,"https://cdn.metcash.media/image/upload/f_auto,c_limit,w_300,q_auto/igashop/images/305670"
Mount Franklin Lightly Sparkling Water Peach Multipack Cans 10 Pack,$12.00,$1.20 each,"https://cdn.metcash.media/image/upload/f_auto,c_limit,w_300,q_auto/igashop/images/180000002415"
Gatorade Orange Ice Sports Drink 600mL,$2.10,$0.35/100mL,"https://cdn.metcash.media/image/upload/f_auto,c_limit,w_300,q_auto/igashop/images/657792"
Herbs Bay Leaf 15g,$2.99,$19.93/100g,https://www.igashop.com.au/static/default-product-image.png
Trident Instant Soup Malaysian Curry Laksa 60g,$2.80,$4.67/100g,"https://cdn.metcash.media/image/upload/f_auto,c_limit,w_300,q_auto/igashop/images/572735"
Carman's Apple Pie & Custard Aussie Oat Bars 6 Pack,$5.90,$0.98 each,"https://cdn.metcash.media/image/upload/f_auto,c_limit,w_300,q_auto/igashop/images/828864"
Obela Smashed Avocado Lemon & Black Pepper Dip 200g 200g,$5.90,$2.95/100g,"https://cdn.metcash.media/image/upload/f_auto,c_limit,w_300,q_auto/igashop/images/1800000071272"
Monster Energy Ultra Rosa 4 Pack,$11.20,$2.80 each,"https://cdn.metcash.media/image/upload/f_auto,c_limit,w_300,q_auto/igashop/images/160000002786"
Community Co Extra Tasty Cheese Block Lite 500g,$8.65,$1.73/100g,"https://cdn.metcash.media/image/upload/f_auto,c_limit,w_300,q_auto/igashop/images/827601"
Sard Wonder Stick Pre-Treater Stain Remover 100g,$6.00,$6.00/100g,"https://cdn.metcash.media/image/upload/f_auto,c_limit,w_300,q_auto/igashop/images/160000003089"
Cadbury Dairy Milk Freddo Frog 35g,$1.50,$4.29/100g,"https://cdn.metcash.media/image/upload/f_auto,c_limit,w_300,q_auto/igashop/images/3639"
L'Oréal Elvive Dream Lengths Detangling Conditioner 300mL,$8.50,$2.83/100mL,"https://cdn.metcash.media/image/upload/f_auto,c_limit,w_300,q_auto/igashop/images/160000013788"
From Basque With Love Tuscan Risotto 325g,$12.95,$3.98/100g,"https://cdn.metcash.media/image/upload/f_auto,c_limit,w_300,q_auto/igashop/images/20000007152"
Primo English Style Leg Ham 100g,$3.00,$3.00/100g,"https://cdn.metcash.media/image/upload/f_auto,c_limit,w_300,q_auto/igashop/images/138303"
Stoneybrook Blueberries Frozen 1kg,$14.95,$14.95/kg,"https://cdn.metcash.media/image/upload/f_auto,c_limit,w_300,q_auto/igashop/images/20000005406"
Coca-Cola Vanilla Soft Drink Bottle 2L,$3.50,$1.75/1L,"https://cdn.metcash.media/image/upload/f_auto,c_limit,w_300,q_auto/igashop/images/9300675020985_0"
"Colgate Total Tartar Control Dental Floss, 25m, Protects Gums & Reduces Tooth Decay",$3.00,N/A,"https://cdn.metcash.media/image/upload/f_auto,c_limit,w_300,q_auto/igashop/images/494631"
Oral-B Clinical Pro-Flex Medium Manual Toothbrush 2 Pack,$59.95,$29.98 each,"https://cdn.metcash.media/image/upload/f_auto,c_limit,w_300,q_auto/igashop/images/160000001798"
Uncle Tobys Oats Quick Sachets Breakfast Cereal Creamy Vanilla 10 Pack,$7.00,$0.70 each,"https://cdn.metcash.media/image/upload/f_auto,c_limit,w_300,q_auto/igashop/images/174087"
Sirena Tuna With Beans Chilli Italian Style 170g,$4.40,$2.59/100g,https://www.igashop.com.au/static/default-product-image.png
Macros Shredded Mexican Chicken Bowl 300g,$12.00,$4.00/100g,https://www.igashop.com.au/static/default-product-image.png
Patak's Rogan Josh Paste 283g,$7.50,$2.65/100g,"https://cdn.metcash.media/image/upload/f_auto,c_limit,w_300,q_auto/igashop/images/25678"
Sirena Tuna Puttanesca 95g,$2.00,$2.11/100g,"https://cdn.metcash.media/image/upload/f_auto,c_limit,w_300,q_auto/igashop/images/160000012271"
Whole Pineapple,$6.50,N/A,"https://cdn.metcash.media/image/upload/f_auto,c_limit,w_300,q_auto/igashop/images/80050056"
Rinaldi Soft Macadamia Nougat Blended with Australian Meadow Honey 86g,$6.95,$8.08/100g,"https://cdn.metcash.media/image/upload/f_auto,c_limit,w_300,q_auto/igashop/images/20000000801"
John West Skinless & Boneless Red Salmon in Springwater 90g,$2.00,$2.22/100g,"https://cdn.metcash.media/image/upload/f_auto,c_limit,w_300,q_auto/igashop/images/180000003427"
Macleans Protect Fresh Mint Toothpaste 170g,$1.55,$0.91/100g,"https://cdn.metcash.media/image/upload/f_auto,c_limit,w_300,q_auto/igashop/images/359556"
Golden Pancakes 360g,$4.50,$1.25/100g,"https://cdn.metcash.media/image/upload/f_auto,c_limit,w_300,q_auto/igashop/images/362533"
F. Whitlock & Sons Korean BBQ Style Marinade 400mL,$5.50,$1.38/100mL,"https://cdn.metcash.media/image/upload/f_auto,c_limit,w_300,q_auto/igashop/images/160000012246"
Dari's Chunky Minestrone Soup 550g,$7.50,$1.36/100g,"https://cdn.metcash.media/image/upload/f_auto,c_limit,w_300,q_auto/igashop/images/150000008176"
Spice & Co Star Anise Whole 25g,$3.75,$15.00/100g,"https://cdn.metcash.media/image/upload/f_auto,c_limit,w_300,q_auto/igashop/images/190000002422"
My Dog Chicken Supreme Loaf Classics Wet Dog Food Tray 100g,$1.40,$1.40/100g,"https://cdn.metcash.media/image/upload/f_auto,c_limit,w_300,q_auto/igashop/images/77528"
Only Organic Vegetable Chicken Risotto 220g,$3.85,$1.75/100g,"https://cdn.metcash.media/image/upload/f_auto,c_limit,w_300,q_auto/igashop/images/362478"
Selleys BBQ Accessory Tough Clean 400g,$8.60,$2.15/100g,"https://cdn.metcash.media/image/upload/f_auto,c_limit,w_300,q_auto/igashop/images/206567"
Golden North Rum & Raisin Icecream 2L,$11.80,$5.90/1L,"https://cdn.metcash.media/image/upload/f_auto,c_limit,w_300,q_auto/igashop/images/20000001967"
Dine Pulled Menu Gravy Salmon 85g,$1.75,$2.06/100g,https://www.igashop.com.au/static/default-product-image.png
Double D Sugar Free Clear Mints 70g,$2.70,$3.86/100g,"https://cdn.metcash.media/image/upload/f_auto,c_limit,w_300,q_auto/igashop/images/303893"
Wattle Valley Baby Spinach & Fetta 200g,$5.20,$2.60/100g,"https://cdn.metcash.media/image/upload/f_auto,c_limit,w_300,q_auto/igashop/images/180000000705"
Bonds Comfy Tops Slimming Sheer Tights Black Med,$8.00,N/A,"https://cdn.metcash.media/image/upload/f_auto,c_limit,w_300,q_auto/igashop/images/337672"
Green's Orange Poppyseed Cake Mix 580g,$5.50,$0.95/100g,"https://cdn.metcash.media/image/upload/f_auto,c_limit,w_300,q_auto/igashop/images/1514"
Aptamil Gold+ 1 Pronutra Biotik Baby Infant Formula From Birth to 6 Months 900g,$30.00,$3.33/100g,"https://cdn.metcash.media/image/upload/f_auto,c_limit,w_300,q_auto/igashop/images/88715"
NIVEA Nourishing Day Cream 50mL,$15.00,$30.00/100mL,"https://cdn.metcash.media/image/upload/f_auto,c_limit,w_300,q_auto/igashop/images/362059"
Bega Farmers' Tasty Grated Cheese 500g,$9.50,$1.90/100g,"https://cdn.metcash.media/image/upload/f_auto,c_limit,w_300,q_auto/igashop/images/124537"
Arctic Ice Bag 5kg,$5.80,$1.16/kg,"https://cdn.metcash.media/image/upload/f_auto,c_limit,w_300,q_auto/igashop/images/190000005201"
Ziploc Extra Large Freezer Bags Large 10 Pack,$3.80,$0.38 each,"https://cdn.metcash.media/image/upload/f_auto,c_limit,w_300,q_auto/igashop/images/272738"
Sabco Ultra Grab Microfibre Flexible Duster,$9.00,N/A,"https://cdn.metcash.media/image/upload/f_auto,c_limit,w_300,q_auto/igashop/images/704400"
Tommee Tippee T Sippee Trainer Handle Cup,$12.00,N/A,"https://cdn.metcash.media/image/upload/f_auto,c_limit,w_300,q_auto/igashop/images/893534"
Fever-Tree Elderflower Tonic Water 4 Pack,$9.00,$2.25 each,"https://cdn.metcash.media/image/upload/f_auto,c_limit,w_300,q_auto/igashop/images/20000000256"
Neutrogena Makeup Remover Cleansing Towelettes Refill 25 Pack,$9.00,$0.36 each,"https://cdn.metcash.media/image/upload/f_auto,c_limit,w_300,q_auto/igashop/images/390748"
Continental Recipe Base Rich Beefy Mince 50g,$1.80,$3.60/100g,"https://cdn.metcash.media/image/upload/f_auto,c_limit,w_300,q_auto/igashop/images/432794"
MasterFoods Basil Leaves 10g,$3.50,$35.00/100g,"https://cdn.metcash.media/image/upload/f_auto,c_limit,w_300,q_auto/igashop/images/363872"
Nice & Natural Fruit Oddities Raspberry Mango 136g,$4.50,$3.31/100g,"https://cdn.metcash.media/image/upload/f_auto,c_limit,w_300,q_auto/igashop/images/930190"
Nestlé Sunshine Instant Full Cream Long Life Milk Powder 750g,$14.30,$1.91/100g,"https://cdn.metcash.media/image/upload/f_auto,c_limit,w_300,q_auto/igashop/images/351558"
Black & Gold Heavy Duty Fabric Strips 40 Pack,$4.10,$0.10 each,"https://cdn.metcash.media/image/upload/f_auto,c_limit,w_300,q_auto/igashop/images/370777"
S-26 Alula Original Toddler Milk Drink 900g,$20.00,$2.22/100g,"https://cdn.metcash.media/image/upload/f_auto,c_limit,w_300,q_auto/igashop/images/969584"
Universal Candy Skulls Pop Pals 8g,$2.50,$31.25/100g,https://www.igashop.com.au/static/default-product-image.png
McCain Pizza Pocket Cheese & Bacon 4 pack 4 Pack,$6.50,$1.63 each,"https://cdn.metcash.media/image/upload/f_auto,c_limit,w_300,q_auto/igashop/images/103439"
Alula S-26 Original Stage 3 Toddler Milk Drink 1 Year+ 900g,$20.00,$2.22/100g,"https://cdn.metcash.media/image/upload/f_auto,c_limit,w_300,q_auto/igashop/images/170000004670"
Heinz Apple Baby Food Jar 4+ months 110g,$1.20,$1.09/100g,"https://cdn.metcash.media/image/upload/f_auto,c_limit,w_300,q_auto/igashop/images/26488"
Tena Discreet High Waist Underwear Creme Super Large 8 Pack,$17.80,$2.23 each,"https://cdn.metcash.media/image/upload/f_auto,c_limit,w_300,q_auto/igashop/images/687022"
Red Rock Deli Trio Of Cheeses Deli Style Chips 150g,$6.00,$4.00/100g,"https://cdn.metcash.media/image/upload/f_auto,c_limit,w_300,q_auto/igashop/images/170567"
Nestlé Nan Optipro Baby/Infant Formula 1 800g,$29.00,$3.63/100g,"https://cdn.metcash.media/image/upload/f_auto,c_limit,w_300,q_auto/igashop/images/250419"
Schmackos Tasty Bites Cheesy Nibbles Cheese & Beef Dog Treats 140g,$4.00,$2.86/100g,"https://cdn.metcash.media/image/upload/f_auto,c_limit,w_300,q_auto/igashop/images/846333"
Community Co Quiche Lorraine with Leg Ham 700g,$14.00,$2.00/100g,"https://cdn.metcash.media/image/upload/f_auto,c_limit,w_300,q_auto/igashop/images/388262"
La Zuppa Soup Pouch Tuscan Chicken + Veg + Rice 400g,$4.70,$1.18/100g,"https://cdn.metcash.media/image/upload/f_auto,c_limit,w_300,q_auto/igashop/images/180000004891"
Coca-Cola Zero Sugar Soft Drink Can 375mL,$3.15,$0.84/100mL,"https://cdn.metcash.media/image/upload/f_auto,c_limit,w_300,q_auto/igashop/images/909238"
Darrell Lea Christmas Rocklea Road 290g,$18.35,$6.33/100g,"https://cdn.metcash.media/image/upload/f_auto,c_limit,w_300,q_auto/igashop/images/626204"
Ayam Paste Thai Chilli Jam Stir Fry Paste 185g,$4.50,$2.43/100g,"https://cdn.metcash.media/image/upload/f_auto,c_limit,w_300,q_auto/igashop/images/160000012197"
SPC Apricots Halved in Juice 410g,$3.25,$0.79/100g,"https://cdn.metcash.media/image/upload/f_auto,c_limit,w_300,q_auto/igashop/images/391951"
Sabrini Veggie Fingers 450g,$8.50,$1.89/100g,"https://cdn.metcash.media/image/upload/f_auto,c_limit,w_300,q_auto/igashop/images/20000007000"
Only Organic Baby Food Banana & Apple Rice Cakes 20g,$2.65,$13.25/100g,"https://cdn.metcash.media/image/upload/f_auto,c_limit,w_300,q_auto/igashop/images/853827"
Cobs Microwave Popcorn Sea Salt 85g,$2.50,$2.94/100g,"https://cdn.metcash.media/image/upload/f_auto,c_limit,w_300,q_auto/igashop/images/301642"
Simply Clean Lemon Myrtle Floor Cleaner 1L,$11.40,$11.40/1L,"https://cdn.metcash.media/image/upload/f_auto,c_limit,w_300,q_auto/igashop/images/150000008102"
Lyndale Cage Eggs Jumbo 800g,$7.95,$0.99/100g,https://www.igashop.com.au/static/default-product-image.png
Birds Eye Sliced Green Beans 825g,$4.70,$0.57/100g,"https://cdn.metcash.media/image/upload/f_auto,c_limit,w_300,q_auto/igashop/images/180000005062"
Chickadees Chicken Snack 6 Pack,$3.50,$0.58 each,"https://cdn.metcash.media/image/upload/f_auto,c_limit,w_300,q_auto/igashop/images/20000002217"
Cornwell's Vinegar Malt 750mL,$3.50,$0.47/100mL,"https://cdn.metcash.media/image/upload/f_auto,c_limit,w_300,q_auto/igashop/images/36310"
Tyt Belgian Chocolate 170g,$5.35,$3.15/100g,"https://cdn.metcash.media/image/upload/f_auto,c_limit,w_300,q_auto/igashop/images/180000001513"
Dine Fresh And Fine Jelly Chicken Turkey And Poultry 300g,$6.30,$2.10/100g,"https://cdn.metcash.media/image/upload/f_auto,c_limit,w_300,q_auto/igashop/images/1800000068687"
Raw Mince Steak Pet Meats 800g,$9.75,$1.22/100g,"https://cdn.metcash.media/image/upload/f_auto,c_limit,w_300,q_auto/igashop/images/289879"
Arnott's Biscuits Yo Yo 250g,$3.35,$1.34/100g,"https://cdn.metcash.media/image/upload/f_auto,c_limit,w_300,q_auto/igashop/images/313877"
Dettol Antibacterial Disinfectant Surface Cleaning 45 Pack 45 Pack,$6.00,$0.13 each,"https://cdn.metcash.media/image/upload/f_auto,c_limit,w_300,q_auto/igashop/images/769557"
MasterFoods Tomato Sauce Squeezy Bottle 500mL,$4.20,$0.84/100mL,"https://cdn.metcash.media/image/upload/f_auto,c_limit,w_300,q_auto/igashop/images/375243"
Green's Jumbl'D Cinnamon Scroll Cookie Mix 520g,$5.50,$1.06/100g,"https://cdn.metcash.media/image/upload/f_auto,c_limit,w_300,q_auto/igashop/images/180000005562"
Glad Bag Handle Tie Lavender Medium 30 Pack,$4.15,$0.14 each,"https://cdn.metcash.media/image/upload/f_auto,c_limit,w_300,q_auto/igashop/images/490271"
Borg's SavouryFeta Pastizzi 625g,$7.50,$1.20/100g,"https://cdn.metcash.media/image/upload/f_auto,c_limit,w_300,q_auto/igashop/images/190000004299"
Glen 20 Spray Disinfectant All-In-One Country Scent 175g,$7.25,$4.14/100g,"https://cdn.metcash.media/image/upload/f_auto,c_limit,w_300,q_auto/igashop/images/458928"
Darlac Tool Expert Bypass Looper,$74.00,N/A,"https://cdn.metcash.media/image/upload/f_auto,c_limit,w_300,q_auto/igashop/images/874726"
Sunsilk Shampoo Addictive Brilliant Shine 200mL,$5.50,$2.75/100mL,"https://cdn.metcash.media/image/upload/f_auto,c_limit,w_300,q_auto/igashop/images/46792"
Marbig Check Ticket Book 4 Pack,$6.00,$1.50 each,"https://cdn.metcash.media/image/upload/f_auto,c_limit,w_300,q_auto/igashop/images/256567"
Primo Sous Vide Savoury Mince 2kg,$34.40,$17.20/kg,https://www.igashop.com.au/static/default-product-image.png
Surf Life Saving Sunscreen Sport Spray SPF 50+ 175g,$16.50,$9.43/100g,"https://cdn.metcash.media/image/upload/f_auto,c_limit,w_300,q_auto/igashop/images/160000013322"
Ecostore Baby Soap 80g,$3.30,$4.13/100g,"https://cdn.metcash.media/image/upload/f_auto,c_limit,w_300,q_auto/igashop/images/892350"
Glad Kitchen Tidy Wavetop Roll Medium 72 Pack,$7.00,$0.10 each,"https://cdn.metcash.media/image/upload/f_auto,c_limit,w_300,q_auto/igashop/images/395382"
Banana Boat Moisturising Sunscreen Lotion Spf50+ 200g,$11.00,$5.50/100g,https://www.igashop.com.au/static/default-product-image.png
John West Tuna Slices In Olive Oil Blend 125g,$3.95,$3.16/100g,"https://cdn.metcash.media/image/upload/f_auto,c_limit,w_300,q_auto/igashop/images/405624"
Mentos Confectionery Circus Fun 37.5g,$1.50,$4.00/100g,"https://cdn.metcash.media/image/upload/f_auto,c_limit,w_300,q_auto/igashop/images/488839"
Community Co Salt Grinder Sea 110g,$4.00,$3.64/100g,"https://cdn.metcash.media/image/upload/f_auto,c_limit,w_300,q_auto/igashop/images/20000006661"
Dairy Farmers Skim Milk Bottle 1L,$2.70,$2.70/1L,"https://cdn.metcash.media/image/upload/f_auto,c_limit,w_300,q_auto/igashop/images/908355"
Birds Eye Corn Fritters 500g,$7.30,$1.46/100g,"https://cdn.metcash.media/image/upload/f_auto,c_limit,w_300,q_auto/igashop/images/162331"
Arte in Forno Sfogliatine 225g,$7.95,$3.53/100g,"https://cdn.metcash.media/image/upload/f_auto,c_limit,w_300,q_auto/igashop/images/20000004198"
Baker's Oven Bread Wholemeal 700g,$3.95,$0.56/100g,"https://cdn.metcash.media/image/upload/f_auto,c_limit,w_300,q_auto/igashop/images/190000004747"
Peters Ice Cream No Added Sugar Creamy Vanilla 1.2L,$8.00,$6.67/1L,"https://cdn.metcash.media/image/upload/f_auto,c_limit,w_300,q_auto/igashop/images/103536"
Borg's Spinach & Ricotta Triangles 360g,$4.00,$1.11/100g,"https://cdn.metcash.media/image/upload/f_auto,c_limit,w_300,q_auto/igashop/images/180000000734"
Lawsons Traditional Wholemeal Bread 750g,$5.80,$0.77/100g,"https://cdn.metcash.media/image/upload/f_auto,c_limit,w_300,q_auto/igashop/images/839849"
Elastoplast Sensitive Assorted Pack 40 Pack,$6.00,$0.15 each,"https://cdn.metcash.media/image/upload/f_auto,c_limit,w_300,q_auto/igashop/images/170000004088"
Drunk Sailor Jalapeño & Tequila Relish 295g,$8.95,$3.03/100g,"https://cdn.metcash.media/image/upload/f_auto,c_limit,w_300,q_auto/igashop/images/190000001456"
Vitasoy Unsweetened Coconut Milk 1L,$3.30,$3.30/1L,"https://cdn.metcash.media/image/upload/f_auto,c_limit,w_300,q_auto/igashop/images/251423"
Polly Waffle Milk Chocolate Easter Egg 50g,$3.55,$7.10/100g,https://www.igashop.com.au/static/default-product-image.png
Mentos Pure Fresh Gum Strawberry Pocket Bottle 30g,$2.40,$8.00/100g,"https://cdn.metcash.media/image/upload/f_auto,c_limit,w_300,q_auto/igashop/images/947053"
Anna's Ginger Thins 150g,$3.50,$2.33/100g,"https://cdn.metcash.media/image/upload/f_auto,c_limit,w_300,q_auto/igashop/images/20000005776"
Black & Gold Baked Beans in Tomato Sauce 420g,$1.10,$0.26/100g,"https://cdn.metcash.media/image/upload/f_auto,c_limit,w_300,q_auto/igashop/images/400179"
Delucas Quiche Spinach & Feta 800g,$20.95,$2.62/100g,"https://cdn.metcash.media/image/upload/f_auto,c_limit,w_300,q_auto/igashop/images/977150"
Suimin Noodle Cup Curried Prawn 70g,$2.40,$3.43/100g,"https://cdn.metcash.media/image/upload/f_auto,c_limit,w_300,q_auto/igashop/images/640559"
Batchelors Original Mushy Peas 300g,$2.70,$0.90/100g,"https://cdn.metcash.media/image/upload/f_auto,c_limit,w_300,q_auto/igashop/images/899750"
L'Oréal Elnett Satin Normal Mini Hairspray 75mL,$5.60,$7.47/100mL,"https://cdn.metcash.media/image/upload/f_auto,c_limit,w_300,q_auto/igashop/images/92434"
Sukin Cleansing Hand Wash Bergamot & Patchouli Pump 500mL,$7.80,$1.56/100mL,"https://cdn.metcash.media/image/upload/f_auto,c_limit,w_300,q_auto/igashop/images/160000012503"
Maped Glitter Glue 9 Pack,$12.50,$1.39 each,"https://cdn.metcash.media/image/upload/f_auto,c_limit,w_300,q_auto/igashop/images/692475"
Lindt Gold Swiss Milk Hazelnut Chocolate Block 300g,$15.00,$5.00/100g,"https://cdn.metcash.media/image/upload/f_auto,c_limit,w_300,q_auto/igashop/images/20000000320"
Nobby's Peanuts 600g,$6.25,$1.04/100g,"https://cdn.metcash.media/image/upload/f_auto,c_limit,w_300,q_auto/igashop/images/613434"
Temptations Spoons Chicken And Cheese 40g,$5.00,$12.50/100g,https://www.igashop.com.au/static/default-product-image.png
Bushland Lemon Detergent 2L,$5.40,$2.70/1L,"https://cdn.metcash.media/image/upload/f_auto,c_limit,w_300,q_auto/igashop/images/64931"
Fab Fresh Blossoms Washing Powder Laundry Detergent 4kg,$16.50,$4.13/kg,"https://cdn.metcash.media/image/upload/f_auto,c_limit,w_300,q_auto/igashop/images/425734"
Virginian Ham Sliced 1kg,Final cost based on weight,$35.70/$35.70,"https://cdn.metcash.media/image/upload/f_auto,c_limit,w_300,q_auto/igashop/images/80072031"
Ricci Bikkies Baked Pita Bread Garlic Olive & Parmesan 120g,$7.95,$6.63/100g,"https://cdn.metcash.media/image/upload/f_auto,c_limit,w_300,q_auto/igashop/images/9429"
Mil Lel Parmesan Cheese Block 250g,$8.00,$3.20/100g,"https://cdn.metcash.media/image/upload/f_auto,c_limit,w_300,q_auto/igashop/images/128337"
Cadbury Favourites 520g,$22.00,$4.23/100g,"https://cdn.metcash.media/image/upload/f_auto,c_limit,w_300,q_auto/igashop/images/245582"
LifeStyles Ultimate Pleasures Condoms 10 Pack,$6.50,$0.65 each,"https://cdn.metcash.media/image/upload/f_auto,c_limit,w_300,q_auto/igashop/images/160000002369"
Cool Ridge Spring Water 1L,$2.75,$2.75/1L,"https://cdn.metcash.media/image/upload/f_auto,c_limit,w_300,q_auto/igashop/images/67146"
Nescafe Gold Original 400g,$26.00,$6.50/100g,"https://cdn.metcash.media/image/upload/f_auto,c_limit,w_300,q_auto/igashop/images/885010"
Powerade Grape 600mL,$2.70,$0.45/100mL,"https://cdn.metcash.media/image/upload/f_auto,c_limit,w_300,q_auto/igashop/images/180000004640"
Purina Supercoat Adult Small Dog Food Small Breed Chickeg 2.8kg,$15.00,$5.36/kg,"https://cdn.metcash.media/image/upload/f_auto,c_limit,w_300,q_auto/igashop/images/663191"
Sirena Italian Style Salad With Tuna 170g,$4.30,$2.53/100g,"https://cdn.metcash.media/image/upload/f_auto,c_limit,w_300,q_auto/igashop/images/945255"
Venerdi Gluten Freedom Fancier Sourdough Pizza Base 400g,$9.00,$2.25/100g,"https://cdn.metcash.media/image/upload/f_auto,c_limit,w_300,q_auto/igashop/images/20000002125"
Moosehead Shaping Clay 80g,$12.90,$16.13/100g,"https://cdn.metcash.media/image/upload/f_auto,c_limit,w_300,q_auto/igashop/images/160000014171"
Schick Hydro Razor 3 Kit,$11.00,N/A,"https://cdn.metcash.media/image/upload/f_auto,c_limit,w_300,q_auto/igashop/images/594957"
Continental Sensations Soup Thai Pumpkin & Coconut 62g,$3.50,$5.65/100g,"https://cdn.metcash.media/image/upload/f_auto,c_limit,w_300,q_auto/igashop/images/792398"
Youfoodz Hp Herbed Chicken & Pesto Pasta With Broccoli 390g,$11.95,$3.06/100g,https://www.igashop.com.au/static/default-product-image.png
Twinings Classics Earl Grey Tea Bags 100 Pack,$13.50,$0.14 each,"https://cdn.metcash.media/image/upload/f_auto,c_limit,w_300,q_auto/igashop/images/49779"
McCain Man Size Spaghetti Meatball 500g,$7.50,$1.50/100g,"https://cdn.metcash.media/image/upload/f_auto,c_limit,w_300,q_auto/igashop/images/190000002880"
Kellogg's Rice Bubbles 725g,$8.50,$1.17/100g,"https://cdn.metcash.media/image/upload/f_auto,c_limit,w_300,q_auto/igashop/images/334860"
Vegie Delights BBQ Sausages 300g,$6.75,$2.25/100g,"https://cdn.metcash.media/image/upload/f_auto,c_limit,w_300,q_auto/igashop/images/867122"
ZoOSh Free Range Egg Mayonnaise 350g,$4.90,$1.40/100g,"https://cdn.metcash.media/image/upload/f_auto,c_limit,w_300,q_auto/igashop/images/402566"
Cadbury Crunchie Gift Box 184g,$10.00,$5.43/100g,"https://cdn.metcash.media/image/upload/f_auto,c_limit,w_300,q_auto/igashop/images/442859"
My Dog Shredded Meals Chicken 6 Pack,$8.00,$1.33 each,"https://cdn.metcash.media/image/upload/f_auto,c_limit,w_300,q_auto/igashop/images/336210"
Clearasil Ultra Gel Wash 200mL,$14.00,$7.00/100mL,"https://cdn.metcash.media/image/upload/f_auto,c_limit,w_300,q_auto/igashop/images/310683"
Darrell Lea Triple Raspberry Chocolate Logs 110g,$1.50,$1.36/100g,https://www.igashop.com.au/static/default-product-image.png
"John West Protein+ Magnesium Tuna Bowls with Brown Rice, Chargrilled Corn, Black Beans, Lime & Chilli 170g",$3.80,$2.24/100g,"https://cdn.metcash.media/image/upload/f_auto,c_limit,w_300,q_auto/igashop/images/190000002309"
Noshu 99% Sugar Free Fudgy Brownies Mix 300g,$7.50,$2.50/100g,"https://cdn.metcash.media/image/upload/f_auto,c_limit,w_300,q_auto/igashop/images/190000005164"
Cancer Council Sensitive Sunscreen SPF50+ 110mL,$29.95,$27.23/100mL,"https://cdn.metcash.media/image/upload/f_auto,c_limit,w_300,q_auto/igashop/images/397088"
Barambah Organics Skim Milk 2L,$6.00,$3.00/1L,"https://cdn.metcash.media/image/upload/f_auto,c_limit,w_300,q_auto/igashop/images/677190"
Lipton Tea Black Tea Decaf 50 Pack,$7.00,$0.14 each,"https://cdn.metcash.media/image/upload/f_auto,c_limit,w_300,q_auto/igashop/images/20000001046"
Head And Shoulders Bare Soothing Hydration Anti Dandruff Shampoo 400mL,$23.00,$5.75/100mL,"https://cdn.metcash.media/image/upload/f_auto,c_limit,w_300,q_auto/igashop/images/1800000067613"
Ayam Sweet & Sour Sauce 210mL,$4.00,$1.90/100mL,"https://cdn.metcash.media/image/upload/f_auto,c_limit,w_300,q_auto/igashop/images/160000012205"
Handee Ultra Double Length Paper Towels 3 Pack,$7.95,$2.65 each,"https://cdn.metcash.media/image/upload/f_auto,c_limit,w_300,q_auto/igashop/images/963753"
Method Cleaner Daily Shower Spray Ylang 490mL,$5.00,$1.02/100mL,"https://cdn.metcash.media/image/upload/f_auto,c_limit,w_300,q_auto/igashop/images/726520"
Mersey Valley Cheese Little Entertainers Classic 80g,$4.50,$5.63/100g,"https://cdn.metcash.media/image/upload/f_auto,c_limit,w_300,q_auto/igashop/images/190000004081"
Schweppes Lemon & Lime with Natural Mineral Water 4 Pack,$7.00,$1.75 each,"https://cdn.metcash.media/image/upload/f_auto,c_limit,w_300,q_auto/igashop/images/383474"
Sellotape Sticky Tape Dispenser 18mmx25m,$3.95,N/A,"https://cdn.metcash.media/image/upload/f_auto,c_limit,w_300,q_auto/igashop/images/266054"
Mount Franklin Spring Water Bottle 1L,$2.60,$2.60/1L,"https://cdn.metcash.media/image/upload/f_auto,c_limit,w_300,q_auto/igashop/images/935912"
Cocobella Coconut Water Straight Up 375mL,$3.00,$0.80/100mL,"https://cdn.metcash.media/image/upload/f_auto,c_limit,w_300,q_auto/igashop/images/20000003505"
Slape & Sons Tasty Rissoles 480g,$7.45,$1.55/100g,"https://cdn.metcash.media/image/upload/f_auto,c_limit,w_300,q_auto/igashop/images/20000004960"
Banana Boat Sport Smartmist Sunscreen Spray Spf50+ 200mL,$28.00,$14.00/100mL,"https://cdn.metcash.media/image/upload/f_auto,c_limit,w_300,q_auto/igashop/images/1800000068733"
Eveready Gold AA Batteries 16 Pack,$12.05,$0.75 each,https://www.igashop.com.au/static/default-product-image.png
Passage To Asia Satay Chicken Stir Fry Sauce 200g,$3.80,$1.90/100g,"https://cdn.metcash.media/image/upload/f_auto,c_limit,w_300,q_auto/igashop/images/190000001714"
Oatly Organic Creamy Oat 250mL,$3.50,$1.40/100mL,"https://cdn.metcash.media/image/upload/f_auto,c_limit,w_300,q_auto/igashop/images/20000000317"
Leggo's Eat Well Prebiotic Tomato & Basil 500g,$5.00,$1.00/100g,"https://cdn.metcash.media/image/upload/f_auto,c_limit,w_300,q_auto/igashop/images/224120"
Remedy Drinks Mango Passionfruit Kombucha 4 Pack,$7.00,$1.75 each,"https://cdn.metcash.media/image/upload/f_auto,c_limit,w_300,q_auto/igashop/images/190000002945"
Pinsa Di Roma Pizza Base 230g,$5.20,$2.26/100g,"https://cdn.metcash.media/image/upload/f_auto,c_limit,w_300,q_auto/igashop/images/1800000067950"
Blackmores Mega B Complex 75 Pack,$22.50,$0.30 each,"https://cdn.metcash.media/image/upload/f_auto,c_limit,w_300,q_auto/igashop/images/354315"
Philips LED Stick Globe 9.5W BC Warm White,$12.00,N/A,"https://cdn.metcash.media/image/upload/f_auto,c_limit,w_300,q_auto/igashop/images/723056"
Zyrtec Mini Tablets 10mg 5 Pack,$7.00,$1.40 each,"https://cdn.metcash.media/image/upload/f_auto,c_limit,w_300,q_auto/igashop/images/387902"
Dine Fresh & Fine In Gravy With Chicken & With Turkey 6 Pack,$6.30,$1.05 each,"https://cdn.metcash.media/image/upload/f_auto,c_limit,w_300,q_auto/igashop/images/415433"
Cadbury Dairy Milk Bar Hazelnut 340g,$8.50,$2.50/100g,"https://cdn.metcash.media/image/upload/f_auto,c_limit,w_300,q_auto/igashop/images/180000006311"
Banana Boat Sport Sunscreen Spray SPF 50+ 175g,$24.00,$13.71/100g,"https://cdn.metcash.media/image/upload/f_auto,c_limit,w_300,q_auto/igashop/images/407168"
Youfoodz Blue Tropics Juice 350mL,$4.40,$1.26/100mL,"https://cdn.metcash.media/image/upload/f_auto,c_limit,w_300,q_auto/igashop/images/180000006566"
Yarra Valley Hilltop Premium Tomato Sauce 250mL,$4.70,$1.88/100mL,https://www.igashop.com.au/static/default-product-image.png
Cadbury Moro 50g,$3.00,$6.00/100g,"https://cdn.metcash.media/image/upload/f_auto,c_limit,w_300,q_auto/igashop/images/624105"
Community Co Beef Scotch Steak 250g,$13.75,$5.50/100g,"https://cdn.metcash.media/image/upload/f_auto,c_limit,w_300,q_auto/igashop/images/180000002051"
Handy Food Mini Iced Cupcake 12 Pack,$7.65,$0.64 each,"https://cdn.metcash.media/image/upload/f_auto,c_limit,w_300,q_auto/igashop/images/766936"
Oral-B Toothbrush Battery Kids,$12.00,N/A,"https://cdn.metcash.media/image/upload/f_auto,c_limit,w_300,q_auto/igashop/images/522329"
Creative Foods Garlic Bread Two Pack 500g,$4.95,$0.99/100g,"https://cdn.metcash.media/image/upload/f_auto,c_limit,w_300,q_auto/igashop/images/574648"
Murine Eye Drops Tears For Eyes 15mL,$8.80,$58.67/100mL,"https://cdn.metcash.media/image/upload/f_auto,c_limit,w_300,q_auto/igashop/images/687959"
Chupa Chups Incredible Chew Confectionery Green Apple 45g,$1.50,$3.33/100g,https://www.igashop.com.au/static/default-product-image.png
Ferrero Rocher Raffaello T3 Chocolate Pack 3 Pack,$2.70,$0.90 each,"https://cdn.metcash.media/image/upload/f_auto,c_limit,w_300,q_auto/igashop/images/316451"
Belladotti Salad Toppers Crispy Onion 90g,$1.90,$2.11/100g,"https://cdn.metcash.media/image/upload/f_auto,c_limit,w_300,q_auto/igashop/images/160000017983"
Thankyou Botanical Body Wash Geranium & Rosewood 500mL,$10.95,$2.19/100mL,https://www.igashop.com.au/static/default-product-image.png
Lemnos Haloumi Organic Cheese 180g,$6.60,$3.67/100g,"https://cdn.metcash.media/image/upload/f_auto,c_limit,w_300,q_auto/igashop/images/991057"
Celery Pieces 500g,Final cost based on weight,$2.25/$4.50,"https://cdn.metcash.media/image/upload/f_auto,c_limit,w_300,q_auto/igashop/images/80060110"
SunRice Quick Cups Microwave Long Grain White Rice 250g,$2.10,$0.84/100g,"https://cdn.metcash.media/image/upload/f_auto,c_limit,w_300,q_auto/igashop/images/56967"
Purina One Kitten Pet Food Chicken Multipack 70g,$17.00,$24.29/100g,"https://cdn.metcash.media/image/upload/f_auto,c_limit,w_300,q_auto/igashop/images/695151"
Schwarzkopf Live Colour Pastels Cool Grey 75mL,$10.50,$14.00/100mL,"https://cdn.metcash.media/image/upload/f_auto,c_limit,w_300,q_auto/igashop/images/577578"
Lindor Tablet Milk 100g,$8.50,$8.50/100g,https://www.igashop.com.au/static/default-product-image.png
Bonds Explorer Socks Mens Black Size 11-14,$8.00,N/A,"https://cdn.metcash.media/image/upload/f_auto,c_limit,w_300,q_auto/igashop/images/210951"
Bulldog Original Beard Oil 30mL,$16.00,$53.33/100mL,"https://cdn.metcash.media/image/upload/f_auto,c_limit,w_300,q_auto/igashop/images/160000011100"
Dynamo Professional 7 In 1 Capsules 29 Pack,$14.50,$0.50 each,https://www.igashop.com.au/static/default-product-image.png
Community Gardens The Chicago Red Hot Jalapenos Hot Sauce 140g,$3.75,$2.68/100g,"https://cdn.metcash.media/image/upload/f_auto,c_limit,w_300,q_auto/igashop/images/160000013591"
MasterFoods Rosemary Leaves 16g,$3.50,$21.88/100g,"https://cdn.metcash.media/image/upload/f_auto,c_limit,w_300,q_auto/igashop/images/363767"
Cadbury Mini Egg Bag 125g,$7.50,$6.00/100g,"https://cdn.metcash.media/image/upload/f_auto,c_limit,w_300,q_auto/igashop/images/171136"
Life Savers Musk & Raspberry Milk Chocolate Block 160g,$3.00,$1.88/100g,"https://cdn.metcash.media/image/upload/f_auto,c_limit,w_300,q_auto/igashop/images/153748"
Stoneybrook Mango Cubes 1kg,$14.95,$14.95/kg,"https://cdn.metcash.media/image/upload/f_auto,c_limit,w_300,q_auto/igashop/images/190000004071"
No Vac Foam Carpet Sanitiser & Deodoriser Linen Breeze 290g,$6.50,$2.24/100g,"https://cdn.metcash.media/image/upload/f_auto,c_limit,w_300,q_auto/igashop/images/67926"
Cleaver's Organic Beef Hot Dogs 275g,$10.50,$3.82/100g,"https://cdn.metcash.media/image/upload/f_auto,c_limit,w_300,q_auto/igashop/images/926620"
Arnott's Chocolate Monte 200g,$2.75,$1.38/100g,"https://cdn.metcash.media/image/upload/f_auto,c_limit,w_300,q_auto/igashop/images/308945"
VitaPet JH Dog Treats Milky Sticks 400g,$20.00,$5.00/100g,"https://cdn.metcash.media/image/upload/f_auto,c_limit,w_300,q_auto/igashop/images/947875"
Tetley Green Tea Bags 100 Pack,$9.00,$0.09 each,"https://cdn.metcash.media/image/upload/f_auto,c_limit,w_300,q_auto/igashop/images/47989"
Comfort Amber and Rose Fabric Conditioner 900mL,$10.00,$1.11/100mL,"https://cdn.metcash.media/image/upload/f_auto,c_limit,w_300,q_auto/igashop/images/20000004990"
Coca-Cola Zero Sugar Soft Drink Bottle 1.25L,$2.50,$2.00/1L,"https://cdn.metcash.media/image/upload/f_auto,c_limit,w_300,q_auto/igashop/images/848631"
MasterFoods Herbs & Spices Chilli Flakes 18g,$3.50,$19.44/100g,"https://cdn.metcash.media/image/upload/f_auto,c_limit,w_300,q_auto/igashop/images/445399"
Comfort Fabric Conditioner Paris 800mL,$4.50,$0.56/100mL,"https://cdn.metcash.media/image/upload/f_auto,c_limit,w_300,q_auto/igashop/images/180000006267"
Nestle Kit Kat Chocolate Aero Milk Chocolate 155g,$7.50,$4.84/100g,"https://cdn.metcash.media/image/upload/f_auto,c_limit,w_300,q_auto/igashop/images/1800000068051"
Impressed Essentials Green Supreme Juice 425mL,$3.00,$0.71/100mL,"https://cdn.metcash.media/image/upload/f_auto,c_limit,w_300,q_auto/igashop/images/180000003598"
Ziploc Storage Bags Large 12 Pack,$4.55,$0.38 each,"https://cdn.metcash.media/image/upload/f_auto,c_limit,w_300,q_auto/igashop/images/260150"
Norsca Body Mist Watermelon Sorbet 200mL,$10.00,$5.00/100mL,https://www.igashop.com.au/static/default-product-image.png
V Energy Drink Strawberries And Cream Zero Sugar 250mL,$2.65,$1.06/100mL,"https://cdn.metcash.media/image/upload/f_auto,c_limit,w_300,q_auto/igashop/images/1800000068152"
Natures Gift Wet Dog Food Five Meats 1.2kg,$3.80,$3.17/kg,https://www.igashop.com.au/static/default-product-image.png
GLOBUS Cucumbers Polish Dill 680g,$3.70,$0.54/100g,"https://cdn.metcash.media/image/upload/f_auto,c_limit,w_300,q_auto/igashop/images/489319"
Leggo's Tomato Paste No Added Salt 390g,$4.50,$1.15/100g,"https://cdn.metcash.media/image/upload/f_auto,c_limit,w_300,q_auto/igashop/images/494924"
Medix Cold & Flu Day and Night Tablets 24 Pack,$14.30,$0.60 each,"https://cdn.metcash.media/image/upload/f_auto,c_limit,w_300,q_auto/igashop/images/160000013357"
DON Ham Leg Honey Roasted Shaved 250g,$6.90,$2.76/100g,"https://cdn.metcash.media/image/upload/f_auto,c_limit,w_300,q_auto/igashop/images/127323"
British Bacon Back Smoked 200g,$7.00,$3.50/100g,"https://cdn.metcash.media/image/upload/f_auto,c_limit,w_300,q_auto/igashop/images/826838"
Community Co White Semolina Sourdough Sliced 630g,$8.65,$1.37/100g,"https://cdn.metcash.media/image/upload/f_auto,c_limit,w_300,q_auto/igashop/images/319640"
Samboy Potato Chips Max Spicy Burger Sauce 150g,$4.00,$2.67/100g,https://www.igashop.com.au/static/default-product-image.png
Food Guru Anti-Bacterial Chopping Board Large,$10.99,N/A,"https://cdn.metcash.media/image/upload/f_auto,c_limit,w_300,q_auto/igashop/images/832897"
Tyrrell's Chips Lightly Salted 165g,$3.80,$2.30/100g,"https://cdn.metcash.media/image/upload/f_auto,c_limit,w_300,q_auto/igashop/images/675208"
PI Fresh Belgian Chocolate Cheesecake Slices 220g,$8.15,$3.70/100g,https://www.igashop.com.au/static/default-product-image.png
SunRice Risotto Style Rice 750g,$3.00,$0.40/100g,"https://cdn.metcash.media/image/upload/f_auto,c_limit,w_300,q_auto/igashop/images/557476"
Pauls Buttermilk 600mL,$3.50,$0.58/100mL,"https://cdn.metcash.media/image/upload/f_auto,c_limit,w_300,q_auto/igashop/images/160000014080"
Harris Coffee Beans Strong 1kg,$37.00,$37.00/kg,"https://cdn.metcash.media/image/upload/f_auto,c_limit,w_300,q_auto/igashop/images/858241"
John West Salmon Fillets with Soy and Ginger 100g,$2.00,$2.00/100g,"https://cdn.metcash.media/image/upload/f_auto,c_limit,w_300,q_auto/igashop/images/180000003431"
Sard Ultra Whitening Stain Remover Powder 3kg,$14.40,$4.80/kg,"https://cdn.metcash.media/image/upload/f_auto,c_limit,w_300,q_auto/igashop/images/678117"
Cadbury Marshmallow Eggs Milk Chocolate 325g,$9.50,$2.92/100g,"https://cdn.metcash.media/image/upload/f_auto,c_limit,w_300,q_auto/igashop/images/190000009675"
Harris Very Strong Coffee Beans 1kg,$37.00,$37.00/kg,"https://cdn.metcash.media/image/upload/f_auto,c_limit,w_300,q_auto/igashop/images/160000011801"
Sandhurst Olives Pitted Kalamata 300g,$3.65,$1.22/100g,https://www.igashop.com.au/static/default-product-image.png
Tiny Capsicums 175g,$5.95,$3.40/100g,https://www.igashop.com.au/static/default-product-image.png
Baked Provisions Steak Chilli Pie 420g,$8.50,$2.02/100g,"https://cdn.metcash.media/image/upload/f_auto,c_limit,w_300,q_auto/igashop/images/20000000576"
Harpic Power Plus Toilet Cleaner Marine Explosion 700mL,$10.20,$1.46/100mL,"https://cdn.metcash.media/image/upload/f_auto,c_limit,w_300,q_auto/igashop/images/256143"
Beyond Meat Plant Based Burger Patties 2 Pack,$11.00,$5.50 each,"https://cdn.metcash.media/image/upload/f_auto,c_limit,w_300,q_auto/igashop/images/456298"
Kewpie Mayonnaise 300g,$5.50,$1.83/100g,"https://cdn.metcash.media/image/upload/f_auto,c_limit,w_300,q_auto/igashop/images/836231"
Latina Ravioli Roast Chicken And Garlic 625g,$11.00,$1.76/100g,"https://cdn.metcash.media/image/upload/f_auto,c_limit,w_300,q_auto/igashop/images/110672"
"Peckish Fancies Zingy Jalapeno, Chilli and Cheddar 90g",$3.20,$3.56/100g,"https://cdn.metcash.media/image/upload/f_auto,c_limit,w_300,q_auto/igashop/images/160000000851"
Indomie Satay 5 Pack,$3.95,$0.79 each,"https://cdn.metcash.media/image/upload/f_auto,c_limit,w_300,q_auto/igashop/images/835382__1_"
Birds Eye Fish Fingers 375g,$6.50,$1.73/100g,"https://cdn.metcash.media/image/upload/f_auto,c_limit,w_300,q_auto/igashop/images/109626"
Ultimates Indulge With Beef Casserole With Vegetables 400g,$2.65,$0.66/100g,"https://cdn.metcash.media/image/upload/f_auto,c_limit,w_300,q_auto/igashop/images/160000005572"
Bakers Oven Hamburger Rolls 6 Pack,$4.30,$0.72 each,"https://cdn.metcash.media/image/upload/f_auto,c_limit,w_300,q_auto/igashop/images/577730"
Cottee's Cordial Coola Cordial 1L,$2.75,$2.75/1L,https://www.igashop.com.au/static/default-product-image.png
Robert Timms Coffee Bags Italian Espresso 28 Pack,$10.00,$0.36 each,"https://cdn.metcash.media/image/upload/f_auto,c_limit,w_300,q_auto/igashop/images/93485"
Purina Total Care Oinker Toy,$9.39,N/A,"https://cdn.metcash.media/image/upload/f_auto,c_limit,w_300,q_auto/igashop/images/709078"
Diegos Gowell Lower Carb Wrap 400g,$6.75,$1.69/100g,"https://cdn.metcash.media/image/upload/f_auto,c_limit,w_300,q_auto/igashop/images/190000004275"
Helga's Light Rye Loaf 680g,$5.20,$0.76/100g,"https://cdn.metcash.media/image/upload/f_auto,c_limit,w_300,q_auto/igashop/images/475069"
Mutti Tomato Paste Double Concentrate 130g,$2.40,$1.85/100g,"https://cdn.metcash.media/image/upload/f_auto,c_limit,w_300,q_auto/igashop/images/190000001461"
Sabco Domed Cobweb Broom,$10.50,N/A,"https://cdn.metcash.media/image/upload/f_auto,c_limit,w_300,q_auto/igashop/images/704544"
Leggo's Stir Through Chargrilled Vegetables 350g,$5.30,$1.51/100g,"https://cdn.metcash.media/image/upload/f_auto,c_limit,w_300,q_auto/igashop/images/615334"
"Palmolive Body Butter Coconut & Jojoba Body Wash, Exfoliating Scrub with Real Fruit Seeds 400mL",$4.50,$1.13/100mL,"https://cdn.metcash.media/image/upload/f_auto,c_limit,w_300,q_auto/igashop/images/5186"
Remedy Kombucha Pink Lady 330mL,$2.50,$0.76/100mL,"https://cdn.metcash.media/image/upload/f_auto,c_limit,w_300,q_auto/igashop/images/20000004547"
Colgate Tooth Brush Optic White Renewal Super Soft 2 Pack,$10.00,$5.00 each,"https://cdn.metcash.media/image/upload/f_auto,c_limit,w_300,q_auto/igashop/images/536072"
Ocean Harvest Tuna Lemon & Pepper 95g,$0.95,$1.00/100g,"https://cdn.metcash.media/image/upload/f_auto,c_limit,w_300,q_auto/igashop/images/440624"
Coopers Birell Ultra Light Bottles 6 Pack,$9.50,$1.58 each,"https://cdn.metcash.media/image/upload/f_auto,c_limit,w_300,q_auto/igashop/images/365701"
Maesri Paste Masaman Curry 114g,$3.30,$2.89/100g,"https://cdn.metcash.media/image/upload/f_auto,c_limit,w_300,q_auto/igashop/images/20000005283"
Dare Iced Coffee Double Espresso Oat 400mL,$4.15,$1.04/100mL,"https://cdn.metcash.media/image/upload/f_auto,c_limit,w_300,q_auto/igashop/images/577138"
Pasta Master Beef Lasagne 1.3kg,$17.00,$13.08/kg,"https://cdn.metcash.media/image/upload/f_auto,c_limit,w_300,q_auto/igashop/images/122129"
Garlic Bulb,$4.90,N/A,"https://cdn.metcash.media/image/upload/f_auto,c_limit,w_300,q_auto/igashop/images/80050032"
Arnott's Savoy Original 225g,$4.00,$1.78/100g,"https://cdn.metcash.media/image/upload/f_auto,c_limit,w_300,q_auto/igashop/images/305007"
Nando's Peri Peri Rub Lemon & Herb 25g,$3.50,$14.00/100g,"https://cdn.metcash.media/image/upload/f_auto,c_limit,w_300,q_auto/igashop/images/358018"
Ben & Jerry's Ice Cream Marshmallow And Smores Sundae 427mL,$14.50,$3.40/100mL,"https://cdn.metcash.media/image/upload/f_auto,c_limit,w_300,q_auto/igashop/images/699930"
Capilano 340G Round Chilli Honey Squeeze 340g,$8.00,$2.35/100g,https://www.igashop.com.au/static/default-product-image.png
The Happy Muffin Co Mini Chocolate Chip 8 Pack,$4.50,$0.56 each,"https://cdn.metcash.media/image/upload/f_auto,c_limit,w_300,q_auto/igashop/images/895337"
Rafferty's Garden Happy Nurture Immunity Berries Pear & Oats 12M+ 120g,$2.50,$2.08/100g,https://www.igashop.com.au/static/default-product-image.png
Listerine Total Care Zero Alcohol Mouthwash 500mL,$5.00,$1.00/100mL,"https://cdn.metcash.media/image/upload/f_auto,c_limit,w_300,q_auto/igashop/images/762987"
Aunt Betty's Plum Pudding With Brandy 220g,$2.50,$1.14/100g,https://www.igashop.com.au/static/default-product-image.png
U By Kotex Feminine Pad Zero Regular Wing 12 Pack,$5.60,$0.47 each,"https://cdn.metcash.media/image/upload/f_auto,c_limit,w_300,q_auto/igashop/images/180000006387"
Lindt Excellence Intense Mint 100g,$4.95,$4.95/100g,"https://cdn.metcash.media/image/upload/f_auto,c_limit,w_300,q_auto/igashop/images/611966"
Wimmers Lime Cooler Bottle 1.25L,$3.90,$3.12/1L,"https://cdn.metcash.media/image/upload/f_auto,c_limit,w_300,q_auto/igashop/images/190000004553"
Nestlé Bakers' Choice White Choc Melt 290g,$6.00,$2.07/100g,"https://cdn.metcash.media/image/upload/f_auto,c_limit,w_300,q_auto/igashop/images/625766"
Nice Rice Brown 250g,$4.00,$1.60/100g,https://www.igashop.com.au/static/default-product-image.png
Mainland Edam Cheese 250g,$7.00,$2.80/100g,"https://cdn.metcash.media/image/upload/f_auto,c_limit,w_300,q_auto/igashop/images/109634"
Connoisseur Café Grande Ice Creams 360mL,$5.50,$1.53/100mL,"https://cdn.metcash.media/image/upload/f_auto,c_limit,w_300,q_auto/igashop/images/180000003300"
Hercules Click Zip Resealable Sandwich Bags 40 Pack,$2.00,$0.05 each,"https://cdn.metcash.media/image/upload/f_auto,c_limit,w_300,q_auto/igashop/images/20000003808"
Lowan Yeast Dried Instant 280g,$4.80,$1.71/100g,"https://cdn.metcash.media/image/upload/f_auto,c_limit,w_300,q_auto/igashop/images/79473"
Sukin Botanical Body Wash Bergamot & Patchouli 500mL,$7.80,$1.56/100mL,"https://cdn.metcash.media/image/upload/f_auto,c_limit,w_300,q_auto/igashop/images/160000012504"
Maille Dijon Mustard with Honey 230g,$5.75,$2.50/100g,"https://cdn.metcash.media/image/upload/f_auto,c_limit,w_300,q_auto/igashop/images/20000003076"
McCain Dinner Lamb Cutlet & Gravy 320g,$7.50,$2.34/100g,"https://cdn.metcash.media/image/upload/f_auto,c_limit,w_300,q_auto/igashop/images/109773"
Carefree Panty Liners Regular 30 Pack,$2.75,$0.09 each,"https://cdn.metcash.media/image/upload/f_auto,c_limit,w_300,q_auto/igashop/images/660402"
Aveeno Daily Moisturising Lotion 71mL,$5.50,$7.75/100mL,"https://cdn.metcash.media/image/upload/f_auto,c_limit,w_300,q_auto/igashop/images/38595"
Ever Eco Stainless Steel Containers 3 Pack,$32.95,$10.98 each,https://www.igashop.com.au/static/default-product-image.png
Schick Xtreme 3 Sensitive Disposable Razor 4 Pack,$7.00,$1.75 each,"https://cdn.metcash.media/image/upload/f_auto,c_limit,w_300,q_auto/igashop/images/323178"
MasterFoods Taco Seasoning 143g,$6.50,$4.55/100g,"https://cdn.metcash.media/image/upload/f_auto,c_limit,w_300,q_auto/igashop/images/160000000164"
Happy Cow Cheese Portions 140g,$4.50,$3.21/100g,"https://cdn.metcash.media/image/upload/f_auto,c_limit,w_300,q_auto/igashop/images/100334"
Lynx Black Night Deodorant Bodyspray 165mL,$4.00,$2.42/100mL,"https://cdn.metcash.media/image/upload/f_auto,c_limit,w_300,q_auto/igashop/images/747330"
Nature's Gift Adult All Breeds Wet Dog Food Loaf Prime Beef In Gravy 6 Pack,$7.50,$1.25 each,"https://cdn.metcash.media/image/upload/f_auto,c_limit,w_300,q_auto/igashop/images/180000001129"
Majans Bhuja Original Mix 50g,$3.40,$6.80/100g,"https://cdn.metcash.media/image/upload/f_auto,c_limit,w_300,q_auto/igashop/images/245862"
Jacob's Wafers Cappuccino 370g,$4.00,$1.08/100g,https://www.igashop.com.au/static/default-product-image.png
Coca-Cola Zero Sugar Caffeine Free Soft Drink Multipack can 10 Pack,$10.50,$1.05 each,"https://cdn.metcash.media/image/upload/f_auto,c_limit,w_300,q_auto/igashop/images/178418"
Pepsi Max No Sugar Vanilla Soda Bottle 600mL,$4.00,$0.67/100mL,"https://cdn.metcash.media/image/upload/f_auto,c_limit,w_300,q_auto/igashop/images/766635"
Life Savers White Chocolate Lemon Balls 120g,$4.50,$3.75/100g,"https://cdn.metcash.media/image/upload/f_auto,c_limit,w_300,q_auto/igashop/images/153743"
Cadbury Cherry Ripe 52g,$2.50,$4.81/100g,"https://cdn.metcash.media/image/upload/f_auto,c_limit,w_300,q_auto/igashop/images/386993"
Community Co Goat Milk & Lemon Myrtle Soap 2 Pack,$3.40,$1.70 each,"https://cdn.metcash.media/image/upload/f_auto,c_limit,w_300,q_auto/igashop/images/847193"
Pringles BBQ Stacked Potato Chips 134g,$3.50,$2.61/100g,"https://cdn.metcash.media/image/upload/f_auto,c_limit,w_300,q_auto/igashop/images/636602"
Bundaberg Brown Sugar 1kg,$3.45,$3.45/kg,"https://cdn.metcash.media/image/upload/f_auto,c_limit,w_300,q_auto/igashop/images/305874"
Oreo Original Seasonal Pack 131g,$2.00,$1.53/100g,https://www.igashop.com.au/static/default-product-image.png
Zooper Dooper Water Ice Carnival 70mL,$3.60,$5.14/100mL,"https://cdn.metcash.media/image/upload/f_auto,c_limit,w_300,q_auto/igashop/images/1800000068884"
Masterfoods Herbs And Spices Turmeric Ground 34g,$3.50,$10.29/100g,"https://cdn.metcash.media/image/upload/f_auto,c_limit,w_300,q_auto/igashop/images/180000005696"
Ozkleen Shower Power Trigger 500mL,$7.35,$1.47/100mL,"https://cdn.metcash.media/image/upload/f_auto,c_limit,w_300,q_auto/igashop/images/470310"
Bush Honey Yellow Box 500g,$10.50,$2.10/100g,"https://cdn.metcash.media/image/upload/f_auto,c_limit,w_300,q_auto/igashop/images/20000006643"
Maggi 2 Minute Noodles Chicken 4 Pack,$4.75,$1.19 each,"https://cdn.metcash.media/image/upload/f_auto,c_limit,w_300,q_auto/igashop/images/546454"
Love'em Puppy Rewards 200g,$7.00,$3.50/100g,"https://cdn.metcash.media/image/upload/f_auto,c_limit,w_300,q_auto/igashop/images/160000000432"
Black & Gold BBQ Foil Tray 6 Pack,$3.00,$0.50 each,"https://cdn.metcash.media/image/upload/f_auto,c_limit,w_300,q_auto/igashop/images/190000010072"
International Roast Instant Coffee 100g,$4.50,$4.50/100g,"https://cdn.metcash.media/image/upload/f_auto,c_limit,w_300,q_auto/igashop/images/10746"
"Depend Real Fit For Women Underwear, Heavy Absorbency, Large 8 Pack",$13.20,$1.65 each,"https://cdn.metcash.media/image/upload/f_auto,c_limit,w_300,q_auto/igashop/images/228828"
Duck Toilet Fresh Disc Marine 36mL,$5.00,$13.89/100mL,"https://cdn.metcash.media/image/upload/f_auto,c_limit,w_300,q_auto/igashop/images/840683"
Cold Power Odour Fighter Laundry Triple Capsules 364g,$12.00,$3.30/100g,"https://cdn.metcash.media/image/upload/f_auto,c_limit,w_300,q_auto/igashop/images/628146"
Gippsland Dairy Crafted Yogurt Peach & Raspberry 150g,$4.00,$2.67/100g,"https://cdn.metcash.media/image/upload/f_auto,c_limit,w_300,q_auto/igashop/images/180000006175"
Suncoast Gold Macadamia Unsweetened Long Life Milk 1L,$5.30,$5.30/1L,"https://cdn.metcash.media/image/upload/f_auto,c_limit,w_300,q_auto/igashop/images/7193"
Carrots Prepack 1kg,$1.70,N/A,"https://cdn.metcash.media/image/upload/f_auto,c_limit,w_300,q_auto/igashop/images/80050117"
Cheezels Snacks Chicken Box 125g,$3.50,$2.80/100g,"https://cdn.metcash.media/image/upload/f_auto,c_limit,w_300,q_auto/igashop/images/717830_1"
Heinz Baby Basics Weaning Spoons 2 Pack,$5.40,$2.70 each,"https://cdn.metcash.media/image/upload/f_auto,c_limit,w_300,q_auto/igashop/images/761871"
INGHAM'S Turkey Breast Roast Traditional 1kg,$16.00,$16.00/kg,"https://cdn.metcash.media/image/upload/f_auto,c_limit,w_300,q_auto/igashop/images/135928"
Swizzels Squashies Squeletons 120g,$4.60,$3.83/100g,https://www.igashop.com.au/static/default-product-image.png
Atkins Day Break Sea Salt Caramel Crisp 5 Pack,$15.30,$3.06 each,"https://cdn.metcash.media/image/upload/f_auto,c_limit,w_300,q_auto/igashop/images/590144"
Whiskas Adult Wet Cat Food Beef Loaf 400g,$1.85,$0.46/100g,"https://cdn.metcash.media/image/upload/f_auto,c_limit,w_300,q_auto/igashop/images/346561"
Mountain Dew Citrus Energised Soft Drink 1.25L,$3.50,$2.80/1L,"https://cdn.metcash.media/image/upload/f_auto,c_limit,w_300,q_auto/igashop/images/996311"
Schweppes Traditionals Raspberry 600mL,$3.75,$0.63/100mL,"https://cdn.metcash.media/image/upload/f_auto,c_limit,w_300,q_auto/igashop/images/306951"
Always Fresh Grissini Crispbread Sesame And Sea Salt 125g,$4.50,$3.60/100g,"https://cdn.metcash.media/image/upload/f_auto,c_limit,w_300,q_auto/igashop/images/452956"
Poise Pad Adultcare Poise Livefree Super Wing 12 Pack,$4.85,$0.40 each,"https://cdn.metcash.media/image/upload/f_auto,c_limit,w_300,q_auto/igashop/images/1800000067791"
So Good Dairy Substitute Almond Milk Extra Creamy 1L,$3.00,$3.00/1L,"https://cdn.metcash.media/image/upload/f_auto,c_limit,w_300,q_auto/igashop/images/180000006324"
Black & Gold Environmentally Friendly Firelighters 28 Pack,$4.20,$0.15 each,"https://cdn.metcash.media/image/upload/f_auto,c_limit,w_300,q_auto/igashop/images/207746"
Beerenberg Australian Red Currant Jelly 195g,$5.00,$2.56/100g,"https://cdn.metcash.media/image/upload/f_auto,c_limit,w_300,q_auto/igashop/images/887664"
Milky Way Chocolate Bar With Lightly Whipped Nougat 22g,$0.85,$3.86/100g,"https://cdn.metcash.media/image/upload/f_auto,c_limit,w_300,q_auto/igashop/images/180000000774"
Black & Gold Smoked Oysters 100g,$2.20,$2.20/100g,"https://cdn.metcash.media/image/upload/f_auto,c_limit,w_300,q_auto/igashop/images/314132"
KB's Cooked Garlic Prawns 500g,$19.50,$3.90/100g,"https://cdn.metcash.media/image/upload/f_auto,c_limit,w_300,q_auto/igashop/images/20000004953"
Smith's Chips Snack Mix Variety Multipack 20 Pack,$8.00,$0.40 each,"https://cdn.metcash.media/image/upload/f_auto,c_limit,w_300,q_auto/igashop/images/702592"
Snowdonia Beechwood Smoked Cheddar 150g,$9.50,$6.33/100g,"https://cdn.metcash.media/image/upload/f_auto,c_limit,w_300,q_auto/igashop/images/190000002032"
Continental Cup A Soup Creamy Garden Vegetable 2 Pack,$2.80,$1.40 each,"https://cdn.metcash.media/image/upload/f_auto,c_limit,w_300,q_auto/igashop/images/361456"
Yumi's Aioli Chilli 200g,$3.95,$1.98/100g,"https://cdn.metcash.media/image/upload/f_auto,c_limit,w_300,q_auto/igashop/images/965946"
MasterFoods Butter Chicken Recipe Base Stove Top Pouch 175g,$2.70,$1.54/100g,"https://cdn.metcash.media/image/upload/f_auto,c_limit,w_300,q_auto/igashop/images/26103"
Cottee's Zero Sugar Cordial Raspberry 1L,$5.50,$5.50/1L,"https://cdn.metcash.media/image/upload/f_auto,c_limit,w_300,q_auto/igashop/images/1600000011301"
Raguletto Napolitana Sauce 500g,$2.70,$0.54/100g,"https://cdn.metcash.media/image/upload/f_auto,c_limit,w_300,q_auto/igashop/images/20000006769"
Cottee's Cordial Fruit Cup 1L,$5.50,$5.50/1L,"https://cdn.metcash.media/image/upload/f_auto,c_limit,w_300,q_auto/igashop/images/64059"
Betty Crocker Triple Chocolate Fudge Brownie Mix 500g,$3.50,$0.70/100g,"https://cdn.metcash.media/image/upload/f_auto,c_limit,w_300,q_auto/igashop/images/408402"
John West Protein+ Calcium Rich Tuna Springwater 90g,$2.00,$2.22/100g,"https://cdn.metcash.media/image/upload/f_auto,c_limit,w_300,q_auto/igashop/images/190000002305"
Aunt Betty's Chocolate Steamy Puds 2 Pack,$4.90,$2.45 each,"https://cdn.metcash.media/image/upload/f_auto,c_limit,w_300,q_auto/igashop/images/794125"
Trident Instant Soup Thai Chicken Tom Yum 60g,$2.80,$4.67/100g,"https://cdn.metcash.media/image/upload/f_auto,c_limit,w_300,q_auto/igashop/images/572798"
DON Short Cut Rindless Bacon 220g,$6.90,$3.14/100g,"https://cdn.metcash.media/image/upload/f_auto,c_limit,w_300,q_auto/igashop/images/344310"
Jarrah French Vanilla 125g,$8.50,$6.80/100g,https://www.igashop.com.au/static/default-product-image.png
Darrell Lea Rocklea Road Block 180g,$7.00,$3.89/100g,"https://cdn.metcash.media/image/upload/f_auto,c_limit,w_300,q_auto/igashop/images/684723"
Zooper Dooper Water Ice Cola 70mL,$3.60,$5.14/100mL,"https://cdn.metcash.media/image/upload/f_auto,c_limit,w_300,q_auto/igashop/images/1800000068883"
Gravox Professional Rich Brown Gravy 2.5kg,$40.75,$16.30/kg,"https://cdn.metcash.media/image/upload/f_auto,c_limit,w_300,q_auto/igashop/images/180000000994"
Divine Classic Crème Caramel 2 Pack,$4.00,$2.00 each,"https://cdn.metcash.media/image/upload/f_auto,c_limit,w_300,q_auto/igashop/images/103094"
Dove Advanced Antiperspirant Aerosol Passionfruit Lemongrass 250mL,$5.75,$2.30/100mL,"https://cdn.metcash.media/image/upload/f_auto,c_limit,w_300,q_auto/igashop/images/1800000067535"
Aspro Clear Pain Relief Soluble Tablets 24 Pack,$7.50,$0.31 each,"https://cdn.metcash.media/image/upload/f_auto,c_limit,w_300,q_auto/igashop/images/374190"
Pandaroo Sushi Rice 1kg,$5.50,$5.50/kg,"https://cdn.metcash.media/image/upload/f_auto,c_limit,w_300,q_auto/igashop/images/378259"
Cadbury Chocolate Dream White Gift Box 155g,$13.75,$8.87/100g,"https://cdn.metcash.media/image/upload/f_auto,c_limit,w_300,q_auto/igashop/images/180000003528"
Bulla Murray St Biscuits & Cream 1L,$12.00,$12.00/1L,https://www.igashop.com.au/static/default-product-image.png
Community Co Sliced Colby Cheese 250g,$6.00,$2.40/100g,"https://cdn.metcash.media/image/upload/f_auto,c_limit,w_300,q_auto/igashop/images/921578"
Bertolli Extra Virgin Olive Oil Originale 500mL,$14.30,$2.86/100mL,"https://cdn.metcash.media/image/upload/f_auto,c_limit,w_300,q_auto/igashop/images/150795"
Tetley Chai Latte Classic Sachets 8 Pack,$5.70,$0.71 each,"https://cdn.metcash.media/image/upload/f_auto,c_limit,w_300,q_auto/igashop/images/318115"
Dine Dome Chicken Tuna Chicken In gavy 60g,$2.30,$3.83/100g,https://www.igashop.com.au/static/default-product-image.png
Green's Cookie Mix Raspberry White Choc 380g,$5.30,$1.39/100g,"https://cdn.metcash.media/image/upload/f_auto,c_limit,w_300,q_auto/igashop/images/180000003022"
Ultimate by Danone Tropical Mango Yoghurt 4 Pack,$6.00,$1.50 each,"https://cdn.metcash.media/image/upload/f_auto,c_limit,w_300,q_auto/igashop/images/20000006386"
Kraft Cheestik 240g,$7.35,$3.06/100g,https://www.igashop.com.au/static/default-product-image.png
Queen Metallic Icing Writing Gel 5 Pack,$5.25,$1.05 each,"https://cdn.metcash.media/image/upload/f_auto,c_limit,w_300,q_auto/igashop/images/789358"
Cadbury Roses Generic Tin 600g,$34.70,$5.78/100g,"https://cdn.metcash.media/image/upload/f_auto,c_limit,w_300,q_auto/igashop/images/370015"
Poise Incontinence Pads Overnight Absorbency 8 Pack,$7.70,$0.96 each,"https://cdn.metcash.media/image/upload/f_auto,c_limit,w_300,q_auto/igashop/images/347062"
Marion's Kitchen Massaman Curry Paste 190g,$6.00,$3.16/100g,"https://cdn.metcash.media/image/upload/f_auto,c_limit,w_300,q_auto/igashop/images/923119"
Ausfresh Antipasto Mix Euro 2kg,$25.50,$12.75/kg,https://www.igashop.com.au/static/default-product-image.png
Nestlé Trix Breakfast Cereal 310g,$7.00,$2.26/100g,"https://cdn.metcash.media/image/upload/f_auto,c_limit,w_300,q_auto/igashop/images/658175"
Community Co Pane Di Casa 500g,$5.00,$1.00/100g,"https://cdn.metcash.media/image/upload/f_auto,c_limit,w_300,q_auto/igashop/images/20000001724"
Quorn Sausages 336g,$8.00,$2.38/100g,"https://cdn.metcash.media/image/upload/f_auto,c_limit,w_300,q_auto/igashop/images/160000013833"
Angas Park Soft And Juicy Deglet Noor Dates 150g,$5.50,$3.67/100g,"https://cdn.metcash.media/image/upload/f_auto,c_limit,w_300,q_auto/igashop/images/781148"
Evian Spring Still Water 750mL,$3.40,$0.45/100mL,"https://cdn.metcash.media/image/upload/f_auto,c_limit,w_300,q_auto/igashop/images/22743"
Kettle Potato Chips Red Pepper & Sour Cream 150g,$6.00,$4.00/100g,"https://cdn.metcash.media/image/upload/f_auto,c_limit,w_300,q_auto/igashop/images/1800000070724"
Slape & Sons Old English Pork 480g,$5.00,$1.04/100g,"https://cdn.metcash.media/image/upload/f_auto,c_limit,w_300,q_auto/igashop/images/180000000361"
U By Kotex Cotton Liners 26 Pack,$3.30,$0.13 each,"https://cdn.metcash.media/image/upload/f_auto,c_limit,w_300,q_auto/igashop/images/674037"
Panadol Opti Capsules 16 Pack,$4.25,$0.27 each,"https://cdn.metcash.media/image/upload/f_auto,c_limit,w_300,q_auto/igashop/images/700207"
Lindor Mini Baubles Milk 80g,$1.50,$1.88/100g,"https://cdn.metcash.media/image/upload/f_auto,c_limit,w_300,q_auto/igashop/images/618617"
Country Delight Cake Choc Vanilla 500g,$7.50,$1.50/100g,https://www.igashop.com.au/static/default-product-image.png
Blackmores Executive B Stress 62 Pack,$22.50,$0.36 each,"https://cdn.metcash.media/image/upload/f_auto,c_limit,w_300,q_auto/igashop/images/721046"
Two Boys Brew Energy Tea Peach & Yuzu 330mL,$3.75,$1.14/100mL,"https://cdn.metcash.media/image/upload/f_auto,c_limit,w_300,q_auto/igashop/images/1800000070075"
Dishmatic Scrubbee,$3.30,N/A,"https://cdn.metcash.media/image/upload/f_auto,c_limit,w_300,q_auto/igashop/images/202945"
Community Co Butter Lettuce and Spinach 280g,$5.00,$1.79/100g,"https://cdn.metcash.media/image/upload/f_auto,c_limit,w_300,q_auto/igashop/images/190000010033"
Pauls High Protein Strawberry Yoghurt 160g,$3.10,$1.94/100g,"https://cdn.metcash.media/image/upload/f_auto,c_limit,w_300,q_auto/igashop/images/548731"
Baker's Oven Garlic Bread Twin Pack 450g,$3.25,$0.72/100g,"https://cdn.metcash.media/image/upload/f_auto,c_limit,w_300,q_auto/igashop/images/190000011726"
Patak's Korma Paste 290g,$7.50,$2.59/100g,"https://cdn.metcash.media/image/upload/f_auto,c_limit,w_300,q_auto/igashop/images/36899"
Fluffy Ultra Fabric Soft Zenergy Orchid 1L,$9.50,$9.50/1L,"https://cdn.metcash.media/image/upload/f_auto,c_limit,w_300,q_auto/igashop/images/536629"
Marion's Kitchen Thai Basil Lime & Coconut Dressing 240mL,$5.00,$2.08/100mL,"https://cdn.metcash.media/image/upload/f_auto,c_limit,w_300,q_auto/igashop/images/895950"
Thursday Plantation Tea Tree Deodorant Roll On 60mL,$5.70,$9.50/100mL,"https://cdn.metcash.media/image/upload/f_auto,c_limit,w_300,q_auto/igashop/images/837198"
Mingle Stroganoff Recipe Base 30g,$2.60,$8.67/100g,https://www.igashop.com.au/static/default-product-image.png
Heinz Baked Beanz Pizza 300g,$2.00,$0.67/100g,"https://cdn.metcash.media/image/upload/f_auto,c_limit,w_300,q_auto/igashop/images/1800000067614"
Palmolive Liquid Soap Cucumber Aloe Pump 250mL,$2.50,$1.00/100mL,"https://cdn.metcash.media/image/upload/f_auto,c_limit,w_300,q_auto/igashop/images/675753"
Bakers Oven Choc Muffin Bars 336g,$5.10,$1.52/100g,"https://cdn.metcash.media/image/upload/f_auto,c_limit,w_300,q_auto/igashop/images/540319"
Chobani Fit Greek Yogurt Tropical Pouch 150g,$3.00,$2.00/100g,"https://cdn.metcash.media/image/upload/f_auto,c_limit,w_300,q_auto/igashop/images/1800000068918"
Palmer's Cocoa Butter Lip Balm,$5.00,N/A,"https://cdn.metcash.media/image/upload/f_auto,c_limit,w_300,q_auto/igashop/images/190000000953"
Double D Eucalyptus & Honey Drops Eucalyptus & Honey 150g,$1.95,$1.30/100g,"https://cdn.metcash.media/image/upload/f_auto,c_limit,w_300,q_auto/igashop/images/344022"
Praise Vegan Aioli 250mL,$5.00,$2.00/100mL,"https://cdn.metcash.media/image/upload/f_auto,c_limit,w_300,q_auto/igashop/images/902870"
Toblerone Milk Chocolate Bar 360g,$18.00,$5.00/100g,"https://cdn.metcash.media/image/upload/f_auto,c_limit,w_300,q_auto/igashop/images/653230_1"
Mogu Mogu Grape Juice with Nata de Coco 320mL,$2.40,$0.75/100mL,"https://cdn.metcash.media/image/upload/f_auto,c_limit,w_300,q_auto/igashop/images/160000018116"
Brown Pears 220g,Final cost based on weight,$1.08/$4.90,"https://cdn.metcash.media/image/upload/f_auto,c_limit,w_300,q_auto/igashop/images/80060130"
Spice & Co Sichuan Pepper 15g,$3.75,$25.00/100g,"https://cdn.metcash.media/image/upload/f_auto,c_limit,w_300,q_auto/igashop/images/190000002424"
San Remo Rigatoni No 22 500g,$2.95,$0.59/100g,"https://cdn.metcash.media/image/upload/f_auto,c_limit,w_300,q_auto/igashop/images/421599"
Dettol Max Concentrated Anitbacterial Laundry Sanitiser Natural Eucalyptus 750mL,$15.00,$2.00/100mL,"https://cdn.metcash.media/image/upload/f_auto,c_limit,w_300,q_auto/igashop/images/437155"
Madame Wong Sriracha Hot Chilli Sauce 450mL,$6.20,$1.38/100mL,"https://cdn.metcash.media/image/upload/f_auto,c_limit,w_300,q_auto/igashop/images/190000004700"
Birds Eye Golden Crunch Sidewinders 750g,$6.00,$0.80/100g,"https://cdn.metcash.media/image/upload/f_auto,c_limit,w_300,q_auto/igashop/images/597683"
Kraft Light Cheese Singles 24 Pack 432g,$9.30,$2.15/100g,"https://cdn.metcash.media/image/upload/f_auto,c_limit,w_300,q_auto/igashop/images/950690"
Pandaroo Japanese Instant Miso Soup Spinach 12g,$3.00,$25.00/100g,"https://cdn.metcash.media/image/upload/f_auto,c_limit,w_300,q_auto/igashop/images/313039"
So Good Long Life Unsweetened Almond Milk 1L,$3.00,$3.00/1L,"https://cdn.metcash.media/image/upload/f_auto,c_limit,w_300,q_auto/igashop/images/371105"
L'OR Espresso Intense Collection 40 Pack,$22.00,$0.55 each,"https://cdn.metcash.media/image/upload/f_auto,c_limit,w_300,q_auto/igashop/images/160000000092"
Goodman Fielder Baguette White Rustic 300g,$3.10,$1.03/100g,"https://cdn.metcash.media/image/upload/f_auto,c_limit,w_300,q_auto/igashop/images/797644"
Australian Botanical Soap Lavender 200g,$4.40,$2.20/100g,"https://cdn.metcash.media/image/upload/f_auto,c_limit,w_300,q_auto/igashop/images/301867"
Blue Dragon Ramen Noodle,$6.99,N/A,"https://cdn.metcash.media/image/upload/f_auto,c_limit,w_300,q_auto/igashop/images/160000011046"
BIC Cristal Blue Pens 5 Pack,$1.65,$0.33 each,"https://cdn.metcash.media/image/upload/f_auto,c_limit,w_300,q_auto/igashop/images/702199"
Healtheries Rice Wheels Funmix 12 Pack,$8.50,$0.71 each,"https://cdn.metcash.media/image/upload/f_auto,c_limit,w_300,q_auto/igashop/images/578891"
Lynx Body Spray Cherry Spritz 150mL,$10.00,$6.67/100mL,https://www.igashop.com.au/static/default-product-image.png
Colgate Total Original Antibacterial Fluoride Toothpaste 115g,$4.00,$3.48/100g,"https://cdn.metcash.media/image/upload/f_auto,c_limit,w_300,q_auto/igashop/images/31145"
Black & Gold Canola Oil 4L,$12.50,$3.13/1L,"https://cdn.metcash.media/image/upload/f_auto,c_limit,w_300,q_auto/igashop/images/650619"
Schmackos Barbeque Lamb Kebab 90g,$7.15,$7.94/100g,"https://cdn.metcash.media/image/upload/f_auto,c_limit,w_300,q_auto/igashop/images/674053"
BSc X Violet Crumble Soft Protein Bar Caramel Honeycomb 55g,$5.00,$9.09/100g,https://www.igashop.com.au/static/default-product-image.png
Cadbury Mint Bubbly Bunny 32g,$3.00,$9.38/100g,"https://cdn.metcash.media/image/upload/f_auto,c_limit,w_300,q_auto/igashop/images/351634"
Dulwich Bakery Vanilla Bean Cake 550g,$8.95,$1.63/100g,https://www.igashop.com.au/static/default-product-image.png
Always Fresh Olives Spanish Black 450g,$3.80,$0.84/100g,"https://cdn.metcash.media/image/upload/f_auto,c_limit,w_300,q_auto/igashop/images/35021"
Musashi Protein Wafer White Chocolate 40g,$4.50,$11.25/100g,"https://cdn.metcash.media/image/upload/f_auto,c_limit,w_300,q_auto/igashop/images/180000003133"
Nescafe Gold Smooth 180g,$23.00,$12.78/100g,"https://cdn.metcash.media/image/upload/f_auto,c_limit,w_300,q_auto/igashop/images/425409"
My Muscle Chef Thai Red Chicken Curry With Basmati Rice 375g,$11.95,$3.19/100g,https://www.igashop.com.au/static/default-product-image.png
Head & Shoulders Dry Scalp Care Anti Dandruff Shampoo with Coconut Oil for Dry Scalp 400mL,$12.00,$3.00/100mL,"https://cdn.metcash.media/image/upload/f_auto,c_limit,w_300,q_auto/igashop/images/160000011012"
Bickford & Sons Soda Water 6 Pack,$8.70,$1.45 each,https://www.igashop.com.au/static/default-product-image.png
Dare Iced Coffee Double Espresso 750mL,$5.40,$0.72/100mL,"https://cdn.metcash.media/image/upload/f_auto,c_limit,w_300,q_auto/igashop/images/919987"
Quest Bake Shop Brownie 56g,$5.50,$9.82/100g,"https://cdn.metcash.media/image/upload/f_auto,c_limit,w_300,q_auto/igashop/images/180000006207"
Baker's Oven Jam Lamington 350g,$4.80,$1.37/100g,"https://cdn.metcash.media/image/upload/f_auto,c_limit,w_300,q_auto/igashop/images/926133"
Cheer Cheese Tasty Slices 36 Pack 750g,$14.00,$1.87/100g,"https://cdn.metcash.media/image/upload/f_auto,c_limit,w_300,q_auto/igashop/images/163727"
Carman's Original Fruit Free Muesli Bars 12 Pack,$11.50,$0.96 each,"https://cdn.metcash.media/image/upload/f_auto,c_limit,w_300,q_auto/igashop/images/657988"
Sellotape Masking Tape 24mmX18m,$2.80,N/A,"https://cdn.metcash.media/image/upload/f_auto,c_limit,w_300,q_auto/igashop/images/236300"
Vitawerx Protein Milk Chocolate Bar 35g,$4.50,$12.86/100g,"https://cdn.metcash.media/image/upload/f_auto,c_limit,w_300,q_auto/igashop/images/190000005157"
Balfours Home Style Blueberry Muffin 150g,$4.05,$2.70/100g,"https://cdn.metcash.media/image/upload/f_auto,c_limit,w_300,q_auto/igashop/images/723116"
Jack Hammer Coaxial Cable 1.5m,$10.20,N/A,https://www.igashop.com.au/static/default-product-image.png
BabyLove Cosifit Convenience Nappy Walker 17 Pack,$9.95,$0.59 each,"https://cdn.metcash.media/image/upload/f_auto,c_limit,w_300,q_auto/igashop/images/902249"
Four N Twenty CS's Nacho Cheese Pie 4 Pack,$9.50,$2.38 each,https://www.igashop.com.au/static/default-product-image.png
Clairol Nice'N Easy Permanent Hair Colour 4.5Rb Natural Reddish Brown,$10.00,N/A,"https://cdn.metcash.media/image/upload/f_auto,c_limit,w_300,q_auto/igashop/images/581187"
Pine O Cleen Disinfectant Wipes Lemon 220 Pack,$14.00,$0.06 each,"https://cdn.metcash.media/image/upload/f_auto,c_limit,w_300,q_auto/igashop/images/246274"
Glad Cling Wrap 30 Metres,$3.25,N/A,"https://cdn.metcash.media/image/upload/f_auto,c_limit,w_300,q_auto/igashop/images/49135"
Indomie Hot & Spicy Mi Goreng Instant Noodles 5 Pack,$3.95,$0.79 each,"https://cdn.metcash.media/image/upload/f_auto,c_limit,w_300,q_auto/igashop/images/20000003074"
Palmolive 3in1 Shampoo Conditioner & Bodywash Funny Honey 700mL,$7.00,$1.00/100mL,"https://cdn.metcash.media/image/upload/f_auto,c_limit,w_300,q_auto/igashop/images/328393"
Tabasco Chipotle Sauce 60mL,$5.50,$9.17/100mL,"https://cdn.metcash.media/image/upload/f_auto,c_limit,w_300,q_auto/igashop/images/160000003404"
Oreo Ice Cream Cookie Sandwich 4 Pack,$11.50,$2.88 each,"https://cdn.metcash.media/image/upload/f_auto,c_limit,w_300,q_auto/igashop/images/458745"
Schweppes Traditionals Sarsaparilla 1.1L,$1.25,$1.14/1L,"https://cdn.metcash.media/image/upload/f_auto,c_limit,w_300,q_auto/igashop/images/763551"
Lindt Lindor Chocolate Balls Pistachio 123g,$13.00,$10.57/100g,"https://cdn.metcash.media/image/upload/f_auto,c_limit,w_300,q_auto/igashop/images/402529"
Continental Simmer Soup Chicken Noodle Salt Reduced 40g,$1.20,$3.00/100g,"https://cdn.metcash.media/image/upload/f_auto,c_limit,w_300,q_auto/igashop/images/28139"
Nando's Peri Peri Rub Medium 25g,$3.50,$14.00/100g,"https://cdn.metcash.media/image/upload/f_auto,c_limit,w_300,q_auto/igashop/images/367300"
Brownes Natural Strawberry Yoghurt 1kg,$5.95,$5.95/kg,"https://cdn.metcash.media/image/upload/f_auto,c_limit,w_300,q_auto/igashop/images/964380"
Saxa Natural Pink Himalayan Salt Grinder 95g,$6.65,$7.00/100g,"https://cdn.metcash.media/image/upload/f_auto,c_limit,w_300,q_auto/igashop/images/405190"
Cancer Council Moisture Sunscreen SPF 50 110mL,$8.40,$7.64/100mL,"https://cdn.metcash.media/image/upload/f_auto,c_limit,w_300,q_auto/igashop/images/746999"
Pandora Chinese Cooking Wine 300mL,$4.10,$1.37/100mL,"https://cdn.metcash.media/image/upload/f_auto,c_limit,w_300,q_auto/igashop/images/25592"
U By Kotex Feminine Pad Zero Super Wing 10 Pack,$5.60,$0.56 each,https://www.igashop.com.au/static/default-product-image.png
Pauls Chocolate Mousse 12 Pack,$8.50,$0.71 each,"https://cdn.metcash.media/image/upload/f_auto,c_limit,w_300,q_auto/igashop/images/160000014083"
Black & Gold Popcorn 500g,$2.45,$0.49/100g,"https://cdn.metcash.media/image/upload/f_auto,c_limit,w_300,q_auto/igashop/images/51328"
Pukka Herbal Tea Lemon Ginger & Manuka Honey 20 Pack,$9.00,$0.45 each,"https://cdn.metcash.media/image/upload/f_auto,c_limit,w_300,q_auto/igashop/images/150000000351"
M&M's Mix Ups 335g,$8.00,$2.39/100g,"https://cdn.metcash.media/image/upload/f_auto,c_limit,w_300,q_auto/igashop/images/934152"
Palmolive Lather Shave Tube 65g,$2.80,$4.31/100g,"https://cdn.metcash.media/image/upload/f_auto,c_limit,w_300,q_auto/igashop/images/16000001637"
Kinder Surprise Maxi Disney Princess 100g,$9.55,$9.55/100g,"https://cdn.metcash.media/image/upload/f_auto,c_limit,w_300,q_auto/igashop/images/606186"
Purina Fancy Feast Adult Pet Food Petite Delight Chicken Turkey Tuna 6 Pack,$5.50,$0.92 each,"https://cdn.metcash.media/image/upload/f_auto,c_limit,w_300,q_auto/igashop/images/189948"
Beerenberg Coopers Ale Sauce 300mL,$6.55,$2.18/100mL,"https://cdn.metcash.media/image/upload/f_auto,c_limit,w_300,q_auto/igashop/images/803775"
Spice & Co Dukkah Nut and Spice Mix 40g,$3.75,$9.38/100g,"https://cdn.metcash.media/image/upload/f_auto,c_limit,w_300,q_auto/igashop/images/190000002398"
Birds Eye Protein Fillets Southern Style 320g,$11.00,$3.44/100g,"https://cdn.metcash.media/image/upload/f_auto,c_limit,w_300,q_auto/igashop/images/1800000067405"
Oreo Double Stuff Cinnamon Bun 135g,$3.00,$2.22/100g,"https://cdn.metcash.media/image/upload/f_auto,c_limit,w_300,q_auto/igashop/images/562191"
Bega Strong & Bitey Vintage Natural Cheese Slices 500g,$9.50,$1.90/100g,"https://cdn.metcash.media/image/upload/f_auto,c_limit,w_300,q_auto/igashop/images/180703"
Nobby's Nuts Cashews 50g,$4.10,$8.20/100g,"https://cdn.metcash.media/image/upload/f_auto,c_limit,w_300,q_auto/igashop/images/369797"
Laucke Multigrain Bread Mix 5kg,$15.00,$3.00/kg,"https://cdn.metcash.media/image/upload/f_auto,c_limit,w_300,q_auto/igashop/images/686440"
Bulla Creamy Classics Cones Choc Honeycomb 4 Pack,$11.00,$2.75 each,"https://cdn.metcash.media/image/upload/f_auto,c_limit,w_300,q_auto/igashop/images/650253"
Maybelline Fit Me Dewy & Smooth Luminous Liquid Foundation Classic Ivory 120 30mL,$26.00,$86.67/100mL,"https://cdn.metcash.media/image/upload/f_auto,c_limit,w_300,q_auto/igashop/images/330858"
Energizer Lithium Photo 123 3V Battery,$15.10,N/A,"https://cdn.metcash.media/image/upload/f_auto,c_limit,w_300,q_auto/igashop/images/941154"
Moki Hyper Buds Blue,$15.00,N/A,"https://cdn.metcash.media/image/upload/f_auto,c_limit,w_300,q_auto/igashop/images/615392"
Patak's Cashew & Coconut Masala Curry Simmer Sauce 450g,$5.50,$1.22/100g,"https://cdn.metcash.media/image/upload/f_auto,c_limit,w_300,q_auto/igashop/images/160000013758"
Tasmanian Heritage Marinated Feta 350g,$11.00,$3.14/100g,"https://cdn.metcash.media/image/upload/f_auto,c_limit,w_300,q_auto/igashop/images/292288"
Big Lolly Halloween Pops 200g,$4.10,$2.05/100g,https://www.igashop.com.au/static/default-product-image.png
Astra Scourer Mesh 2 Pack,$2.25,$1.13 each,"https://cdn.metcash.media/image/upload/f_auto,c_limit,w_300,q_auto/igashop/images/369886"
Glade Candle Angel Whispers 96g,$8.15,$8.49/100g,"https://cdn.metcash.media/image/upload/f_auto,c_limit,w_300,q_auto/igashop/images/38710"
Barossa Fine Foods Ham 100g,$5.95,$5.95/100g,"https://cdn.metcash.media/image/upload/f_auto,c_limit,w_300,q_auto/igashop/images/152470"
Kiwi Jet Planes 200g,$4.50,$2.25/100g,"https://cdn.metcash.media/image/upload/f_auto,c_limit,w_300,q_auto/igashop/images/20000006863"
Black & Gold Fruit Drink Orange 4L,$5.60,$1.40/1L,"https://cdn.metcash.media/image/upload/f_auto,c_limit,w_300,q_auto/igashop/images/180000003515"
Tip Top Bread Roll Hot Dog 6 Pack,$4.90,$0.82 each,"https://cdn.metcash.media/image/upload/f_auto,c_limit,w_300,q_auto/igashop/images/468787"
SPC Fruit Sliced Pears 25% Less Sugar 400g,$3.25,$0.81/100g,https://www.igashop.com.au/static/default-product-image.png
CSR Brown Sugar 500g,$2.50,$0.50/100g,"https://cdn.metcash.media/image/upload/f_auto,c_limit,w_300,q_auto/igashop/images/43008"
Three Threes Fruit Sauce Apple 250g,$2.90,$1.16/100g,"https://cdn.metcash.media/image/upload/f_auto,c_limit,w_300,q_auto/igashop/images/371744"
Huggies Skin Protect Nappy Size 3 Large 74 Pack,$35.00,$0.47 each,"https://cdn.metcash.media/image/upload/f_auto,c_limit,w_300,q_auto/igashop/images/180000006380"
Cenovis Sugarless C 500mg Orange Flavour Tablets 100 Pack,$12.75,$0.13 each,"https://cdn.metcash.media/image/upload/f_auto,c_limit,w_300,q_auto/igashop/images/65652"
Roza's Gourmet Betroot Love Crackers 120g,$5.30,$4.42/100g,"https://cdn.metcash.media/image/upload/f_auto,c_limit,w_300,q_auto/igashop/images/160000012423"
Green's Gluten Free Chocolate Cake Mix 470g,$5.50,$1.17/100g,"https://cdn.metcash.media/image/upload/f_auto,c_limit,w_300,q_auto/igashop/images/160000012898"
Maggie Beer Vino Cotto 250mL,$26.95,$10.78/100mL,"https://cdn.metcash.media/image/upload/f_auto,c_limit,w_300,q_auto/igashop/images/160000013728"
Champagne Ham 1kg,Final cost based on weight,$23.50/$23.50,"https://cdn.metcash.media/image/upload/f_auto,c_limit,w_300,q_auto/igashop/images/80072067"
BIC Hybrid Advance Razor 6 Pack,$10.70,$1.78 each,"https://cdn.metcash.media/image/upload/f_auto,c_limit,w_300,q_auto/igashop/images/325905"
Cadbury Baking Dark Chocolate Block 180g,$7.50,$4.17/100g,"https://cdn.metcash.media/image/upload/f_auto,c_limit,w_300,q_auto/igashop/images/454830"
Bellamy's Organic Banana Apple Porridge 120g,$2.30,$1.92/100g,"https://cdn.metcash.media/image/upload/f_auto,c_limit,w_300,q_auto/igashop/images/20000005534"
Nature's Gift Dog Food Succulent Lamb 100g,$1.20,$1.20/100g,"https://cdn.metcash.media/image/upload/f_auto,c_limit,w_300,q_auto/igashop/images/180000000343"
Califia Farms Oat Barista Blend 1L,$5.50,$5.50/1L,"https://cdn.metcash.media/image/upload/f_auto,c_limit,w_300,q_auto/igashop/images/827457"
Nescafe Gold Roastery Coffee Light Roast Can 95g,$13.50,$14.21/100g,"https://cdn.metcash.media/image/upload/f_auto,c_limit,w_300,q_auto/igashop/images/619477"
Viva Select-A-Size Double Length Paper Towel 2 Pack,$6.00,$3.00 each,"https://cdn.metcash.media/image/upload/f_auto,c_limit,w_300,q_auto/igashop/images/160000003604"
Snickers Chocolate Bar 2 Pack 72g,$2.00,$2.78/100g,"https://cdn.metcash.media/image/upload/f_auto,c_limit,w_300,q_auto/igashop/images/160000014042"
Gillette Sensor 3 Comfort Disposable Razors 4 Pack,$7.65,$1.91 each,"https://cdn.metcash.media/image/upload/f_auto,c_limit,w_300,q_auto/igashop/images/902752"
Fluffy Fragrance Temptations Fabric Softener Spice Allure 2L,$11.00,$5.50/1L,"https://cdn.metcash.media/image/upload/f_auto,c_limit,w_300,q_auto/igashop/images/608696"
Magnum Frozen Dessert Boysenberry 4 Pack,$12.00,$3.00 each,https://www.igashop.com.au/static/default-product-image.png
SPC Spaghetti Cheesy Cheddar 420g,$2.50,$0.60/100g,"https://cdn.metcash.media/image/upload/f_auto,c_limit,w_300,q_auto/igashop/images/94994"
Primo Reserve Pulled Chicken Breast 130g,$6.00,$4.62/100g,"https://cdn.metcash.media/image/upload/f_auto,c_limit,w_300,q_auto/igashop/images/180000004785"
Red Rock Deli Honey Soy Chicken 90g,$3.70,$4.11/100g,"https://cdn.metcash.media/image/upload/f_auto,c_limit,w_300,q_auto/igashop/images/842779"
White King Disinfectant Cleaner Hospital Grade Trigger Citrus 500mL,$5.70,$1.14/100mL,"https://cdn.metcash.media/image/upload/f_auto,c_limit,w_300,q_auto/igashop/images/860159"
Christmas Balls Premium Decorated 12 Pack,$12.00,$1.00 each,"https://cdn.metcash.media/image/upload/f_auto,c_limit,w_300,q_auto/igashop/images/278679"
Pepsi Max Pepsi Max No Sugar Soda Can 375mL,$2.55,$0.68/100mL,"https://cdn.metcash.media/image/upload/f_auto,c_limit,w_300,q_auto/igashop/images/806919"
Australian Organic Food Co. Classic Tomato Passata 500g,$4.95,$0.99/100g,"https://cdn.metcash.media/image/upload/f_auto,c_limit,w_300,q_auto/igashop/images/227783"
Fentimans Indian Tonic 4 Pack,$6.99,$1.75 each,"https://cdn.metcash.media/image/upload/f_auto,c_limit,w_300,q_auto/igashop/images/750419"
Cleaver's Organic Beef Flexitarian Sausage 450g,$9.50,$2.11/100g,"https://cdn.metcash.media/image/upload/f_auto,c_limit,w_300,q_auto/igashop/images/95241"
Diet Rite Apple Raspberry Cordial 1L,$3.50,$3.50/1L,"https://cdn.metcash.media/image/upload/f_auto,c_limit,w_300,q_auto/igashop/images/190000005129"
Cinnamon Toast Crunch 340g,$12.95,$3.81/100g,"https://cdn.metcash.media/image/upload/f_auto,c_limit,w_300,q_auto/igashop/images/190000004574"
Purina Supercoat Adult Sensitive with Fish Dog Food 2.6kg,$9.00,$3.46/kg,"https://cdn.metcash.media/image/upload/f_auto,c_limit,w_300,q_auto/igashop/images/663133"
Mother Sugar Free Energy Drink 4 Pack,$9.80,$2.45 each,"https://cdn.metcash.media/image/upload/f_auto,c_limit,w_300,q_auto/igashop/images/368437"
The Olive Branch Heavenly Crunchy Dip 250g,$7.50,$3.00/100g,"https://cdn.metcash.media/image/upload/f_auto,c_limit,w_300,q_auto/igashop/images/190000003953"
Bush Honey Pail 1kg,$13.50,$13.50/kg,"https://cdn.metcash.media/image/upload/f_auto,c_limit,w_300,q_auto/igashop/images/20000001496"
Birds Eye Deli New Zealand Whiting Salt & Pepper Crumb 250g,$11.00,$4.40/100g,"https://cdn.metcash.media/image/upload/f_auto,c_limit,w_300,q_auto/igashop/images/36475"
L'Oréal Elvive Colour Protecting Conditioner 300mL,$6.80,$2.27/100mL,"https://cdn.metcash.media/image/upload/f_auto,c_limit,w_300,q_auto/igashop/images/160000013786"
Vitasoy Milky 1L,$2.85,$2.85/1L,https://www.igashop.com.au/static/default-product-image.png
Valcom Paste Laksa 230g,$4.30,$1.87/100g,"https://cdn.metcash.media/image/upload/f_auto,c_limit,w_300,q_auto/igashop/images/880905"
Mr Basil Pink Guava 290mL,$3.40,$11.72/1L,https://www.igashop.com.au/static/default-product-image.png
Gold Gourmet Japanese Style Mayo 500mL,$10.50,$2.10/100mL,https://www.igashop.com.au/static/default-product-image.png
Surf Plus Laundry Liquid Quick Wash Coastal Luxury Quick Wash 1.8L,$8.00,$4.44/1L,"https://cdn.metcash.media/image/upload/f_auto,c_limit,w_300,q_auto/igashop/images/991125"
Men's Bried Fit Trunk - Black X Large,$24.00,N/A,"https://cdn.metcash.media/image/upload/f_auto,c_limit,w_300,q_auto/igashop/images/180000001365"
Black & Gold Shredded Tasty Cheese 900g,$13.25,$1.47/100g,"https://cdn.metcash.media/image/upload/f_auto,c_limit,w_300,q_auto/igashop/images/107593"
V8 Fruit & Veg Healthy Apple 1.25L,$5.50,$4.40/1L,"https://cdn.metcash.media/image/upload/f_auto,c_limit,w_300,q_auto/igashop/images/776541"
Beerenberg Australian Breakfast Marmalade 300g,$6.15,$2.05/100g,"https://cdn.metcash.media/image/upload/f_auto,c_limit,w_300,q_auto/igashop/images/150000008189"
Pine O Cleen Disinfectant Pine 500mL,$4.10,$0.82/100mL,"https://cdn.metcash.media/image/upload/f_auto,c_limit,w_300,q_auto/igashop/images/64070"
Bakers Collection Strawberry Puff Pastry Turnovers 150g,$6.00,$4.00/100g,"https://cdn.metcash.media/image/upload/f_auto,c_limit,w_300,q_auto/igashop/images/20000001839"
Harpic Fresh Power Toilet Cleaning Tablets Original 6 Pack,$14.00,$2.33 each,"https://cdn.metcash.media/image/upload/f_auto,c_limit,w_300,q_auto/igashop/images/632548"
Remedy Kombucha Orange Squeeze 330mL,$3.00,$0.91/100mL,"https://cdn.metcash.media/image/upload/f_auto,c_limit,w_300,q_auto/igashop/images/20000005151"
Chux Non-Scratch Scourer 6 Pack,$4.00,$0.67 each,"https://cdn.metcash.media/image/upload/f_auto,c_limit,w_300,q_auto/igashop/images/243315"
Philadelphia Cream Cheese Original Block 250g,$5.70,$2.28/100g,"https://cdn.metcash.media/image/upload/f_auto,c_limit,w_300,q_auto/igashop/images/101018"
"Bulla Caramel, Strawberry, Honeycomb Crunch Ice Creams 8 Pack",$5.00,$0.63 each,"https://cdn.metcash.media/image/upload/f_auto,c_limit,w_300,q_auto/igashop/images/170651"
Macquarie Valley Orange Passionfruit Pop Top 200g,$2.05,$1.03/100g,"https://cdn.metcash.media/image/upload/f_auto,c_limit,w_300,q_auto/igashop/images/120724"
Cold Power Laundry Detergent With A Touch Of Fabric Softener 2L,$24.00,$12.00/1L,"https://cdn.metcash.media/image/upload/f_auto,c_limit,w_300,q_auto/igashop/images/362677"
Golden Wok Diana Chan Szechuan Peppered Pork Dumpling 230g,$8.50,$3.70/100g,"https://cdn.metcash.media/image/upload/f_auto,c_limit,w_300,q_auto/igashop/images/839239"
Australia's Own Dairy Low Fat Milk 1L,$2.00,$2.00/1L,"https://cdn.metcash.media/image/upload/f_auto,c_limit,w_300,q_auto/igashop/images/160000010795"
Poise Pad Adultcare Poise Livefree Regular 14 Pack,$6.95,$0.50 each,"https://cdn.metcash.media/image/upload/f_auto,c_limit,w_300,q_auto/igashop/images/1800000067788"
Black & Gold Wild Bird Mix 5kg,$11.50,$2.30/kg,"https://cdn.metcash.media/image/upload/f_auto,c_limit,w_300,q_auto/igashop/images/409856"
Mt Athos Authentic Greek Feta Cheese 200g,$5.49,$2.75/100g,"https://cdn.metcash.media/image/upload/f_auto,c_limit,w_300,q_auto/igashop/images/20000001423"
Community Co Paper Straws 20 Pack,$2.60,$0.13 each,"https://cdn.metcash.media/image/upload/f_auto,c_limit,w_300,q_auto/igashop/images/190000010522"
Black & Gold Regular Iron Aid Spray 400g,$2.50,$0.63/100g,"https://cdn.metcash.media/image/upload/f_auto,c_limit,w_300,q_auto/igashop/images/76027"
Surf Laundry Liquid Tropical 4L,$20.00,$5.00/1L,"https://cdn.metcash.media/image/upload/f_auto,c_limit,w_300,q_auto/igashop/images/160000004744"
Bulla Creamy Australian Style Yoghurt Strawberry 160g,$1.90,$1.19/100g,"https://cdn.metcash.media/image/upload/f_auto,c_limit,w_300,q_auto/igashop/images/674419"
Carman's Protein Bars Double Dark Chocolate 400g,$12.90,$3.23/100g,"https://cdn.metcash.media/image/upload/f_auto,c_limit,w_300,q_auto/igashop/images/272296"
Gippsland Dairy Mix Ins Yogurt Cookies & Cream 140g,$4.20,$3.00/100g,"https://cdn.metcash.media/image/upload/f_auto,c_limit,w_300,q_auto/igashop/images/180000006170"
Jack Hammer Sports Pump With Inflate Needle,$7.50,N/A,"https://cdn.metcash.media/image/upload/f_auto,c_limit,w_300,q_auto/igashop/images/716520"
Nescafe Cappuccino Coffee Mixes Decaf 10 Pack,$4.00,$0.40 each,"https://cdn.metcash.media/image/upload/f_auto,c_limit,w_300,q_auto/igashop/images/180000004758"
Arnott's Milk Arrowroot 250g,$2.20,$0.88/100g,"https://cdn.metcash.media/image/upload/f_auto,c_limit,w_300,q_auto/igashop/images/366391"
Chupa Chup Incredible Chew Strawberry 45g,$1.50,$3.33/100g,"https://cdn.metcash.media/image/upload/f_auto,c_limit,w_300,q_auto/igashop/images/1600000011255"
"John West Sardines Lemon, Chilli And Garlic 110g",$3.50,$3.18/100g,"https://cdn.metcash.media/image/upload/f_auto,c_limit,w_300,q_auto/igashop/images/669532"
L'Oreal Paris Elvive Hyaluron Plump Conditioner 340mL,$11.00,$3.24/100mL,"https://cdn.metcash.media/image/upload/f_auto,c_limit,w_300,q_auto/igashop/images/1800000069989"
"Bundaberg Lemon, Lime & Bitters 4 Pack",$6.30,$1.58 each,"https://cdn.metcash.media/image/upload/f_auto,c_limit,w_300,q_auto/igashop/images/390447"
Jack Hammer Paint Kit,$8.50,N/A,"https://cdn.metcash.media/image/upload/f_auto,c_limit,w_300,q_auto/igashop/images/605583"
Moccona Freeze Dried Instant Coffee Rich 200g,$23.60,$11.80/100g,"https://cdn.metcash.media/image/upload/f_auto,c_limit,w_300,q_auto/igashop/images/80827"
Baked Provisions Steak Pies Twin Pack 420g,$8.50,$2.02/100g,"https://cdn.metcash.media/image/upload/f_auto,c_limit,w_300,q_auto/igashop/images/304399"
Birds Eye Corn Cobs Super Sweet 1kg,$6.00,$6.00/kg,"https://cdn.metcash.media/image/upload/f_auto,c_limit,w_300,q_auto/igashop/images/124448"
Smith's Thinly Sour Cream & Onion 70g,$2.00,$2.86/100g,"https://cdn.metcash.media/image/upload/f_auto,c_limit,w_300,q_auto/igashop/images/690091"
Kan Tong Teriyaki Chicken Meal Base Pouch 175g,$3.00,$1.71/100g,"https://cdn.metcash.media/image/upload/f_auto,c_limit,w_300,q_auto/igashop/images/442249"
Cadbury Favourites Block 570g,$15.00,$2.63/100g,"https://cdn.metcash.media/image/upload/f_auto,c_limit,w_300,q_auto/igashop/images/928122"
Kiwi Sneaker Deodoriser Step 03 64g,$9.35,$14.61/100g,"https://cdn.metcash.media/image/upload/f_auto,c_limit,w_300,q_auto/igashop/images/796889"
Leggos Crushed Tomatoes 410g,$1.80,$0.44/100g,"https://cdn.metcash.media/image/upload/f_auto,c_limit,w_300,q_auto/igashop/images/1800000067667"
Colgate Toothbrush Adult ZigZag Soft 6 Pack,$12.00,$2.00 each,"https://cdn.metcash.media/image/upload/f_auto,c_limit,w_300,q_auto/igashop/images/311401"
Edmonds Fielders Corn Flour Gluten Free 300g,$3.45,$1.15/100g,"https://cdn.metcash.media/image/upload/f_auto,c_limit,w_300,q_auto/igashop/images/682501"
Kraft Mac & Cheese Vegan Pasta 150g,$4.50,$3.00/100g,"https://cdn.metcash.media/image/upload/f_auto,c_limit,w_300,q_auto/igashop/images/180000000945"
Mutti Double Concentrate Tomato Paste 2 Pack,$4.00,$2.00 each,"https://cdn.metcash.media/image/upload/f_auto,c_limit,w_300,q_auto/igashop/images/509795"
Cadbury Dairy Milk Oreo Egg Bag 112g,$7.50,$6.70/100g,"https://cdn.metcash.media/image/upload/f_auto,c_limit,w_300,q_auto/igashop/images/644312"
Safe N Sure Mouse Trap 2 Pack,$3.90,$1.95 each,"https://cdn.metcash.media/image/upload/f_auto,c_limit,w_300,q_auto/igashop/images/217513_1"
John West Lunch Kit With Crackers Tuna With Sweetcorn In Mayonnaise 108g,$3.60,$3.33/100g,"https://cdn.metcash.media/image/upload/f_auto,c_limit,w_300,q_auto/igashop/images/391498"
Kellogg's Guardian 360g,$6.50,$1.81/100g,"https://cdn.metcash.media/image/upload/f_auto,c_limit,w_300,q_auto/igashop/images/99355"
Aurora English Breakfast Tea 25 Pack,$3.50,$0.14 each,"https://cdn.metcash.media/image/upload/f_auto,c_limit,w_300,q_auto/igashop/images/160000014178"
Lean Cuisine Chicken Thai Red Curry 375g,$7.00,$1.87/100g,"https://cdn.metcash.media/image/upload/f_auto,c_limit,w_300,q_auto/igashop/images/957362"
LifeStyle Bakery Gluten Free High Fibre White Rolls 2 Pack,$3.75,$1.88 each,"https://cdn.metcash.media/image/upload/f_auto,c_limit,w_300,q_auto/igashop/images/20000006884"
Community Co Baby Leafy Mix 260g,$4.50,$1.73/100g,"https://cdn.metcash.media/image/upload/f_auto,c_limit,w_300,q_auto/igashop/images/688162"
Gourmet Delight Chicken Casserole & Vegetables 700g,$3.00,$0.43/100g,"https://cdn.metcash.media/image/upload/f_auto,c_limit,w_300,q_auto/igashop/images/292351"
Nestlé Scorched Almonds Chocolate Salted Caramel 225g,$12.75,$5.67/100g,https://www.igashop.com.au/static/default-product-image.png
Weight Watchers Chicken & Mushroom Fettuccine 300g,$4.50,$1.50/100g,"https://cdn.metcash.media/image/upload/f_auto,c_limit,w_300,q_auto/igashop/images/190000001775"
Dynamo Professional Free & Clear Laundry Detergent For Sensitive Skin 1.8L,$29.00,$16.11/1L,"https://cdn.metcash.media/image/upload/f_auto,c_limit,w_300,q_auto/igashop/images/805578"
Leek 280g,Final cost based on weight,$1.95/$6.95,"https://cdn.metcash.media/image/upload/f_auto,c_limit,w_300,q_auto/igashop/images/80060042"
Community Co Spanakopita Spinach Mizithra Cheese & Feta Cheese 750g,$11.50,$1.53/100g,"https://cdn.metcash.media/image/upload/f_auto,c_limit,w_300,q_auto/igashop/images/502942"
Duracell Coppertop AA Alkaline Batteries 10 Pack,$15.00,$1.50 each,"https://cdn.metcash.media/image/upload/f_auto,c_limit,w_300,q_auto/igashop/images/150000007522"
John West Tuna Tempters Chilli 4 Pack,$7.00,$1.75 each,"https://cdn.metcash.media/image/upload/f_auto,c_limit,w_300,q_auto/igashop/images/190000002318"
Rafferty's Garden Snack Apple Fruit Bars 8 Pack,$5.00,$0.63 each,"https://cdn.metcash.media/image/upload/f_auto,c_limit,w_300,q_auto/igashop/images/63516"
Eat Pasta Fettuccine 375g,$6.00,$1.60/100g,"https://cdn.metcash.media/image/upload/f_auto,c_limit,w_300,q_auto/igashop/images/9255"
Darrell Lea Twists Chewy Choc 180g,$4.50,$2.50/100g,https://www.igashop.com.au/static/default-product-image.png
Jols Sugar Free Pastilles Forest Berries 25g,$2.30,$9.20/100g,"https://cdn.metcash.media/image/upload/f_auto,c_limit,w_300,q_auto/igashop/images/20000003318"
Dairy Farmers Protein Smoothie Chocolate 400mL,$2.95,$0.74/100mL,"https://cdn.metcash.media/image/upload/f_auto,c_limit,w_300,q_auto/igashop/images/180000006397"
Vitapet Flea & Tick Spray 250mL,$15.90,$6.36/100mL,https://www.igashop.com.au/static/default-product-image.png
Vitasoy Soy Milky Iced Coffee Soy Milk 1L,$4.10,$4.10/1L,"https://cdn.metcash.media/image/upload/f_auto,c_limit,w_300,q_auto/igashop/images/176291"
Colgate Power Toothbrush Total Refill,$10.00,N/A,"https://cdn.metcash.media/image/upload/f_auto,c_limit,w_300,q_auto/igashop/images/180000005369"
Mortein Kill & Protect Cockroach Baits 12 Pack,$12.00,$1.00 each,"https://cdn.metcash.media/image/upload/f_auto,c_limit,w_300,q_auto/igashop/images/353869"
Dairy Farmers Lite Milk 1L,$2.70,$2.70/1L,"https://cdn.metcash.media/image/upload/f_auto,c_limit,w_300,q_auto/igashop/images/180460"
Helga's Traditional Wholemeal Bread 750g,$5.20,$0.69/100g,"https://cdn.metcash.media/image/upload/f_auto,c_limit,w_300,q_auto/igashop/images/444929"
Pandaroo Hoisin Sauce 250mL,$4.70,$1.88/100mL,"https://cdn.metcash.media/image/upload/f_auto,c_limit,w_300,q_auto/igashop/images/190000003148"
Helga's Mediterranean Herb Wraps 445g,$5.50,$1.24/100g,"https://cdn.metcash.media/image/upload/f_auto,c_limit,w_300,q_auto/igashop/images/751614"
Mother Energy Drink Guava Cans 4 Pack,$9.80,$2.45 each,"https://cdn.metcash.media/image/upload/f_auto,c_limit,w_300,q_auto/igashop/images/231326"
Clairol Nice 'N Easy 8A Natural Medium Ash Blonde,$9.00,N/A,"https://cdn.metcash.media/image/upload/f_auto,c_limit,w_300,q_auto/igashop/images/190000002199"
Old El Paso Gluten Free Jumbo Tortillas 4 Pack,$6.00,$1.50 each,"https://cdn.metcash.media/image/upload/f_auto,c_limit,w_300,q_auto/igashop/images/160000013008"
U By Kotex Super Sport Ultrathins With Wings 10 Pack,$5.90,$0.59 each,"https://cdn.metcash.media/image/upload/f_auto,c_limit,w_300,q_auto/igashop/images/335557"
Table Of Plenty Mini Rice Cakes Berry Yoghurt Topped Snack Packs 84g,$7.00,$8.33/100g,https://www.igashop.com.au/static/default-product-image.png
Sirena Tuna In Oil Italian Style 185g,$4.70,$2.54/100g,"https://cdn.metcash.media/image/upload/f_auto,c_limit,w_300,q_auto/igashop/images/10071"
Ally Pink Salmon 415g,$7.40,$1.78/100g,"https://cdn.metcash.media/image/upload/f_auto,c_limit,w_300,q_auto/igashop/images/414194"
Crest Automatic Night Light 240V,$16.00,N/A,"https://cdn.metcash.media/image/upload/f_auto,c_limit,w_300,q_auto/igashop/images/899844"
Finish Quantum Ultimate Pro 0% Dishwashing Tablets 34 Pack,$38.00,$1.12 each,"https://cdn.metcash.media/image/upload/f_auto,c_limit,w_300,q_auto/igashop/images/160000011465"
Bega Cheese Burger Slices 250g,$5.50,$2.20/100g,"https://cdn.metcash.media/image/upload/f_auto,c_limit,w_300,q_auto/igashop/images/735184"
Always Fresh Olives Parmesan Stuffed 235g,$6.00,$2.55/100g,"https://cdn.metcash.media/image/upload/f_auto,c_limit,w_300,q_auto/igashop/images/867101"
Palmolive Ultra Vanilla & Berries Handwash 950mL,$4.75,$0.50/100mL,"https://cdn.metcash.media/image/upload/f_auto,c_limit,w_300,q_auto/igashop/images/552926"
Nestlé Nan Optipro 3 Toddler 1+ Years Milk Formula Powder 800g,$17.00,$2.13/100g,"https://cdn.metcash.media/image/upload/f_auto,c_limit,w_300,q_auto/igashop/images/356024"
Ecostore Laundry Soaker & Stain Remover 1kg,$10.60,$10.60/kg,"https://cdn.metcash.media/image/upload/f_auto,c_limit,w_300,q_auto/igashop/images/892473"
Cadbury Dairy Milk Caramello 345g,$8.50,$2.46/100g,"https://cdn.metcash.media/image/upload/f_auto,c_limit,w_300,q_auto/igashop/images/170000000455"
Kiwi Fruit Puffs 200g,$4.50,$2.25/100g,"https://cdn.metcash.media/image/upload/f_auto,c_limit,w_300,q_auto/igashop/images/20000006862"
Gillette Venus Smooth Women's Razor,$6.50,N/A,"https://cdn.metcash.media/image/upload/f_auto,c_limit,w_300,q_auto/igashop/images/62036"
Yates Zero Weedkiller Spray 2 Pack,$15.40,$7.70 each,"https://cdn.metcash.media/image/upload/f_auto,c_limit,w_300,q_auto/igashop/images/201428"
Pantene Pro-V Ultimate 10 Shampoo 900mL,$15.65,$1.74/100mL,"https://cdn.metcash.media/image/upload/f_auto,c_limit,w_300,q_auto/igashop/images/343283"
Passage To India Simmer Sauce Tikka Masala 375g,$6.30,$1.68/100g,"https://cdn.metcash.media/image/upload/f_auto,c_limit,w_300,q_auto/igashop/images/300646"
Deeko Bio Knives 10 Pack,$2.60,$0.26 each,"https://cdn.metcash.media/image/upload/f_auto,c_limit,w_300,q_auto/igashop/images/126767"
Cleaver's Organic Lamb Loin Chops 350g,Final cost based on weight,$17.15/$49.00,"https://cdn.metcash.media/image/upload/f_auto,c_limit,w_300,q_auto/igashop/images/180062"
Pacific Salt Flakes Box 250g,$8.95,$3.58/100g,https://www.igashop.com.au/static/default-product-image.png
Bellamy's Organic Vanilla & Pear Custard With Chia Seed 120g,$2.30,$1.92/100g,"https://cdn.metcash.media/image/upload/f_auto,c_limit,w_300,q_auto/igashop/images/968716"
Famous Soda Co Cola 330mL,$4.00,$1.21/100mL,"https://cdn.metcash.media/image/upload/f_auto,c_limit,w_300,q_auto/igashop/images/20000006089"
Tommee Tippee Novelty Hood Bottle,$7.00,N/A,"https://cdn.metcash.media/image/upload/f_auto,c_limit,w_300,q_auto/igashop/images/219031"
Musashi Energy Drink Green Apple 500mL,$4.50,$9.00/1L,"https://cdn.metcash.media/image/upload/f_auto,c_limit,w_300,q_auto/igashop/images/277539"
Grannys Muffin Apple & Cinnamon 400g,$4.65,$1.16/100g,"https://cdn.metcash.media/image/upload/f_auto,c_limit,w_300,q_auto/igashop/images/976942"
Youfoodz Chicken & Chorizo Fusilli With Sundried Tomato Sauce 330g,$10.80,$3.27/100g,"https://cdn.metcash.media/image/upload/f_auto,c_limit,w_300,q_auto/igashop/images/180000006558"
Primo Ham Protein Stackers 55g,$4.50,$8.18/100g,"https://cdn.metcash.media/image/upload/f_auto,c_limit,w_300,q_auto/igashop/images/1800000068323"
Cheer Cheese Block Colby 1kg,$14.95,$14.95/kg,"https://cdn.metcash.media/image/upload/f_auto,c_limit,w_300,q_auto/igashop/images/633793"
Cancer Council Sunscreen Repel SPF 50+ 110mL,$17.30,$15.73/100mL,"https://cdn.metcash.media/image/upload/f_auto,c_limit,w_300,q_auto/igashop/images/746795"
Community Co Almond Kernels 130g,$5.20,$4.00/100g,"https://cdn.metcash.media/image/upload/f_auto,c_limit,w_300,q_auto/igashop/images/846760"
Nature's Gift Meal Time Chicken Rice & Vegetables 1.2kg,$3.80,$3.17/kg,"https://cdn.metcash.media/image/upload/f_auto,c_limit,w_300,q_auto/igashop/images/766559"
Vicks Nasal Decongestant Inhaler 2 Pack,$14.90,$7.45 each,"https://cdn.metcash.media/image/upload/f_auto,c_limit,w_300,q_auto/igashop/images/160000003647"
Airborne Classic Liquid Honey 500g,$8.00,$1.60/100g,"https://cdn.metcash.media/image/upload/f_auto,c_limit,w_300,q_auto/igashop/images/869352"
"Peckish Fancies Rice Crackers Grilled Chorizo, Spanish Onion & Smoked Paprika 90g",$3.20,$3.56/100g,"https://cdn.metcash.media/image/upload/f_auto,c_limit,w_300,q_auto/igashop/images/20000007209"
Helga's Sweet Potato 445g,$3.50,$0.79/100g,"https://cdn.metcash.media/image/upload/f_auto,c_limit,w_300,q_auto/igashop/images/912008"
Dine Saucy Morsels With Tuna Mornay & Cheese 7 Pack,$10.00,$1.43 each,"https://cdn.metcash.media/image/upload/f_auto,c_limit,w_300,q_auto/igashop/images/636068"
Darrell Lea Milk Chocolate Minty Crunch BBs 152g,$6.00,$3.95/100g,https://www.igashop.com.au/static/default-product-image.png
Black & Gold Dust Pan & Brush Set,$2.50,N/A,"https://cdn.metcash.media/image/upload/f_auto,c_limit,w_300,q_auto/igashop/images/242068"
Optimum Cat Adult Natural Defences & Skin & Coat Chunks In Jelly 12 Pack,$17.90,$1.49 each,"https://cdn.metcash.media/image/upload/f_auto,c_limit,w_300,q_auto/igashop/images/399718_1"
Maybelline Mascara Great Lash Black 12.7mL,$12.00,$94.49/100mL,"https://cdn.metcash.media/image/upload/f_auto,c_limit,w_300,q_auto/igashop/images/83671"
Community Co Brie Wheel 125g,$3.50,$2.80/100g,"https://cdn.metcash.media/image/upload/f_auto,c_limit,w_300,q_auto/igashop/images/1800000068019"
Youfoodz BBQ Beef With Creamy Mash & Carrots 326g,$10.95,$3.36/100g,"https://cdn.metcash.media/image/upload/f_auto,c_limit,w_300,q_auto/igashop/images/220595"
Lavazza Espresso Barista Perfetto Coffee Beans 1kg,$42.00,$42.00/kg,"https://cdn.metcash.media/image/upload/f_auto,c_limit,w_300,q_auto/igashop/images/898322"
Green Kiwi Fruit,$1.80,N/A,"https://cdn.metcash.media/image/upload/f_auto,c_limit,w_300,q_auto/igashop/images/80050040"
My Muscle Chef Protein Ball Caramel & Sea Salt 40g,$4.30,$10.75/100g,"https://cdn.metcash.media/image/upload/f_auto,c_limit,w_300,q_auto/igashop/images/180000003140"
Hellmann's Mayonnaise Real Jar 800g,$11.00,$1.38/100g,"https://cdn.metcash.media/image/upload/f_auto,c_limit,w_300,q_auto/igashop/images/851045"
Kiddylicious Veggie Straws 12g,$1.75,$14.58/100g,"https://cdn.metcash.media/image/upload/f_auto,c_limit,w_300,q_auto/igashop/images/20000002775"
Mars Raspberry Smash 47g,$3.00,$6.38/100g,https://www.igashop.com.au/static/default-product-image.png
Finish Rinse Aid Regular 500mL,$7.95,$1.59/100mL,"https://cdn.metcash.media/image/upload/f_auto,c_limit,w_300,q_auto/igashop/images/603010"
Quilton Toilet Roll White 3ply Double Length 4 Pack,$5.95,$1.49 each,"https://cdn.metcash.media/image/upload/f_auto,c_limit,w_300,q_auto/igashop/images/676513"
YoPRO Perform High Protein Mango Passionfruit Yoghurt 175g,$3.90,$2.23/100g,"https://cdn.metcash.media/image/upload/f_auto,c_limit,w_300,q_auto/igashop/images/160000012131"
Jasper Coffee East Timor Maubisse Ground 250g,$14.50,$5.80/100g,https://www.igashop.com.au/static/default-product-image.png
Chris' Traditional Cheese & Chive Dip 200g,$4.75,$2.38/100g,"https://cdn.metcash.media/image/upload/f_auto,c_limit,w_300,q_auto/igashop/images/167080"
Brookfarm Prebiotic Paleo Granola Almond Coconut 300g,$16.50,$5.50/100g,"https://cdn.metcash.media/image/upload/f_auto,c_limit,w_300,q_auto/igashop/images/150000008215"
Hana Instant Red Miso Soup 27g,$3.00,$11.11/100g,"https://cdn.metcash.media/image/upload/f_auto,c_limit,w_300,q_auto/igashop/images/190000002190"
Pepsi Cola Soda Bottle 2L,$3.80,$1.90/1L,"https://cdn.metcash.media/image/upload/f_auto,c_limit,w_300,q_auto/igashop/images/14889"
Arnott's Chocolate Caramel Crowns 200g,$2.75,$1.38/100g,"https://cdn.metcash.media/image/upload/f_auto,c_limit,w_300,q_auto/igashop/images/469246"
Great Temptations Berry Swirls 6 Pack,$10.20,$1.70 each,"https://cdn.metcash.media/image/upload/f_auto,c_limit,w_300,q_auto/igashop/images/20000000697"
Darrell Lea Byo Rocklea Road Kit 484g,$10.00,$2.07/100g,https://www.igashop.com.au/static/default-product-image.png
Kellogg's K-Time Baked Twists Strawberry & Blueberry Flavour 6 Pack,$5.50,$0.92 each,"https://cdn.metcash.media/image/upload/f_auto,c_limit,w_300,q_auto/igashop/images/353149"
Global Seafoods Basa Fillets Frozen 1kg,$12.85,$12.85/kg,"https://cdn.metcash.media/image/upload/f_auto,c_limit,w_300,q_auto/igashop/images/102734"
Cuttaway Creek Jam Raspberry 220g,$8.95,$4.07/100g,https://www.igashop.com.au/static/default-product-image.png
Solo Energy Lemon 500mL,$3.75,$0.75/100mL,https://www.igashop.com.au/static/default-product-image.png
Ceres Organics Seaweed Snack Teriyaki 5g,$2.30,$46.00/100g,"https://cdn.metcash.media/image/upload/f_auto,c_limit,w_300,q_auto/igashop/images/20000001598"
Pandaroo Pure Sesame Oil 150mL,$4.85,$3.23/100mL,"https://cdn.metcash.media/image/upload/f_auto,c_limit,w_300,q_auto/igashop/images/20000002449"
Sunsilk Conditioner Addictive Brilliant Shine 700mL,$6.75,$0.96/100mL,"https://cdn.metcash.media/image/upload/f_auto,c_limit,w_300,q_auto/igashop/images/638824"
Only Organic Baby Food Rice Cakes Blueberry Apple 35g,$4.00,$11.43/100g,https://www.igashop.com.au/static/default-product-image.png
Signature Collection Chevre Plain Dairy Cheese 100g,$7.99,$7.99/100g,"https://cdn.metcash.media/image/upload/f_auto,c_limit,w_300,q_auto/igashop/images/190000004983"
ViledaAnsell Gloves Super Medium Size 8,$3.90,N/A,"https://cdn.metcash.media/image/upload/f_auto,c_limit,w_300,q_auto/igashop/images/285464"
Flora ProActiv Cholesterol Lowering Spread Original 750g,$12.00,$1.60/100g,"https://cdn.metcash.media/image/upload/f_auto,c_limit,w_300,q_auto/igashop/images/174422"
Nature's Way Vitagummies For Adults Multi-Vitamin 120 Pack,$28.00,$0.23 each,"https://cdn.metcash.media/image/upload/f_auto,c_limit,w_300,q_auto/igashop/images/79106"
Bulla Murray Street Blackberrry Swirl & Brownies Tub 460mL,$10.00,$2.17/100mL,"https://cdn.metcash.media/image/upload/f_auto,c_limit,w_300,q_auto/igashop/images/913868"
Green's Gluten Free Golden Butter Cake 470g,$5.50,$1.17/100g,"https://cdn.metcash.media/image/upload/f_auto,c_limit,w_300,q_auto/igashop/images/451138"
Nerada Cup or Pot Tea Bags 100 Pack,$4.60,$0.05 each,"https://cdn.metcash.media/image/upload/f_auto,c_limit,w_300,q_auto/igashop/images/160000012880"
Gravox Fuller Flavour Gravy Mix 425g,$6.00,$1.41/100g,"https://cdn.metcash.media/image/upload/f_auto,c_limit,w_300,q_auto/igashop/images/473300"
Fifya Vegan Guacamole 250g,$8.25,$3.30/100g,"https://cdn.metcash.media/image/upload/f_auto,c_limit,w_300,q_auto/igashop/images/8795"
Colgate Total Advanced Clean Fluoride Antibacterial Toothpaste 115g,$6.00,$5.22/100g,"https://cdn.metcash.media/image/upload/f_auto,c_limit,w_300,q_auto/igashop/images/31098"
Jalna A2 Protein Natural Yoghurt 1kg,$8.80,$8.80/kg,"https://cdn.metcash.media/image/upload/f_auto,c_limit,w_300,q_auto/igashop/images/548464"
Vitasoy Oat Unsweetened ESL 1L,$3.80,$3.80/1L,"https://cdn.metcash.media/image/upload/f_auto,c_limit,w_300,q_auto/igashop/images/418070"
Riviana Water Chestnuts Whole 230g,$1.50,$0.65/100g,"https://cdn.metcash.media/image/upload/f_auto,c_limit,w_300,q_auto/igashop/images/190000002320"
Pedigree Casserole With Chicken & Gravy Wet Dog Food Can 1.2kg,$4.50,$3.75/kg,"https://cdn.metcash.media/image/upload/f_auto,c_limit,w_300,q_auto/igashop/images/316786"
Korbond Party Novelty Bubbles,$4.30,N/A,"https://cdn.metcash.media/image/upload/f_auto,c_limit,w_300,q_auto/igashop/images/279992"
All The Graze Truffle Brie 125g,$6.50,$5.20/100g,https://www.igashop.com.au/static/default-product-image.png
Peckish Fancies Premium Flavoured Rice Crackers Aged Cheddar & Chives 90g,$3.00,$3.33/100g,"https://cdn.metcash.media/image/upload/f_auto,c_limit,w_300,q_auto/igashop/images/160000000838"
Saxa Pepper Grinder Black Peppercorn 45g,$4.80,$10.67/100g,"https://cdn.metcash.media/image/upload/f_auto,c_limit,w_300,q_auto/igashop/images/441010"
Black Swan Hommus Dip 200g,$3.90,$1.95/100g,"https://cdn.metcash.media/image/upload/f_auto,c_limit,w_300,q_auto/igashop/images/177637"
Smith's Salt & Vinegar 152g,$4.50,$2.96/100g,https://www.igashop.com.au/static/default-product-image.png
U By Kotex Mini Slim Tampons 16 Pack,$4.75,$0.30 each,"https://cdn.metcash.media/image/upload/f_auto,c_limit,w_300,q_auto/igashop/images/978041"
Mexican To Go Burrito 80g,$5.00,$6.25/100g,"https://cdn.metcash.media/image/upload/f_auto,c_limit,w_300,q_auto/igashop/images/1800000070929"
Guylian Temptations Mix Chocolate Snowman 135g,$12.80,$9.48/100g,https://www.igashop.com.au/static/default-product-image.png
MasterFoods Chinese 5 Spice 30g,$3.50,$11.67/100g,"https://cdn.metcash.media/image/upload/f_auto,c_limit,w_300,q_auto/igashop/images/363440"
Campbell's Country Ladle Potato & Leek Soup 505g,$4.50,$0.89/100g,"https://cdn.metcash.media/image/upload/f_auto,c_limit,w_300,q_auto/igashop/images/345468"
Mrs Clucks Organic Free Range Eggs XLarge 700g,$7.95,$1.14/100g,"https://cdn.metcash.media/image/upload/f_auto,c_limit,w_300,q_auto/igashop/images/20000002727"
Red Tractor Instant Oats 1kg,$6.10,$6.10/kg,"https://cdn.metcash.media/image/upload/f_auto,c_limit,w_300,q_auto/igashop/images/8655"
Black & Gold Aluminum Foil 30m x 30cm,$4.00,N/A,"https://cdn.metcash.media/image/upload/f_auto,c_limit,w_300,q_auto/igashop/images/13134"
Funtime Kids Bubble Bath Space Bubbles 1L,$3.00,$3.00/1L,"https://cdn.metcash.media/image/upload/f_auto,c_limit,w_300,q_auto/igashop/images/972760"
Dutch Comp Speculaas 400g,$6.50,$1.63/100g,"https://cdn.metcash.media/image/upload/f_auto,c_limit,w_300,q_auto/igashop/images/20000002926"
Voss Still Water 375mL,$3.55,$0.95/100mL,"https://cdn.metcash.media/image/upload/f_auto,c_limit,w_300,q_auto/igashop/images/613138"
Jack Hammer Adjustable Wrench 200mm,$8.90,N/A,"https://cdn.metcash.media/image/upload/f_auto,c_limit,w_300,q_auto/igashop/images/254879"
Always Fresh Cucumbers Bread & Butter 700g,$3.75,$0.54/100g,"https://cdn.metcash.media/image/upload/f_auto,c_limit,w_300,q_auto/igashop/images/575704"
Gluten Free Bakery Savoury Puff Pastry 750g,$17.00,$2.27/100g,"https://cdn.metcash.media/image/upload/f_auto,c_limit,w_300,q_auto/igashop/images/690062"
Pacific West Sweet & Sour Spring Rolls 430g,$6.65,$1.55/100g,"https://cdn.metcash.media/image/upload/f_auto,c_limit,w_300,q_auto/igashop/images/190000004875"
San Remo Curls Pasta No 27 500g,$2.95,$0.59/100g,"https://cdn.metcash.media/image/upload/f_auto,c_limit,w_300,q_auto/igashop/images/329357"
Glad to be Green 50% Plant Based Bags Large 25 Pack,$5.00,$0.20 each,"https://cdn.metcash.media/image/upload/f_auto,c_limit,w_300,q_auto/igashop/images/160000011742"
Youfoodz Buffalo Chicken & Loaded Potatoes With Sour Cream 324g,$10.80,$3.33/100g,https://www.igashop.com.au/static/default-product-image.png
Goodnessme Fruit Sticks Raspberry & Blueberry 120g,$6.00,$5.00/100g,"https://cdn.metcash.media/image/upload/f_auto,c_limit,w_300,q_auto/igashop/images/641505"
Steggles Pastry Chicken Enchilada Mexican 500g,$10.50,$2.10/100g,"https://cdn.metcash.media/image/upload/f_auto,c_limit,w_300,q_auto/igashop/images/620313"
Sprite Zero Sugar Lemonade Soft Drink Multipack Cans 6 Pack,$6.00,$1.00 each,"https://cdn.metcash.media/image/upload/f_auto,c_limit,w_300,q_auto/igashop/images/150000008052"
Lavazza Aluminium Espresso Classico 10 Pack,$7.50,$0.75 each,"https://cdn.metcash.media/image/upload/f_auto,c_limit,w_300,q_auto/igashop/images/613382"
Cadbury Baking Melts Milk Chocolate 225g,$7.95,$3.53/100g,"https://cdn.metcash.media/image/upload/f_auto,c_limit,w_300,q_auto/igashop/images/170000000933"
Red Rock Deli Chef Colab Crispy Chicken With Garlic & Sweet Soy 135g,$5.00,$3.70/100g,"https://cdn.metcash.media/image/upload/f_auto,c_limit,w_300,q_auto/igashop/images/538029"
Nuttelex Spread Table Original 1kg,$8.00,$8.00/kg,"https://cdn.metcash.media/image/upload/f_auto,c_limit,w_300,q_auto/igashop/images/20000006498"
Multix Snack Bag Reusable 3 Pack,$3.09,$1.03 each,"https://cdn.metcash.media/image/upload/f_auto,c_limit,w_300,q_auto/igashop/images/676885"
Red Rock Deli Style Basil Pesto Pecorino & Cashews 135g,$4.50,$3.33/100g,"https://cdn.metcash.media/image/upload/f_auto,c_limit,w_300,q_auto/igashop/images/420292"
Kook A Krumb Bread Crumbs Parmesan 200g,$4.70,$2.35/100g,"https://cdn.metcash.media/image/upload/f_auto,c_limit,w_300,q_auto/igashop/images/160000012730"
Tom Organic Tampons Mini 16 Pack,$6.50,$0.41 each,"https://cdn.metcash.media/image/upload/f_auto,c_limit,w_300,q_auto/igashop/images/782424"
Barker's Chipotle Sauce 300g,$6.95,$2.32/100g,"https://cdn.metcash.media/image/upload/f_auto,c_limit,w_300,q_auto/igashop/images/160000012544"
Carman's Honey Roasted Nut Crunchy Clusters 500g,$6.90,$1.38/100g,"https://cdn.metcash.media/image/upload/f_auto,c_limit,w_300,q_auto/igashop/images/304695"
Norco Salted Butter 250g,$5.40,$2.16/100g,"https://cdn.metcash.media/image/upload/f_auto,c_limit,w_300,q_auto/igashop/images/8851"
Uncle Tobys Natural Style Swiss Blend Muesli 1kg,$7.70,$7.70/kg,"https://cdn.metcash.media/image/upload/f_auto,c_limit,w_300,q_auto/igashop/images/72447"
Caffe Aurora Prima Qualita Ground Coffee 250g,$8.95,$3.58/100g,"https://cdn.metcash.media/image/upload/f_auto,c_limit,w_300,q_auto/igashop/images/160000014224"
OAK Plus Protein Vanilla Flavoured Milk 500mL,$4.40,$0.88/100mL,"https://cdn.metcash.media/image/upload/f_auto,c_limit,w_300,q_auto/igashop/images/29619"
Bae Juice 100% Korean Pear Juice 120mL,$4.50,$3.75/100mL,"https://cdn.metcash.media/image/upload/f_auto,c_limit,w_300,q_auto/igashop/images/20000003467"
Coca-Cola Classic Soft Drink Multipack Cans 30 Pack,$30.00,$1.00 each,"https://cdn.metcash.media/image/upload/f_auto,c_limit,w_300,q_auto/igashop/images/9300675012089_0"
Purina Total Care Flea Control Shampoo for Dogs 350mL,$13.50,$3.86/100mL,"https://cdn.metcash.media/image/upload/f_auto,c_limit,w_300,q_auto/igashop/images/392410"
Beerenberg Hot Tomato Sauce 300mL,$6.55,$2.18/100mL,"https://cdn.metcash.media/image/upload/f_auto,c_limit,w_300,q_auto/igashop/images/675677"
Bluebird Originals Potato Chips Sour Cream & Chives 150g,$4.80,$3.20/100g,"https://cdn.metcash.media/image/upload/f_auto,c_limit,w_300,q_auto/igashop/images/190000005219"
Five Brothers Pasta Sauce Provvista Sugo Classica 700g,$4.00,$0.57/100g,"https://cdn.metcash.media/image/upload/f_auto,c_limit,w_300,q_auto/igashop/images/393872"
Gloriously Free Uncontaminated Rolled Oats 500g,$16.95,$3.39/100g,"https://cdn.metcash.media/image/upload/f_auto,c_limit,w_300,q_auto/igashop/images/190000002141"
Community Co Raw Cashews 150g,$6.00,$4.00/100g,"https://cdn.metcash.media/image/upload/f_auto,c_limit,w_300,q_auto/igashop/images/851215"
Old El Paso Taco Shells Jumbo 10 Pack,$5.50,$0.55 each,"https://cdn.metcash.media/image/upload/f_auto,c_limit,w_300,q_auto/igashop/images/396419"
Community Co Wipes Antibacterical 20 Pack,$1.70,$0.09 each,https://www.igashop.com.au/static/default-product-image.png
Harpic Toilet Cleaner Summer Breeze Citrus 700mL,$7.00,$1.00/100mL,"https://cdn.metcash.media/image/upload/f_auto,c_limit,w_300,q_auto/igashop/images/898563"
Ferrero Rocher 8 Piece Heart Boxed Chocolate Gift 100g,$15.30,$15.30/100g,"https://cdn.metcash.media/image/upload/f_auto,c_limit,w_300,q_auto/igashop/images/937804"
Squid Brand Fish Sauce 300mL,$2.85,$0.95/100mL,"https://cdn.metcash.media/image/upload/f_auto,c_limit,w_300,q_auto/igashop/images/372130"
McKenzie's Egg Replacer 70g,$2.80,$4.00/100g,"https://cdn.metcash.media/image/upload/f_auto,c_limit,w_300,q_auto/igashop/images/533312"
Darrell Lea Caramel Craving Block 180g,$5.00,$2.78/100g,"https://cdn.metcash.media/image/upload/f_auto,c_limit,w_300,q_auto/igashop/images/682548"
Rexona Antiperspirant Aerosol Deodorant Advanced Protection Coconut Cleanse + Mint Scent for Men 220mL,$5.25,$2.39/100mL,"https://cdn.metcash.media/image/upload/f_auto,c_limit,w_300,q_auto/igashop/images/150000002100"
Chupa Chups Confectionery Mini U Easter Hexagon Tube 132g,$5.10,$3.86/100g,https://www.igashop.com.au/static/default-product-image.png
Starbucks Ready To Drink Frappuccino Mocha 280mL,$4.25,$15.18/1L,https://www.igashop.com.au/static/default-product-image.png
Peters Frosty Fruits Fruit Stack Ice Blocks 6 Pack,$5.40,$0.90 each,"https://cdn.metcash.media/image/upload/f_auto,c_limit,w_300,q_auto/igashop/images/407841"
Primo Thinly Sliced Turkey Breast 80g,$3.00,$3.75/100g,"https://cdn.metcash.media/image/upload/f_auto,c_limit,w_300,q_auto/igashop/images/700045"
Moccona Sugar Free Latte Sachets 10 Pack,$7.90,$0.79 each,"https://cdn.metcash.media/image/upload/f_auto,c_limit,w_300,q_auto/igashop/images/1800000067710"
Nature's Way Super Greens Plus 100g,$24.00,$24.00/100g,"https://cdn.metcash.media/image/upload/f_auto,c_limit,w_300,q_auto/igashop/images/78964"
Impressed Ginger Ninja Juice 1L,$5.50,$5.50/1L,"https://cdn.metcash.media/image/upload/f_auto,c_limit,w_300,q_auto/igashop/images/9302"
My Dog Tasty Kangaroo Loaf Classics Wet Dog Food Tray 100g,$1.40,$1.40/100g,"https://cdn.metcash.media/image/upload/f_auto,c_limit,w_300,q_auto/igashop/images/897449"
Alchemy Original Chai Elixir 300mL,$7.25,$2.42/100mL,"https://cdn.metcash.media/image/upload/f_auto,c_limit,w_300,q_auto/igashop/images/190000004852"
Pace Farm Natural Cage Eggs 700g,$3.49,$0.50/100g,"https://cdn.metcash.media/image/upload/f_auto,c_limit,w_300,q_auto/igashop/images/194744"
McKenzie's 12 Blend Soup Mix 375g,$2.60,$0.69/100g,"https://cdn.metcash.media/image/upload/f_auto,c_limit,w_300,q_auto/igashop/images/190000002896"
Kettle Flatbread Crackers Olive & Quinoa 150g,$3.80,$2.53/100g,"https://cdn.metcash.media/image/upload/f_auto,c_limit,w_300,q_auto/igashop/images/1800000070729_1"
CSR Golden Syrup Squeeze 500g,$4.00,$0.80/100g,"https://cdn.metcash.media/image/upload/f_auto,c_limit,w_300,q_auto/igashop/images/374247"
OAK Strawberry 750mL,$5.20,$0.69/100mL,"https://cdn.metcash.media/image/upload/f_auto,c_limit,w_300,q_auto/igashop/images/732681"
Sabco All Purpose Microfibre Cleaning Cloths 3 Pack,$4.30,$1.43 each,"https://cdn.metcash.media/image/upload/f_auto,c_limit,w_300,q_auto/igashop/images/699126"
Cuddly Aroma Collections Concentrate Fabric Softener Conditioner White Lily & French Vanilla 900mL,$10.50,$1.17/100mL,"https://cdn.metcash.media/image/upload/f_auto,c_limit,w_300,q_auto/igashop/images/853160"
Tommee Tippee Silicone Bowl And Spoon,$15.00,N/A,"https://cdn.metcash.media/image/upload/f_auto,c_limit,w_300,q_auto/igashop/images/417333"
Candy Market Fruit Sticks 200g,$2.50,$1.25/100g,"https://cdn.metcash.media/image/upload/f_auto,c_limit,w_300,q_auto/igashop/images/931609"
Devondale Three Cheese Shredded 600g,$10.80,$1.80/100g,"https://cdn.metcash.media/image/upload/f_auto,c_limit,w_300,q_auto/igashop/images/497846"
Fuze Peach Black Iced Tea Bottle 500mL,$2.75,$0.55/100mL,"https://cdn.metcash.media/image/upload/f_auto,c_limit,w_300,q_auto/igashop/images/983410"
Youfoodz Fuel'd Portuguese Chicken & Rice 430g,$10.80,$2.51/100g,"https://cdn.metcash.media/image/upload/f_auto,c_limit,w_300,q_auto/igashop/images/150000007628"
Multix Cup Cake Cases Plain & Printed Small 100 Pack,$3.25,$0.03 each,"https://cdn.metcash.media/image/upload/f_auto,c_limit,w_300,q_auto/igashop/images/42625"
Ice Break Strong Espresso 500mL,$3.95,$0.79/100mL,"https://cdn.metcash.media/image/upload/f_auto,c_limit,w_300,q_auto/igashop/images/180000003315"
Finish Quantum Ultimate Dishwasher Tablets Lemon Sparkle 50 Pack,$39.09,$0.78 each,"https://cdn.metcash.media/image/upload/f_auto,c_limit,w_300,q_auto/igashop/images/927930"
Mum's Favourites Cake Bar Madeira 600g,$10.95,$1.83/100g,"https://cdn.metcash.media/image/upload/f_auto,c_limit,w_300,q_auto/igashop/images/20000005506"
Bref Power Active Flower Blossom Rim Block Toilet Cleaner 50g,$3.50,$7.00/100g,"https://cdn.metcash.media/image/upload/f_auto,c_limit,w_300,q_auto/igashop/images/610606"
Whiskas 1+ Dry Cat Food Beef & Lamb Flavours 800g,$7.00,$0.88/100g,"https://cdn.metcash.media/image/upload/f_auto,c_limit,w_300,q_auto/igashop/images/150000006405"
MILKLAB Coconut 1L,$6.95,$6.95/1L,"https://cdn.metcash.media/image/upload/f_auto,c_limit,w_300,q_auto/igashop/images/173743"
Sensodyne Toothpaste Deep Clean 100g,$9.70,$9.70/100g,"https://cdn.metcash.media/image/upload/f_auto,c_limit,w_300,q_auto/igashop/images/539397"
OMO Expert Anti-Bacterial Laundry Powder 2kg,$36.00,$18.00/kg,"https://cdn.metcash.media/image/upload/f_auto,c_limit,w_300,q_auto/igashop/images/539054"
Chux Non-Scratch Silver Scourer,$2.30,N/A,"https://cdn.metcash.media/image/upload/f_auto,c_limit,w_300,q_auto/igashop/images/369666"
Lolly Bag Sour Colas 100g,$2.20,$2.20/100g,https://www.igashop.com.au/static/default-product-image.png
Reeses Chocolate Peanut Butter Creme Egg 34g,$3.00,$8.82/100g,"https://cdn.metcash.media/image/upload/f_auto,c_limit,w_300,q_auto/igashop/images/1800000069009"
Palmolive Naturals Bar Soap Replenishing Milk & Honey 4 Pack,$5.00,$1.25 each,"https://cdn.metcash.media/image/upload/f_auto,c_limit,w_300,q_auto/igashop/images/350086"
Gluten Free Bakehouse Cake Chocolate,$11.95,N/A,https://www.igashop.com.au/static/default-product-image.png
Purina One Adult Maturity 7+ Pet Food Dry Chicken 2.5kg,$22.00,$8.80/kg,"https://cdn.metcash.media/image/upload/f_auto,c_limit,w_300,q_auto/igashop/images/180000005638"
The Spice Tailor Delicate Korma Curry 300g,$6.70,$2.23/100g,"https://cdn.metcash.media/image/upload/f_auto,c_limit,w_300,q_auto/igashop/images/844996"
John West Tuna Tempters Mango Chilli 95g,$2.90,$3.05/100g,"https://cdn.metcash.media/image/upload/f_auto,c_limit,w_300,q_auto/igashop/images/479403"
Sirena Snacking Tuna & Aioli 75g,$3.20,$4.27/100g,"https://cdn.metcash.media/image/upload/f_auto,c_limit,w_300,q_auto/igashop/images/471272"
Kellogg's Nutri-Grain Bars Original 110g,$4.50,$4.09/100g,"https://cdn.metcash.media/image/upload/f_auto,c_limit,w_300,q_auto/igashop/images/303115"
Australia's Own Barista Oat Milk 1L,$4.50,$4.50/1L,"https://cdn.metcash.media/image/upload/f_auto,c_limit,w_300,q_auto/igashop/images/449005"
Baby Beetroot Prepack,$3.00,N/A,"https://cdn.metcash.media/image/upload/f_auto,c_limit,w_300,q_auto/igashop/images/80050129"
Riviana Brown Basmati Rice Extra Long Grain 1kg,$7.00,$7.00/kg,"https://cdn.metcash.media/image/upload/f_auto,c_limit,w_300,q_auto/igashop/images/308660"
Bulla Murray Street Caramelised Peanut Brittle 4 Pack,$11.00,$2.75 each,"https://cdn.metcash.media/image/upload/f_auto,c_limit,w_300,q_auto/igashop/images/721863"
Rowntree Fruit Pastilles 143g,$5.50,$3.85/100g,"https://cdn.metcash.media/image/upload/f_auto,c_limit,w_300,q_auto/igashop/images/150000007955"
Cottons Organic Ultra Thin Pads With Wings Super 12 Pack,$5.80,$0.48 each,"https://cdn.metcash.media/image/upload/f_auto,c_limit,w_300,q_auto/igashop/images/401183"
Lindt Excellence Caramelised Hazelnut 100g,$5.50,$5.50/100g,"https://cdn.metcash.media/image/upload/f_auto,c_limit,w_300,q_auto/igashop/images/370840"
Ready Chef Homestyle Beef Lasagne 2kg,$18.30,$9.15/kg,"https://cdn.metcash.media/image/upload/f_auto,c_limit,w_300,q_auto/igashop/images/124406"
"Fifya Vegan Dip Basil, Spinach & Roasted Cashew Pesto 250g",$8.40,$3.36/100g,"https://cdn.metcash.media/image/upload/f_auto,c_limit,w_300,q_auto/igashop/images/20000001858"
Whole Honeydew,$7.50,N/A,"https://cdn.metcash.media/image/upload/f_auto,c_limit,w_300,q_auto/igashop/images/80050036"
Cobram Extra Virgin Olive Oil Garlic & Chilli 250mL,$11.00,$4.40/100mL,"https://cdn.metcash.media/image/upload/f_auto,c_limit,w_300,q_auto/igashop/images/147771"
Ingham's Sweet Chilli Tender 1kg,$11.50,$11.50/kg,"https://cdn.metcash.media/image/upload/f_auto,c_limit,w_300,q_auto/igashop/images/705032"
Lindt Gold Milk Chocolate Easter Bunny 100g,$12.00,$12.00/100g,"https://cdn.metcash.media/image/upload/f_auto,c_limit,w_300,q_auto/igashop/images/999291"
Forager Fruits Strawberry 15g,$4.65,$31.00/100g,https://www.igashop.com.au/static/default-product-image.png
Mortein Insect Control Ant Sand 500g,$14.40,$2.88/100g,"https://cdn.metcash.media/image/upload/f_auto,c_limit,w_300,q_auto/igashop/images/377130"
Nescafe Gold Coffee Refill 180g,$11.50,$6.39/100g,"https://cdn.metcash.media/image/upload/f_auto,c_limit,w_300,q_auto/igashop/images/180000004819"
Youfoodz Fuel'D Chicken Fajita 400g,$11.95,$2.99/100g,https://www.igashop.com.au/static/default-product-image.png
Jack Hammer Hook S/S Large 2kg 2 Pack,$8.95,$4.48 each,https://www.igashop.com.au/static/default-product-image.png
Head & Shoulders Dry Scalp Care Coconut Oil Anti Dandruff Conditioner 400mL,$12.00,$3.00/100mL,"https://cdn.metcash.media/image/upload/f_auto,c_limit,w_300,q_auto/igashop/images/160000010991"
Magnum Ego Double Caramel,$6.00,N/A,"https://cdn.metcash.media/image/upload/f_auto,c_limit,w_300,q_auto/igashop/images/561535"
McCain Man Size Pub Style Parma 480g,$7.50,$1.56/100g,"https://cdn.metcash.media/image/upload/f_auto,c_limit,w_300,q_auto/igashop/images/701766"
Lenny & Larry's The Complete Cookie Snickerdoodle 113g,$6.50,$5.75/100g,"https://cdn.metcash.media/image/upload/f_auto,c_limit,w_300,q_auto/igashop/images/190000002007"
Praise Aioli Mayonnaise Deli Style Classic 250mL,$4.50,$1.80/100mL,"https://cdn.metcash.media/image/upload/f_auto,c_limit,w_300,q_auto/igashop/images/402061"
Atkins Endulge Milk Chocolate 5 Pack,$13.95,$2.79 each,"https://cdn.metcash.media/image/upload/f_auto,c_limit,w_300,q_auto/igashop/images/938258"
Vileda Wettex Cloth 1003 3 Pack,$4.70,$1.57 each,"https://cdn.metcash.media/image/upload/f_auto,c_limit,w_300,q_auto/igashop/images/472168"
"Bisolvon Cough Syrup Cough Relief, Immune Support 100mL",$10.95,$10.95/100mL,"https://cdn.metcash.media/image/upload/f_auto,c_limit,w_300,q_auto/igashop/images/216525"
Barilla Spaghetti Gluten Free 340g,$4.70,$1.38/100g,"https://cdn.metcash.media/image/upload/f_auto,c_limit,w_300,q_auto/igashop/images/919733"
MasterFoods Herbs & Spices Parsley Flakes 4g,$3.50,$87.50/100g,"https://cdn.metcash.media/image/upload/f_auto,c_limit,w_300,q_auto/igashop/images/363717"
Suimin K-Pow Bowl Noodles Chicken 105g,$3.50,$3.33/100g,"https://cdn.metcash.media/image/upload/f_auto,c_limit,w_300,q_auto/igashop/images/180000006392"
Cuddly Ultra Pure & Clear Violet & Ylang Fabric Softener 900mL,$10.50,$1.17/100mL,"https://cdn.metcash.media/image/upload/f_auto,c_limit,w_300,q_auto/igashop/images/536548"
V Energy Refresh Energy Drink Blackcurrant Yuzu 500mL,$4.25,$0.85/100mL,https://www.igashop.com.au/static/default-product-image.png
Chobani Yoghurt Pots Coconut 170g,$2.60,$1.53/100g,"https://cdn.metcash.media/image/upload/f_auto,c_limit,w_300,q_auto/igashop/images/180000000015"
Nature's Gift Adult All Breeds Wet Dog Food Strips Kangaroo In Gravy 6 Pack,$7.50,$1.25 each,"https://cdn.metcash.media/image/upload/f_auto,c_limit,w_300,q_auto/igashop/images/180000001131"
The Happy Donut Co Donut Jam Ball 4 Pack,$5.00,$1.25 each,"https://cdn.metcash.media/image/upload/f_auto,c_limit,w_300,q_auto/igashop/images/981439"
Tommee Tippee Closer to Nature Fun Style Soothers 18-36 Months 2 Pack,$12.00,$6.00 each,"https://cdn.metcash.media/image/upload/f_auto,c_limit,w_300,q_auto/igashop/images/916316"
Carman's Classic Fruit & Nut Muesli Bars 6 Pack,$7.50,$1.25 each,"https://cdn.metcash.media/image/upload/f_auto,c_limit,w_300,q_auto/igashop/images/975593"
Rexona Clinical Protection Summer Strength 45mL,$7.00,$15.56/100mL,"https://cdn.metcash.media/image/upload/f_auto,c_limit,w_300,q_auto/igashop/images/139854"
Bega Strong & Bitey Vintage Cheese 250g,$6.50,$2.60/100g,"https://cdn.metcash.media/image/upload/f_auto,c_limit,w_300,q_auto/igashop/images/112598"
Purina Total Care Nylon Dog Collar Small 45cm,$8.00,N/A,"https://cdn.metcash.media/image/upload/f_auto,c_limit,w_300,q_auto/igashop/images/685651"
My Muscle Chef Chicken Sundried Tomato Pasta Bake With Fetta 370g,$11.95,$3.23/100g,https://www.igashop.com.au/static/default-product-image.png
Queen Celebrating 120 Years Pure Vanilla Extract 100mL,$15.00,$15.00/100mL,"https://cdn.metcash.media/image/upload/f_auto,c_limit,w_300,q_auto/igashop/images/479115"
Continental Nutrish Snack Rockin Bangkok 80g,$3.70,$4.63/100g,"https://cdn.metcash.media/image/upload/f_auto,c_limit,w_300,q_auto/igashop/images/891265"
Nestlé Mint Pattie 20g,$1.75,$8.75/100g,"https://cdn.metcash.media/image/upload/f_auto,c_limit,w_300,q_auto/igashop/images/371215"
Maybelline Colossal Washable Mascara - Glam Black 10.7mL,$21.00,$196.26/100mL,"https://cdn.metcash.media/image/upload/f_auto,c_limit,w_300,q_auto/igashop/images/348403"
Jack Hammer Strip Removable Medium 8 Pack,$9.20,$1.15 each,https://www.igashop.com.au/static/default-product-image.png
Kewpie Mayonnaise Sriracha 300g,$5.50,$1.83/100g,"https://cdn.metcash.media/image/upload/f_auto,c_limit,w_300,q_auto/igashop/images/843961"
Korbond Trifle Bowl,$10.00,N/A,https://www.igashop.com.au/static/default-product-image.png
Energizer Vision HD Performance 3 AAA Torch,$29.50,N/A,"https://cdn.metcash.media/image/upload/f_auto,c_limit,w_300,q_auto/igashop/images/901743"
Energizer 1632 3V Lithium Batteries 2 Pack,$13.50,$6.75 each,"https://cdn.metcash.media/image/upload/f_auto,c_limit,w_300,q_auto/igashop/images/20000007353"
Pine O Cleen Disinfectant Wipes Fresh 150 Pack,$15.00,$0.10 each,https://www.igashop.com.au/static/default-product-image.png
Nerada Digest Tea Bags 20 Pack,$8.00,$0.40 each,"https://cdn.metcash.media/image/upload/f_auto,c_limit,w_300,q_auto/igashop/images/160000012868"
Thomas Cappo Seafoods Marinara Mix 500g,$15.30,$3.06/100g,https://www.igashop.com.au/static/default-product-image.png
Kinder Surprise Chocolate Egg Blue 20g,$2.80,$14.00/100g,"https://cdn.metcash.media/image/upload/f_auto,c_limit,w_300,q_auto/igashop/images/739146"
Meiji Biscuit Hello Panda Snacks Strawberry 50g,$2.09,$4.18/100g,"https://cdn.metcash.media/image/upload/f_auto,c_limit,w_300,q_auto/igashop/images/271237"
Campbell's Biscuit Tin Scotty Dog 90g,$9.00,$10.00/100g,https://www.igashop.com.au/static/default-product-image.png
OMO Expert Odour Eliminator Laundry Liquid 2L,$17.50,$8.75/1L,"https://cdn.metcash.media/image/upload/f_auto,c_limit,w_300,q_auto/igashop/images/539059"
Perfect Italiano Parmesan Shaved 125g,$4.50,$3.60/100g,"https://cdn.metcash.media/image/upload/f_auto,c_limit,w_300,q_auto/igashop/images/133536"
Cenovis Multivitamin Once Daily 50 Pack,$15.45,$0.31 each,"https://cdn.metcash.media/image/upload/f_auto,c_limit,w_300,q_auto/igashop/images/676490"
Mike & Ike Confectionery Tropical Video Box 120g,$4.95,$4.13/100g,https://www.igashop.com.au/static/default-product-image.png
"Nudie Juice Watermelon, Lychee, Pear & Lime 2L",$8.00,$4.00/1L,"https://cdn.metcash.media/image/upload/f_auto,c_limit,w_300,q_auto/igashop/images/180000000083"
Ben's Original Savoury Chicken Flavour Microwave Rice Pouch 250g,$4.70,$1.88/100g,"https://cdn.metcash.media/image/upload/f_auto,c_limit,w_300,q_auto/igashop/images/190000004557"
True Thai Sweet Chilli Sauce 300mL,$3.60,$1.20/100mL,"https://cdn.metcash.media/image/upload/f_auto,c_limit,w_300,q_auto/igashop/images/160000012603"
Picante Chargrilled Peppers Smoky Chipotle & Panela Cheese 170g,$5.50,$3.24/100g,"https://cdn.metcash.media/image/upload/f_auto,c_limit,w_300,q_auto/igashop/images/160000012337"
OAK Plus Protein Chocolate 500mL,$4.40,$0.88/100mL,"https://cdn.metcash.media/image/upload/f_auto,c_limit,w_300,q_auto/igashop/images/29596"
Morning Fresh Dishwashing Liquid Summer Berries 900mL,$10.00,$1.11/100mL,"https://cdn.metcash.media/image/upload/f_auto,c_limit,w_300,q_auto/igashop/images/180000002378"
My Berries Blueberries 1kg,$22.50,$22.50/kg,"https://cdn.metcash.media/image/upload/f_auto,c_limit,w_300,q_auto/igashop/images/20000006492"
Gravox Gravy Powder Traditional 200g,$4.20,$2.10/100g,"https://cdn.metcash.media/image/upload/f_auto,c_limit,w_300,q_auto/igashop/images/39847"
Meredith Natural Sheep Milk Yoghurt Blue 500g,$8.40,$1.68/100g,"https://cdn.metcash.media/image/upload/f_auto,c_limit,w_300,q_auto/igashop/images/20000006260"
Chux Non-Scratch Scourer with Super Absorbent Sponge,$2.50,N/A,"https://cdn.metcash.media/image/upload/f_auto,c_limit,w_300,q_auto/igashop/images/957605"
VitaPet Chewz Dog Treats Chicken Wrapped Rawhide Twists 5 Pack,$5.70,$1.14 each,"https://cdn.metcash.media/image/upload/f_auto,c_limit,w_300,q_auto/igashop/images/947891"
Maleny Dairies Blue Full Cream Milk 1L,$3.45,$3.45/1L,"https://cdn.metcash.media/image/upload/f_auto,c_limit,w_300,q_auto/igashop/images/190000003916"
Cadbury Twirl Crispy 40g,$3.00,$7.50/100g,"https://cdn.metcash.media/image/upload/f_auto,c_limit,w_300,q_auto/igashop/images/152014"
First Press 4-Shot Dairy Iced Coffee 350mL,$4.95,$1.41/100mL,https://www.igashop.com.au/static/default-product-image.png
Wildly Good Spicy Kraut 500g,$6.00,$1.20/100g,"https://cdn.metcash.media/image/upload/f_auto,c_limit,w_300,q_auto/igashop/images/190000002472"
Bulla Goodness Honey Muesli 170g,$4.35,$2.56/100g,https://www.igashop.com.au/static/default-product-image.png
Auscrown Butane Gas 250g,$4.70,$1.88/100g,"https://cdn.metcash.media/image/upload/f_auto,c_limit,w_300,q_auto/igashop/images/644833"
Schick Silk Effects Refills 4 Pack,$7.15,$1.79 each,"https://cdn.metcash.media/image/upload/f_auto,c_limit,w_300,q_auto/igashop/images/66938"
The Cobbler Company Shoe Laces Black 1 Pair 75cm 4/6 Eyelets,$2.40,N/A,https://www.igashop.com.au/static/default-product-image.png
Kettle Sea Salt & Vinegar Chips 165g,$3.00,$1.82/100g,"https://cdn.metcash.media/image/upload/f_auto,c_limit,w_300,q_auto/igashop/images/648866"
Compeed Cold Sore Patch 15 Pack,$17.00,$1.13 each,"https://cdn.metcash.media/image/upload/f_auto,c_limit,w_300,q_auto/igashop/images/190000010446"
Sunbeam Almonds Meal Value Pack 350g,$15.30,$4.37/100g,"https://cdn.metcash.media/image/upload/f_auto,c_limit,w_300,q_auto/igashop/images/302101"
Jack Hammer Utility Hooks 9 Pack,$6.95,$0.77 each,https://www.igashop.com.au/static/default-product-image.png
John West Salmon Tempters Coriander Chilli & Lime 95g,$3.50,$3.68/100g,"https://cdn.metcash.media/image/upload/f_auto,c_limit,w_300,q_auto/igashop/images/923143"
The Paw Grocer Air Dried Chicken Straps 100g,$7.40,$7.40/100g,https://www.igashop.com.au/static/default-product-image.png
Colgate Sensitive Pro Relief 50g,$6.95,$13.90/100g,"https://cdn.metcash.media/image/upload/f_auto,c_limit,w_300,q_auto/igashop/images/54020"
Mars Mixed Variety Chocolate Large Party Share Bag 20 Pack,$5.00,$0.25 each,"https://cdn.metcash.media/image/upload/f_auto,c_limit,w_300,q_auto/igashop/images/160000000370"
YoPRO Mango Pouch High Protein Yoghurt 150g,$3.20,$2.13/100g,"https://cdn.metcash.media/image/upload/f_auto,c_limit,w_300,q_auto/igashop/images/160000013304"
John West Salmon in Olive Oil 95g,$3.50,$3.68/100g,"https://cdn.metcash.media/image/upload/f_auto,c_limit,w_300,q_auto/igashop/images/333173"
Laucke Barossa Sourdough Rye Bread Mix 2.4kg,$10.90,$4.54/kg,"https://cdn.metcash.media/image/upload/f_auto,c_limit,w_300,q_auto/igashop/images/34504"
Qukes Baby Cucumbers Punnet 250 grams,$2.95,N/A,"https://cdn.metcash.media/image/upload/f_auto,c_limit,w_300,q_auto/igashop/images/1600568"
BIC Kids Crayons 12 Pack,$4.05,$0.34 each,"https://cdn.metcash.media/image/upload/f_auto,c_limit,w_300,q_auto/igashop/images/727791"
Uncle Tobys Plus Fibre 775g,$8.80,$1.14/100g,"https://cdn.metcash.media/image/upload/f_auto,c_limit,w_300,q_auto/igashop/images/775901"
Warwick Meats Beef Cracked Pepper & Worcestershire Sausage 500g,$8.50,$1.70/100g,"https://cdn.metcash.media/image/upload/f_auto,c_limit,w_300,q_auto/igashop/images/180000001284"
Newman's Horseradish 250g,$9.00,$3.60/100g,https://www.igashop.com.au/static/default-product-image.png
Heinz Classic Canned Soup Pea & Ham 535g,$4.40,$0.82/100g,"https://cdn.metcash.media/image/upload/f_auto,c_limit,w_300,q_auto/igashop/images/698837"
Golden Wok Mini Beef Dim Sims 40 Pack,$12.00,$0.30 each,"https://cdn.metcash.media/image/upload/f_auto,c_limit,w_300,q_auto/igashop/images/20000005892"
Macadamias Australia Milk Chocolate Clusters 110g,$11.95,$10.86/100g,https://www.igashop.com.au/static/default-product-image.png
Big Lolly Party Mix 200g,$2.50,$1.25/100g,"https://cdn.metcash.media/image/upload/f_auto,c_limit,w_300,q_auto/igashop/images/20000003211"
SPC Baked Beans Rich Tomato & VEGEMITE 4 Pack,$6.50,$1.63 each,"https://cdn.metcash.media/image/upload/f_auto,c_limit,w_300,q_auto/igashop/images/190000011696"
V Energy Drink Blue 4 Pack,$11.70,$2.93 each,"https://cdn.metcash.media/image/upload/f_auto,c_limit,w_300,q_auto/igashop/images/170871"
Connoisseur Salted Caramel & Macadamia 4 Pack,$5.50,$1.38 each,"https://cdn.metcash.media/image/upload/f_auto,c_limit,w_300,q_auto/igashop/images/573401"
Broccolini Bunch,$3.95,N/A,"https://cdn.metcash.media/image/upload/f_auto,c_limit,w_300,q_auto/igashop/images/80050004"
Youfoodz Protein Ball Turkish Delight 40g,$3.00,$7.50/100g,"https://cdn.metcash.media/image/upload/f_auto,c_limit,w_300,q_auto/igashop/images/190000003960"
Only Organic Banana Berry & Quinoa 120g,$2.15,$1.79/100g,"https://cdn.metcash.media/image/upload/f_auto,c_limit,w_300,q_auto/igashop/images/83260"
Cobram Estate Extra Virgin Rich Olive Oil 375mL,$11.00,$2.93/100mL,"https://cdn.metcash.media/image/upload/f_auto,c_limit,w_300,q_auto/igashop/images/180000000268"
Decor Match Ups Clips Square,$6.00,N/A,"https://cdn.metcash.media/image/upload/f_auto,c_limit,w_300,q_auto/igashop/images/946049"
Comfort Sky Blue Fabric Conditioner 900mL,$5.50,$0.61/100mL,"https://cdn.metcash.media/image/upload/f_auto,c_limit,w_300,q_auto/igashop/images/20000004985"
Devour Smoky Beef Chilli Mac 400g,$8.00,$2.00/100g,"https://cdn.metcash.media/image/upload/f_auto,c_limit,w_300,q_auto/igashop/images/944898"
Chobani FiT High Protein Greek Yoghurt Strawberry 160g,$3.00,$1.88/100g,"https://cdn.metcash.media/image/upload/f_auto,c_limit,w_300,q_auto/igashop/images/160000018281"
Black & Gold Paracetamol Tablets 288 Pack,$0.75,$0.00 each,https://www.igashop.com.au/static/default-product-image.png
Prime100 Chicken & Broccoli Dog Roll 1.7kg,$13.30,$7.82/kg,"https://cdn.metcash.media/image/upload/f_auto,c_limit,w_300,q_auto/igashop/images/20000005145"
Magnum Almond Ice Cream Dessert Sticks 4 Pack,$12.00,$3.00 each,"https://cdn.metcash.media/image/upload/f_auto,c_limit,w_300,q_auto/igashop/images/608609"
Black & Gold Sunflower Oil 2L,$8.50,$4.25/1L,"https://cdn.metcash.media/image/upload/f_auto,c_limit,w_300,q_auto/igashop/images/41242"
Pine O Cleen Washing Machine Cleaner Lemon Lime 250mL,$8.00,$3.20/100mL,"https://cdn.metcash.media/image/upload/f_auto,c_limit,w_300,q_auto/igashop/images/150000000077"
San Remo No. 2 Vermicelli 500g,$2.95,$0.59/100g,"https://cdn.metcash.media/image/upload/f_auto,c_limit,w_300,q_auto/igashop/images/46917"
Pauls Zymil Full Cream Milk 2L,$6.80,$3.40/1L,"https://cdn.metcash.media/image/upload/f_auto,c_limit,w_300,q_auto/igashop/images/88804"
Sol Breads Light Rye Vienna Sourdough 720g,$10.15,$1.41/100g,"https://cdn.metcash.media/image/upload/f_auto,c_limit,w_300,q_auto/igashop/images/150000007731"
Dynamo Professional Odour Capsules 29 Pack,$14.50,$0.50 each,https://www.igashop.com.au/static/default-product-image.png
OGX Bond Protein Repair Conditioner 385mL,$25.00,$6.49/100mL,https://www.igashop.com.au/static/default-product-image.png
Christmas Gift Wrap 4 Pack,$5.00,$1.25 each,"https://cdn.metcash.media/image/upload/f_auto,c_limit,w_300,q_auto/igashop/images/279900"
Prime Turkey Jerky 100% Australian Made 100g,$9.00,$9.00/100g,"https://cdn.metcash.media/image/upload/f_auto,c_limit,w_300,q_auto/igashop/images/190000002501"
The Dutch Company Apple Sauce 710g,$4.55,$0.64/100g,"https://cdn.metcash.media/image/upload/f_auto,c_limit,w_300,q_auto/igashop/images/160000013381"
Plain Mortadella 1kg,Final cost based on weight,$26.95/$26.95,"https://cdn.metcash.media/image/upload/f_auto,c_limit,w_300,q_auto/igashop/images/80072092"
Philips LED Edison Screw Warm White 14W,$9.00,N/A,"https://cdn.metcash.media/image/upload/f_auto,c_limit,w_300,q_auto/igashop/images/20000000486"
Arnott's Vita-Weat Cracker Sesame 250g,$3.00,$1.20/100g,"https://cdn.metcash.media/image/upload/f_auto,c_limit,w_300,q_auto/igashop/images/367070"
Fountain Mint Sauce 250mL,$3.80,$1.52/100mL,"https://cdn.metcash.media/image/upload/f_auto,c_limit,w_300,q_auto/igashop/images/615669"
John West Tempters Salmon Springwater 3 Pack,$7.90,$2.63 each,"https://cdn.metcash.media/image/upload/f_auto,c_limit,w_300,q_auto/igashop/images/1800000067642"
Community Co Laundry Liquid Sensations Lemon 1L,$3.90,$3.90/1L,https://www.igashop.com.au/static/default-product-image.png
Starbucks By Nespresso Single Origin Sumatra Coffee Pods 10 Pack,$9.30,$0.93 each,"https://cdn.metcash.media/image/upload/f_auto,c_limit,w_300,q_auto/igashop/images/926340"
Schwarzkopf Brilliance 03 Dark Amethyst,$19.50,N/A,"https://cdn.metcash.media/image/upload/f_auto,c_limit,w_300,q_auto/igashop/images/245281"
Sukin Brightening Glow Night Moisturiser Jar 50mL,$21.40,$42.80/100mL,"https://cdn.metcash.media/image/upload/f_auto,c_limit,w_300,q_auto/igashop/images/516182"
Pepsi Cola Soft Drink 10 Pack,$9.50,$0.95 each,"https://cdn.metcash.media/image/upload/f_auto,c_limit,w_300,q_auto/igashop/images/1800000067774"
WaterWipes Baby & Newborn Sensitive Wipes 60 Pack,$8.50,$0.14 each,"https://cdn.metcash.media/image/upload/f_auto,c_limit,w_300,q_auto/igashop/images/986222"
F. Whitlock & Sons Texas BBQ Style Marinade 400mL,$5.50,$1.38/100mL,"https://cdn.metcash.media/image/upload/f_auto,c_limit,w_300,q_auto/igashop/images/160000012247"
Selsun Blue Replenishing Anti-Dandruff Shampoo 200mL,$6.50,$3.25/100mL,"https://cdn.metcash.media/image/upload/f_auto,c_limit,w_300,q_auto/igashop/images/160000003196"
Kellogg's Special K Original 535g,$7.65,$1.43/100g,"https://cdn.metcash.media/image/upload/f_auto,c_limit,w_300,q_auto/igashop/images/300028"
Thomas Cappo Seafoods Raw Prawn Meat 1kg,$38.25,$38.25/kg,https://www.igashop.com.au/static/default-product-image.png
Tio Tito Taco Sauce 200g,$4.10,$2.05/100g,https://www.igashop.com.au/static/default-product-image.png
Only Juice Co. Mega C Reconstituted Orange Juice 2L,$8.50,$4.25/1L,"https://cdn.metcash.media/image/upload/f_auto,c_limit,w_300,q_auto/igashop/images/316875"
Bulla Murray St Ice Creamery Chocolate & Fudge Ripple 1L,$12.00,$12.00/1L,"https://cdn.metcash.media/image/upload/f_auto,c_limit,w_300,q_auto/igashop/images/652530"
Clairol Nice N Easy Extra Light Blond 9.5,$9.00,N/A,"https://cdn.metcash.media/image/upload/f_auto,c_limit,w_300,q_auto/igashop/images/922587"
L'Oreal Wrinkle Expert + SPF15 Day Cream 50mL,$18.00,$36.00/100mL,"https://cdn.metcash.media/image/upload/f_auto,c_limit,w_300,q_auto/igashop/images/681775"
Arnott's Cheeseboard Cracker Assortment 250g,$6.90,$2.76/100g,"https://cdn.metcash.media/image/upload/f_auto,c_limit,w_300,q_auto/igashop/images/971861"
Betty Crocker Frosting Cream Cheese 400g,$3.50,$0.88/100g,"https://cdn.metcash.media/image/upload/f_auto,c_limit,w_300,q_auto/igashop/images/535063"
Oh What Fun Wrapping Paper Cutter,$1.00,N/A,https://www.igashop.com.au/static/default-product-image.png
Zooper Dooper No Sugar 24 Pack,$6.20,$0.26 each,"https://cdn.metcash.media/image/upload/f_auto,c_limit,w_300,q_auto/igashop/images/869543"
Glad Bag Wavetop 20 Pack,$5.50,$0.28 each,"https://cdn.metcash.media/image/upload/f_auto,c_limit,w_300,q_auto/igashop/images/326338"
John West Three Beans Tuna & Beans 185g,$4.60,$2.49/100g,"https://cdn.metcash.media/image/upload/f_auto,c_limit,w_300,q_auto/igashop/images/405844"
Community Co Greek Style Yoghurt 500g,$3.50,$0.70/100g,"https://cdn.metcash.media/image/upload/f_auto,c_limit,w_300,q_auto/igashop/images/879027"
Birds Eye Oven Bake Lightly Battered Fish 6 Pack,$6.00,$1.00 each,"https://cdn.metcash.media/image/upload/f_auto,c_limit,w_300,q_auto/igashop/images/190211"
3M Command Picture Hanging Strips Large Black,$9.35,N/A,"https://cdn.metcash.media/image/upload/f_auto,c_limit,w_300,q_auto/igashop/images/212372"
Old El Paso Stand N Stuff Taco Shells 160g,$5.50,$3.44/100g,"https://cdn.metcash.media/image/upload/f_auto,c_limit,w_300,q_auto/igashop/images/629480"
Sakata Plain Rice Crackers 90g,$2.50,$2.78/100g,"https://cdn.metcash.media/image/upload/f_auto,c_limit,w_300,q_auto/igashop/images/673756"
Sorbent Silky White Facial Tissues 170 Pack,$2.40,$0.01 each,"https://cdn.metcash.media/image/upload/f_auto,c_limit,w_300,q_auto/igashop/images/86886"
Devondale Dairy Soft Salt Reduced Butter Blend 500g,$6.70,$1.34/100g,"https://cdn.metcash.media/image/upload/f_auto,c_limit,w_300,q_auto/igashop/images/195148"
Optimum Kitten Wet Cat Food Salmon In Jelly Pouch 12 Pack,$17.90,$1.49 each,"https://cdn.metcash.media/image/upload/f_auto,c_limit,w_300,q_auto/igashop/images/413004_1"
Primo Thin Franks 1kg,$8.00,$8.00/kg,"https://cdn.metcash.media/image/upload/f_auto,c_limit,w_300,q_auto/igashop/images/140698"
Green Vie Greek Style Feta 200g,$8.95,$4.48/100g,"https://cdn.metcash.media/image/upload/f_auto,c_limit,w_300,q_auto/igashop/images/20000006866"
Raw C Coconut Milk Chocolate 325mL,$3.50,$1.08/100mL,"https://cdn.metcash.media/image/upload/f_auto,c_limit,w_300,q_auto/igashop/images/9564"
Energizer Advanced AA Batteries 4 Pack,$10.30,$2.58 each,"https://cdn.metcash.media/image/upload/f_auto,c_limit,w_300,q_auto/igashop/images/717958"
Ashgrove Extra Tasty Cheddar Cheese 140g,$7.95,$5.68/100g,"https://cdn.metcash.media/image/upload/f_auto,c_limit,w_300,q_auto/igashop/images/1525"
Earth Choice Floor & Surface Eucalyptus Cleaner 1L,$3.45,$3.45/1L,"https://cdn.metcash.media/image/upload/f_auto,c_limit,w_300,q_auto/igashop/images/388076"
Rosella Aristocrat Onions Cocktail Green 150g,$2.40,$1.60/100g,"https://cdn.metcash.media/image/upload/f_auto,c_limit,w_300,q_auto/igashop/images/35259"
Nurofen Zavance Tablets 24s 200mg Ibuprofen Pain Relief 24 Pack,$9.00,$0.38 each,"https://cdn.metcash.media/image/upload/f_auto,c_limit,w_300,q_auto/igashop/images/401824"
Daily Company Juice Orange Pulp Free 2L,$6.50,$3.25/1L,"https://cdn.metcash.media/image/upload/f_auto,c_limit,w_300,q_auto/igashop/images/175457"
Christmas Santa Sack Giant,$2.00,N/A,"https://cdn.metcash.media/image/upload/f_auto,c_limit,w_300,q_auto/igashop/images/280529"
Safcol Delicatessen Mussels in Tomato Sauce 85g,$2.00,$2.35/100g,"https://cdn.metcash.media/image/upload/f_auto,c_limit,w_300,q_auto/igashop/images/610038"
Peters Original Lil Pops Strawberry 9 Pack,$8.00,$0.89 each,"https://cdn.metcash.media/image/upload/f_auto,c_limit,w_300,q_auto/igashop/images/1800000068405"
Bega Farmer's Tasty Grated Cheese 300g,$6.50,$2.17/100g,"https://cdn.metcash.media/image/upload/f_auto,c_limit,w_300,q_auto/igashop/images/168594"
Banjo Mint Carob Bear 15g,$1.70,$11.33/100g,"https://cdn.metcash.media/image/upload/f_auto,c_limit,w_300,q_auto/igashop/images/190000001254"
Ever Eco Reusable Mesh Prod Bags 8 Pack,$14.95,$1.87 each,https://www.igashop.com.au/static/default-product-image.png
Cobs Popcorn Best Ever Butter 90g,$2.80,$3.11/100g,"https://cdn.metcash.media/image/upload/f_auto,c_limit,w_300,q_auto/igashop/images/20000006064"
My Berries Frozen Blueberries 350g,$8.95,$2.56/100g,"https://cdn.metcash.media/image/upload/f_auto,c_limit,w_300,q_auto/igashop/images/20000005317"
Maggi Fusian Noodle Cup Japanese Teriyaki 62g,$1.25,$2.02/100g,"https://cdn.metcash.media/image/upload/f_auto,c_limit,w_300,q_auto/igashop/images/684587"
Zoomies Dog Treat Beef Burger 200g,$7.15,$3.58/100g,"https://cdn.metcash.media/image/upload/f_auto,c_limit,w_300,q_auto/igashop/images/180000005624"
Youfoodz Super Boosta Shot 100mL,$3.00,$3.00/100mL,"https://cdn.metcash.media/image/upload/f_auto,c_limit,w_300,q_auto/igashop/images/150000007629"
Madame Wong Dried Red Chilli 100g,$4.60,$4.60/100g,"https://cdn.metcash.media/image/upload/f_auto,c_limit,w_300,q_auto/igashop/images/20000005281"
McCain Brussel Sprouts 500g,$6.10,$1.22/100g,"https://cdn.metcash.media/image/upload/f_auto,c_limit,w_300,q_auto/igashop/images/107200"
Mother Energy Passion 500mL,$3.30,$0.66/100mL,"https://cdn.metcash.media/image/upload/f_auto,c_limit,w_300,q_auto/igashop/images/993931_1"
Violet Crumble Caramel Santa 27g,$1.25,$4.63/100g,https://www.igashop.com.au/static/default-product-image.png
Aunt Betty Creamy Rice Vanilla Tin 425g,$3.80,$0.89/100g,https://www.igashop.com.au/static/default-product-image.png
McKenzie's Ground Nutmeg 50g,$2.50,$5.00/100g,"https://cdn.metcash.media/image/upload/f_auto,c_limit,w_300,q_auto/igashop/images/190000002897"
McCormick Sea Salt Grinder Adjustable 60g,$2.70,$4.50/100g,"https://cdn.metcash.media/image/upload/f_auto,c_limit,w_300,q_auto/igashop/images/190000004547"
Kinder Surprise Easter Bunny - Blue 75g,$9.20,$12.27/100g,"https://cdn.metcash.media/image/upload/f_auto,c_limit,w_300,q_auto/igashop/images/190000009800"
Campbell's Soup Condensed Cream of Chicken & Corn 420g,$2.20,$0.52/100g,"https://cdn.metcash.media/image/upload/f_auto,c_limit,w_300,q_auto/igashop/images/14978"
Oreo Original Minecraft 140g,$3.25,$2.32/100g,https://www.igashop.com.au/static/default-product-image.png
Nobby's Cashews Salted 300g,$10.00,$3.33/100g,"https://cdn.metcash.media/image/upload/f_auto,c_limit,w_300,q_auto/igashop/images/452841"
Birds Eye Golden Crunch Lattice 750g,$6.00,$0.80/100g,"https://cdn.metcash.media/image/upload/f_auto,c_limit,w_300,q_auto/igashop/images/597447_2"
Riverina Smooth Fetta 200g,$4.70,$2.35/100g,"https://cdn.metcash.media/image/upload/f_auto,c_limit,w_300,q_auto/igashop/images/180000001382"
Buderim Ginger Original Ginger Marmalade 365g,$6.50,$1.78/100g,"https://cdn.metcash.media/image/upload/f_auto,c_limit,w_300,q_auto/igashop/images/455213"
Fronti Red Sparkling Non Alcoholic 750mL,$5.50,$0.73/100mL,"https://cdn.metcash.media/image/upload/f_auto,c_limit,w_300,q_auto/igashop/images/384909"
Youfoodz Chilli Con Carne & Mexican Rice 340g,$11.95,$3.51/100g,https://www.igashop.com.au/static/default-product-image.png
Mrs Mac's Microwave Beef & Cheese Pie 175g,$4.00,$2.29/100g,"https://cdn.metcash.media/image/upload/f_auto,c_limit,w_300,q_auto/igashop/images/551954"
DON Turkey Shaved Deli Style 160g,$5.90,$3.69/100g,"https://cdn.metcash.media/image/upload/f_auto,c_limit,w_300,q_auto/igashop/images/20000006979"
Pana Organic Dark Mint Crunch Egg 100g,$10.00,$10.00/100g,"https://cdn.metcash.media/image/upload/f_auto,c_limit,w_300,q_auto/igashop/images/375492"
Tassal Salmon Smoked Lemon 90g,$8.45,$9.39/100g,"https://cdn.metcash.media/image/upload/f_auto,c_limit,w_300,q_auto/igashop/images/895502"
Captain's Table Water Crackers Chilli Salt 125g,$2.20,$1.76/100g,"https://cdn.metcash.media/image/upload/f_auto,c_limit,w_300,q_auto/igashop/images/977671"
Masterfoods Herbs And Spices Coriander Seed Ground 30g,$3.50,$11.67/100g,"https://cdn.metcash.media/image/upload/f_auto,c_limit,w_300,q_auto/igashop/images/180000005694"
Three Threes Beetroot Whole 415g,$3.85,$0.93/100g,"https://cdn.metcash.media/image/upload/f_auto,c_limit,w_300,q_auto/igashop/images/180000001729"
Dove Advanced Antiperspirant Aerosol Sport Wallabies 250mL,$5.50,$2.20/100mL,"https://cdn.metcash.media/image/upload/f_auto,c_limit,w_300,q_auto/igashop/images/180000005911"
Lynx Antiperspirant Aerosol Antiperspirant Epic Fresh 165mL,$8.00,$4.85/100mL,"https://cdn.metcash.media/image/upload/f_auto,c_limit,w_300,q_auto/igashop/images/596996"
Decor Tellfresh Storer 1.8L,$6.50,N/A,"https://cdn.metcash.media/image/upload/f_auto,c_limit,w_300,q_auto/igashop/images/227369"
MasterFoods Chilli Ground 27g,$3.50,$12.96/100g,"https://cdn.metcash.media/image/upload/f_auto,c_limit,w_300,q_auto/igashop/images/363432"
The Carob Kitchen Vegan Banjo The Carob Bear Coconut 15g,$1.70,$11.33/100g,"https://cdn.metcash.media/image/upload/f_auto,c_limit,w_300,q_auto/igashop/images/7295"
Cadbury Dairy Milk Egg Crate 170g,$8.00,$4.71/100g,"https://cdn.metcash.media/image/upload/f_auto,c_limit,w_300,q_auto/igashop/images/190000009667"
Zeiss Lens Wipes 10 Pack,$1.90,$0.19 each,https://www.igashop.com.au/static/default-product-image.png
Leggo's Pasta Sauce Bolognese Mushroom 500g,$2.30,$0.46/100g,"https://cdn.metcash.media/image/upload/f_auto,c_limit,w_300,q_auto/igashop/images/612496"
Canon Chicken BBQ Poppers 550g,$8.00,$1.45/100g,"https://cdn.metcash.media/image/upload/f_auto,c_limit,w_300,q_auto/igashop/images/Canon_Chicken_BBQ_Poppers"
Mount Franklin Lightly Sparkling Water Bottle 450mL,$3.35,$0.74/100mL,"https://cdn.metcash.media/image/upload/f_auto,c_limit,w_300,q_auto/igashop/images/9300624017523_1"
Purina Friskies Adult Meaty Grills Dry Cat Food 2.5kg,$13.90,$5.56/kg,"https://cdn.metcash.media/image/upload/f_auto,c_limit,w_300,q_auto/igashop/images/307672"
L'OR Espresso Ristretto Coffee Capsules 40 Pack,$8.00,$0.20 each,"https://cdn.metcash.media/image/upload/f_auto,c_limit,w_300,q_auto/igashop/images/861862"
John West Salmon Smoked Flavour 95g,$3.50,$3.68/100g,"https://cdn.metcash.media/image/upload/f_auto,c_limit,w_300,q_auto/igashop/images/362999"
A2 Milk Lactose Free Full Cream Milk 2L,$6.90,$3.45/1L,"https://cdn.metcash.media/image/upload/f_auto,c_limit,w_300,q_auto/igashop/images/87769"
Redberry Non Slip Tortoise Shell,$4.30,N/A,"https://cdn.metcash.media/image/upload/f_auto,c_limit,w_300,q_auto/igashop/images/248467"
Four 'N Twenty Angus Beef and Pepper Pie 4 Pack,$12.50,$3.13 each,"https://cdn.metcash.media/image/upload/f_auto,c_limit,w_300,q_auto/igashop/images/170000000725"
Birds Eye Oven Bake Crumbed Lemon Pepper 425g,$6.00,$1.41/100g,"https://cdn.metcash.media/image/upload/f_auto,c_limit,w_300,q_auto/igashop/images/141296"
Birds Eye Deli French Fries Garlic Herb & Lemon 600g,$4.95,$0.83/100g,"https://cdn.metcash.media/image/upload/f_auto,c_limit,w_300,q_auto/igashop/images/837729"
Blue Ribbon Frozen Dessert Honeycomb 2L,$6.50,$3.25/1L,"https://cdn.metcash.media/image/upload/f_auto,c_limit,w_300,q_auto/igashop/images/180000006256"
Cold Power Odour Fighter Laundry Triple Capsules 630g,$26.00,$4.13/100g,https://www.igashop.com.au/static/default-product-image.png
Great Temptations Gluten Free Double Choc Chip Muffins 180g,$6.50,$3.61/100g,"https://cdn.metcash.media/image/upload/f_auto,c_limit,w_300,q_auto/igashop/images/20000000705"
Golden Circle Pineapple & Coconut Fruit Drink 1L,$2.40,$2.40/1L,"https://cdn.metcash.media/image/upload/f_auto,c_limit,w_300,q_auto/igashop/images/410687"
Milton Antibacterial Surface Wipes 30 Pack,$5.50,$0.18 each,"https://cdn.metcash.media/image/upload/f_auto,c_limit,w_300,q_auto/igashop/images/748556"
Batiste Original Dry Shampoo 350mL,$19.00,$5.43/100mL,"https://cdn.metcash.media/image/upload/f_auto,c_limit,w_300,q_auto/igashop/images/160000011077"
The Market Grocer Ceasar's Dressing 320mL,$8.95,$2.80/100mL,"https://cdn.metcash.media/image/upload/f_auto,c_limit,w_300,q_auto/igashop/images/5052"
Bosisto's Desert Lime And Eucalyptus Hand Wash 500mL,$6.50,$1.30/100mL,"https://cdn.metcash.media/image/upload/f_auto,c_limit,w_300,q_auto/igashop/images/262898"
Community Co Eggs Jumbo Free Range 800g,$8.20,$1.03/100g,"https://cdn.metcash.media/image/upload/f_auto,c_limit,w_300,q_auto/igashop/images/621851"
Chobani FiT High Protein Greek Yoghurt Tropical 160g,$3.00,$1.88/100g,"https://cdn.metcash.media/image/upload/f_auto,c_limit,w_300,q_auto/igashop/images/160000018283"
Sakata Cheese Rice Crackers 90g,$2.50,$2.78/100g,"https://cdn.metcash.media/image/upload/f_auto,c_limit,w_300,q_auto/igashop/images/674008"
Nice & Natural Almond Nut Bar 6 Pack,$3.00,$0.50 each,"https://cdn.metcash.media/image/upload/f_auto,c_limit,w_300,q_auto/igashop/images/190000001895"
Palmolive Antibacterial Defence Pump 250mL,$2.50,$1.00/100mL,"https://cdn.metcash.media/image/upload/f_auto,c_limit,w_300,q_auto/igashop/images/91218"
CSR Sugar Muscovado 250g,$3.60,$1.44/100g,"https://cdn.metcash.media/image/upload/f_auto,c_limit,w_300,q_auto/igashop/images/243593"
Gravox Mushroom & Garlic Finishing Sauce 165g,$3.50,$2.12/100g,"https://cdn.metcash.media/image/upload/f_auto,c_limit,w_300,q_auto/igashop/images/493562"
Nicorette Quit Smoking Quick Mist Mouth Spray Berry 13.2mL,$40.00,$303.03/100mL,"https://cdn.metcash.media/image/upload/f_auto,c_limit,w_300,q_auto/igashop/images/628997"
Rexona Advanced Antiperspirant Aerosol Energise 220mL,$4.80,$2.18/100mL,https://www.igashop.com.au/static/default-product-image.png
Caffe Aurora Espresso Ground Coffee 250g,$8.95,$3.58/100g,"https://cdn.metcash.media/image/upload/f_auto,c_limit,w_300,q_auto/igashop/images/160000014232"
Only Organic Vegetable Macaroni Cheese 220g,$3.85,$1.75/100g,"https://cdn.metcash.media/image/upload/f_auto,c_limit,w_300,q_auto/igashop/images/362282"
Palmolive Men Rapid Shave Sensitive Foam With Aloe Vera 250g,$4.50,$1.80/100g,"https://cdn.metcash.media/image/upload/f_auto,c_limit,w_300,q_auto/igashop/images/308539"
Lavazza Qualita Oro Ground Coffee 250g,$11.00,$4.40/100g,"https://cdn.metcash.media/image/upload/f_auto,c_limit,w_300,q_auto/igashop/images/898241"
Dove Men+ Care Advanced Antiperspirant Aerosol Invisible Dry 250mL,$5.75,$2.30/100mL,"https://cdn.metcash.media/image/upload/f_auto,c_limit,w_300,q_auto/igashop/images/666597"
Riviana Baby Prawns 200g,$6.00,$3.00/100g,"https://cdn.metcash.media/image/upload/f_auto,c_limit,w_300,q_auto/igashop/images/751334"
The Cheese Board Fetta With Garlic Herbs & Extra Virgin Olive Oil 335g,$10.95,$3.27/100g,"https://cdn.metcash.media/image/upload/f_auto,c_limit,w_300,q_auto/igashop/images/661"
Don Bacon Real Diced 2kg,Final cost based on weight,$18.50/$9.25,"https://cdn.metcash.media/image/upload/f_auto,c_limit,w_300,q_auto/igashop/images/142360"
Famous Soda Co Pink Lemonade Soft Drink 4 Pack,$10.95,$2.74 each,"https://cdn.metcash.media/image/upload/f_auto,c_limit,w_300,q_auto/igashop/images/9015"
Pak Choy Baby Asian Greens,$3.90,N/A,"https://cdn.metcash.media/image/upload/f_auto,c_limit,w_300,q_auto/igashop/images/80050052"
Rexona Men Antiperspirant Roll On Ice Cool 50mL,$3.50,$7.00/100mL,"https://cdn.metcash.media/image/upload/f_auto,c_limit,w_300,q_auto/igashop/images/306383"
Colgate Plax Alcohol Free Mouthwash Peppermint 500mL,$7.00,$1.40/100mL,"https://cdn.metcash.media/image/upload/f_auto,c_limit,w_300,q_auto/igashop/images/454754"
McKenzie's Soup Mix Italian Style 375g,$2.60,$0.69/100g,"https://cdn.metcash.media/image/upload/f_auto,c_limit,w_300,q_auto/igashop/images/5092"
Nature's Gift Meal Time Beef Barley & Vegetable 700g,$1.95,$0.28/100g,"https://cdn.metcash.media/image/upload/f_auto,c_limit,w_300,q_auto/igashop/images/978274"
Mennen Lady Speed Stick Women's Antiperspirant Deodorant Orchard Blossom 24 Hour Protection 45g,$4.50,$10.00/100g,"https://cdn.metcash.media/image/upload/f_auto,c_limit,w_300,q_auto/igashop/images/324640"
The Paw Grocer Salmon Belly 90g,$13.00,$14.44/100g,"https://cdn.metcash.media/image/upload/f_auto,c_limit,w_300,q_auto/igashop/images/206818"
Schwarzkopf Extra Care Colour Perfector Protecting Shampoo 400mL,$5.00,$1.25/100mL,"https://cdn.metcash.media/image/upload/f_auto,c_limit,w_300,q_auto/igashop/images/160000010275"
Arnott's Ginger Nut 250g,$2.20,$0.88/100g,"https://cdn.metcash.media/image/upload/f_auto,c_limit,w_300,q_auto/igashop/images/347787"
Blackmores Superkids Immune Gummies 60 Pack,$15.00,$0.25 each,"https://cdn.metcash.media/image/upload/f_auto,c_limit,w_300,q_auto/igashop/images/160000011557"
Golden Crumpets 6 Pack,$2.40,$0.40 each,"https://cdn.metcash.media/image/upload/f_auto,c_limit,w_300,q_auto/igashop/images/457192"
Bertie Beetle Christmas Tin 200g,$16.00,$8.00/100g,"https://cdn.metcash.media/image/upload/f_auto,c_limit,w_300,q_auto/igashop/images/208441"
Mortein Naturgard Insecticides Control Bomb 3 Pack,$22.50,$7.50 each,"https://cdn.metcash.media/image/upload/f_auto,c_limit,w_300,q_auto/igashop/images/678714"
Praise Burger Sauce Aioli 250mL,$4.50,$1.80/100mL,"https://cdn.metcash.media/image/upload/f_auto,c_limit,w_300,q_auto/igashop/images/746237"
Chicken Tonight Indian Butter Chicken Simmer Sauce 495g,$3.50,$0.71/100g,"https://cdn.metcash.media/image/upload/f_auto,c_limit,w_300,q_auto/igashop/images/20000006824"
Cadbury Caramilk Egg Bag 113g,$7.50,$6.64/100g,"https://cdn.metcash.media/image/upload/f_auto,c_limit,w_300,q_auto/igashop/images/782466"
Grannys Muffin Mini Chocolate Chip 300g,$7.85,$2.62/100g,"https://cdn.metcash.media/image/upload/f_auto,c_limit,w_300,q_auto/igashop/images/229706"
Sam's Pelmeni Traditional Russian Dumplings Three Meats 800g,$19.60,$2.45/100g,"https://cdn.metcash.media/image/upload/f_auto,c_limit,w_300,q_auto/igashop/images/20000007004"
Proud & Punch Caramel Date Night 6 Pack,$5.50,$0.92 each,"https://cdn.metcash.media/image/upload/f_auto,c_limit,w_300,q_auto/igashop/images/295582"
Pringles Meatlovers Pizza 118g,$5.50,$4.66/100g,https://www.igashop.com.au/static/default-product-image.png
Nice & Natural Bars Thins Double Choclate 120g,$6.50,$5.42/100g,"https://cdn.metcash.media/image/upload/f_auto,c_limit,w_300,q_auto/igashop/images/594211"
Fragassi Mediterranean Style Pasta Sauce 500g,$9.00,$1.80/100g,"https://cdn.metcash.media/image/upload/f_auto,c_limit,w_300,q_auto/igashop/images/160000013951"
Grinders Espresso Coffee Beans 500g,$29.00,$5.80/100g,"https://cdn.metcash.media/image/upload/f_auto,c_limit,w_300,q_auto/igashop/images/592463"
CSR White Sugar Premium Sticks 150g,$3.00,$2.00/100g,"https://cdn.metcash.media/image/upload/f_auto,c_limit,w_300,q_auto/igashop/images/328238"
Clairol Nice N Easy Natural Medium Brown 5,$9.00,N/A,"https://cdn.metcash.media/image/upload/f_auto,c_limit,w_300,q_auto/igashop/images/34376"
Black & Gold Desiccated Coconut 500g,$5.90,$1.18/100g,"https://cdn.metcash.media/image/upload/f_auto,c_limit,w_300,q_auto/igashop/images/91239"
Polident Adhesive Hold & Comfort 40g,$11.50,$28.75/100g,"https://cdn.metcash.media/image/upload/f_auto,c_limit,w_300,q_auto/igashop/images/190591"
Patak's Tikka Masala Curry Paste 283g,$7.50,$2.65/100g,"https://cdn.metcash.media/image/upload/f_auto,c_limit,w_300,q_auto/igashop/images/160000013749"
Redheads Extra Long Matches Extra Long 45 Pack,$3.50,$0.08 each,"https://cdn.metcash.media/image/upload/f_auto,c_limit,w_300,q_auto/igashop/images/160000014476"
Redberry Slanted Tip Tweezer,$4.00,N/A,"https://cdn.metcash.media/image/upload/f_auto,c_limit,w_300,q_auto/igashop/images/248580"
Alfa One Rice Bran Oil 1L,$8.80,$8.80/1L,"https://cdn.metcash.media/image/upload/f_auto,c_limit,w_300,q_auto/igashop/images/160000012021"
Barilla Napoletana Pasta Sauce 400g,$3.95,$0.99/100g,"https://cdn.metcash.media/image/upload/f_auto,c_limit,w_300,q_auto/igashop/images/19936"
Pepsi Max Soda Bottle 600mL,$3.75,$0.63/100mL,"https://cdn.metcash.media/image/upload/f_auto,c_limit,w_300,q_auto/igashop/images/409351"
Nutrisoy Organic Tofu 350g,$6.00,$1.71/100g,"https://cdn.metcash.media/image/upload/f_auto,c_limit,w_300,q_auto/igashop/images/190000002928"
Thin BBQ Sausage 500g,Final cost based on weight,$10.98/$21.95,"https://cdn.metcash.media/image/upload/f_auto,c_limit,w_300,q_auto/igashop/images/80080063"
Double D Smart Sweets Sour Bears 50g,$2.70,$5.40/100g,"https://cdn.metcash.media/image/upload/f_auto,c_limit,w_300,q_auto/igashop/images/506108"
Duck Active Foam Citrus 38.6g,$7.25,$18.78/100g,"https://cdn.metcash.media/image/upload/f_auto,c_limit,w_300,q_auto/igashop/images/489819"
Green's Cookie Mix Ice Dream Chocolate Chunk 370g,$6.00,$1.62/100g,https://www.igashop.com.au/static/default-product-image.png
Country Delight Sticky Date Cake 500g,$8.30,$1.66/100g,"https://cdn.metcash.media/image/upload/f_auto,c_limit,w_300,q_auto/igashop/images/396231"
Natures Organics Fruits Shampoo Coconut Lime 500mL,$2.00,$0.40/100mL,"https://cdn.metcash.media/image/upload/f_auto,c_limit,w_300,q_auto/igashop/images/725401"
Thomas Cappo Seafoods Atlantic Salmon Portions Skin Off 500g,$24.95,$4.99/100g,https://www.igashop.com.au/static/default-product-image.png
Lilydale Chicken Breast Kebabs Teriyaki 375g,$10.50,$2.80/100g,"https://cdn.metcash.media/image/upload/f_auto,c_limit,w_300,q_auto/igashop/images/180000005208"
Reeses Peanut Butter Cup Chocolate Big Cup Caramel King Size 79g,$3.50,$4.43/100g,https://www.igashop.com.au/static/default-product-image.png
Pana Organic Chocolate White Salt Caramel 45g,$6.00,$13.33/100g,"https://cdn.metcash.media/image/upload/f_auto,c_limit,w_300,q_auto/igashop/images/190000001262"
Le Dauphin Selected by Will Studd Double-Creme 200g,$26.95,$13.48/100g,"https://cdn.metcash.media/image/upload/f_auto,c_limit,w_300,q_auto/igashop/images/160000013781"
John West Sweet Chilli Tuna Tempters 95g,$2.90,$3.05/100g,"https://cdn.metcash.media/image/upload/f_auto,c_limit,w_300,q_auto/igashop/images/65636"
Fever Tree Soda 500mL,$4.50,$0.90/100mL,https://www.igashop.com.au/static/default-product-image.png
Red Island Extra Virgin Olive Oil 3L,$60.00,$20.00/1L,"https://cdn.metcash.media/image/upload/f_auto,c_limit,w_300,q_auto/igashop/images/8928"
Birds Eye Onion Rings 500g,$6.95,$1.39/100g,"https://cdn.metcash.media/image/upload/f_auto,c_limit,w_300,q_auto/igashop/images/302156"
Arnott's Mini Scotch Finger 8 Pack,$4.00,$0.50 each,"https://cdn.metcash.media/image/upload/f_auto,c_limit,w_300,q_auto/igashop/images/841715"
Lemsip Max Cold & Flu Decongestant Hot Drink Honey And Ginger 10 Pack,$15.00,$1.50 each,"https://cdn.metcash.media/image/upload/f_auto,c_limit,w_300,q_auto/igashop/images/608219"
Fitness Outcomes Beef Chilli Con Carne 350g,$9.50,$2.71/100g,"https://cdn.metcash.media/image/upload/f_auto,c_limit,w_300,q_auto/igashop/images/160000013199"
L'Oréal Paris Excellence Crème 3 Darkest Brown Hair Colour,$20.00,N/A,"https://cdn.metcash.media/image/upload/f_auto,c_limit,w_300,q_auto/igashop/images/190000000531"
McCormick Produce Partner Scallop Potato 40g,$1.85,$4.63/100g,"https://cdn.metcash.media/image/upload/f_auto,c_limit,w_300,q_auto/igashop/images/190000002884"
Always Fresh Garlic Minced Jar 400g,$4.60,$1.15/100g,"https://cdn.metcash.media/image/upload/f_auto,c_limit,w_300,q_auto/igashop/images/630368"
Heinz Tortellini Three Cheese with Creamy Pumpkin & Roasted Garlic 350g,$4.50,$1.29/100g,"https://cdn.metcash.media/image/upload/f_auto,c_limit,w_300,q_auto/igashop/images/160000011393"
Band-aid Blister Cushion Assorted 5 Pack,$12.50,$2.50 each,"https://cdn.metcash.media/image/upload/f_auto,c_limit,w_300,q_auto/igashop/images/625800"
Sirena Snacking Tuna Pesto Mayonnaise 75g,$3.20,$4.27/100g,https://www.igashop.com.au/static/default-product-image.png
Kellogg's Sustain 460g,$6.50,$1.41/100g,"https://cdn.metcash.media/image/upload/f_auto,c_limit,w_300,q_auto/igashop/images/508105"
Nescafe Coffee Double Shot Latte Sachet 10 Pack,$4.00,$0.40 each,"https://cdn.metcash.media/image/upload/f_auto,c_limit,w_300,q_auto/igashop/images/888209"
Splenda Low Calorie Sweetener Sachet 100 Pack,$6.50,$0.07 each,https://www.igashop.com.au/static/default-product-image.png
AusFresh Semi Dried Tomato 2 Pack,$31.00,$15.50 each,"https://cdn.metcash.media/image/upload/f_auto,c_limit,w_300,q_auto/igashop/images/962579"
"Rafferty's Garden Food 4 Months+ Apple, Pear & Cinnamon 120g",$2.15,$1.79/100g,"https://cdn.metcash.media/image/upload/f_auto,c_limit,w_300,q_auto/igashop/images/350594"
Obela Hommus Garnished With Zesty Jalapenos 220g,$4.90,$2.23/100g,"https://cdn.metcash.media/image/upload/f_auto,c_limit,w_300,q_auto/igashop/images/177158_1"
Sharwood's Simmer Sauce For Butter Chicken 420g,$5.00,$1.19/100g,"https://cdn.metcash.media/image/upload/f_auto,c_limit,w_300,q_auto/igashop/images/422074"
Simply Nuts Squeeze Natural Peanut Butter Crunchy 450g,$7.00,$1.56/100g,"https://cdn.metcash.media/image/upload/f_auto,c_limit,w_300,q_auto/igashop/images/696607"
Aeroplane Jelly Reduced Sugar Lime 85g,$1.65,$1.94/100g,"https://cdn.metcash.media/image/upload/f_auto,c_limit,w_300,q_auto/igashop/images/180000000153"
Pope Metal Sprinkler,$5.25,N/A,"https://cdn.metcash.media/image/upload/f_auto,c_limit,w_300,q_auto/igashop/images/708739"
Fantastic Rice Squares Gluten-Free Rice Crackers Lightly Salted 100g,$2.60,$2.60/100g,"https://cdn.metcash.media/image/upload/f_auto,c_limit,w_300,q_auto/igashop/images/170000000689"
Dolmio Extra Garden Vegetables Tomato Pasta Sauce 500g,$4.60,$0.92/100g,"https://cdn.metcash.media/image/upload/f_auto,c_limit,w_300,q_auto/igashop/images/390191"
Bega Snacking Strong & Bitey Vintage Cheese & Crackers 38g,$2.50,$6.58/100g,"https://cdn.metcash.media/image/upload/f_auto,c_limit,w_300,q_auto/igashop/images/734507"
My Dog Puppy Mince Chicken Rice Carrots Spinach 100g,$1.80,$1.80/100g,"https://cdn.metcash.media/image/upload/f_auto,c_limit,w_300,q_auto/igashop/images/63956"
Brown Brothers Prosecco Rose Zero 750mL Bottle 750mL,$14.00,$1.87/100mL,https://www.igashop.com.au/static/default-product-image.png
Piranha Golden Hash Potato Grills Balsamic Vinegar & Sea Salt 75g,$4.25,$5.67/100g,"https://cdn.metcash.media/image/upload/f_auto,c_limit,w_300,q_auto/igashop/images/160000014151"
LifeStyles Regular Condoms 6 Pack,$5.10,$0.85 each,"https://cdn.metcash.media/image/upload/f_auto,c_limit,w_300,q_auto/igashop/images/160000002375"
Sandhurst Crushed Ginger 220g,$3.70,$1.68/100g,"https://cdn.metcash.media/image/upload/f_auto,c_limit,w_300,q_auto/igashop/images/190000004804"
La Casa Del Formaggio Mozzarella Ball 450g,$7.60,$1.69/100g,"https://cdn.metcash.media/image/upload/f_auto,c_limit,w_300,q_auto/igashop/images/190000004880"
Monster Ultra Vice Cans 500mL,$4.45,$0.89/100mL,"https://cdn.metcash.media/image/upload/f_auto,c_limit,w_300,q_auto/igashop/images/1800000068944"
Dolmio Nonna's Pasta Sauce - Roast Garlic 500g,$4.65,$0.93/100g,"https://cdn.metcash.media/image/upload/f_auto,c_limit,w_300,q_auto/igashop/images/160000011672"
Fresh Pasta Co Beef Bolognese Ravioli 500g,$17.95,$3.59/100g,"https://cdn.metcash.media/image/upload/f_auto,c_limit,w_300,q_auto/igashop/images/20000005221"
ZoOSh Sriracha Dip 185g,$3.55,$1.92/100g,"https://cdn.metcash.media/image/upload/f_auto,c_limit,w_300,q_auto/igashop/images/1800000069679"
Moccona Freeze Dried Instant Coffee Indulgence 200g,$23.60,$11.80/100g,"https://cdn.metcash.media/image/upload/f_auto,c_limit,w_300,q_auto/igashop/images/78053"
Cobs Popcorn Sea Salted Caramel Gluten Free 100g,$2.80,$2.80/100g,"https://cdn.metcash.media/image/upload/f_auto,c_limit,w_300,q_auto/igashop/images/892172"
Tic Tac Peppermint 49g,$3.20,$6.53/100g,"https://cdn.metcash.media/image/upload/f_auto,c_limit,w_300,q_auto/igashop/images/405577"
BabyBoo Nappy Pants Size 6 21 Pack,$10.00,$0.48 each,"https://cdn.metcash.media/image/upload/f_auto,c_limit,w_300,q_auto/igashop/images/180000002516"
Byron Bay Muesli Paleo Mix 425g,$18.95,$4.46/100g,"https://cdn.metcash.media/image/upload/f_auto,c_limit,w_300,q_auto/igashop/images/160000013677"
Fyna Milk Chocolate Licorice Bullet 250g,$5.95,$2.38/100g,"https://cdn.metcash.media/image/upload/f_auto,c_limit,w_300,q_auto/igashop/images/190000004347"
M&M's Chocolate Pouch 380g,$8.00,$2.11/100g,"https://cdn.metcash.media/image/upload/f_auto,c_limit,w_300,q_auto/igashop/images/933685"
Maggie Beer Non-Alcoholic Sparkling Ruby Cabernet 750mL,$21.95,$2.93/100mL,"https://cdn.metcash.media/image/upload/f_auto,c_limit,w_300,q_auto/igashop/images/160000013726"
Community Co Denture Brush,$2.20,N/A,"https://cdn.metcash.media/image/upload/f_auto,c_limit,w_300,q_auto/igashop/images/808089"
Gold Gourmet Whole Egg Mayo 500mL,$10.50,$2.10/100mL,https://www.igashop.com.au/static/default-product-image.png
Frozen Sunshine Strawberry Lemonade Ice Block 4 Pack,$13.50,$3.38 each,"https://cdn.metcash.media/image/upload/f_auto,c_limit,w_300,q_auto/igashop/images/20000005887"
Garnier Hydrobomb Mask Lavendar 28g,$4.00,$14.29/100g,"https://cdn.metcash.media/image/upload/f_auto,c_limit,w_300,q_auto/igashop/images/214905"
Tom Organic Ultra Thin Liners 26 Pack,$6.50,$0.25 each,"https://cdn.metcash.media/image/upload/f_auto,c_limit,w_300,q_auto/igashop/images/783190"
Neutrogena Hydro Boost Hydrating Sleeping Mask 10mL,$7.25,$72.50/100mL,"https://cdn.metcash.media/image/upload/f_auto,c_limit,w_300,q_auto/igashop/images/984076"
Cheetos Cheddar Jalapeno Crunch 80g,$2.70,$3.38/100g,https://www.igashop.com.au/static/default-product-image.png
MasterFoods Herbs & Spices Italian Herbs 30g,$6.50,$21.67/100g,"https://cdn.metcash.media/image/upload/f_auto,c_limit,w_300,q_auto/igashop/images/15893"
Whole Earth Monk Fruit Sweetener Sticks 40 Pack,$4.40,$0.11 each,"https://cdn.metcash.media/image/upload/f_auto,c_limit,w_300,q_auto/igashop/images/887708"
Eveready Gold AAA Batteries 8 Pack,$12.40,$1.55 each,"https://cdn.metcash.media/image/upload/f_auto,c_limit,w_300,q_auto/igashop/images/220600"
Ajitas Vege Chips Sweet & Sour 100g,$5.95,$5.95/100g,"https://cdn.metcash.media/image/upload/f_auto,c_limit,w_300,q_auto/igashop/images/497388"
Community Co Shredded Parmesan Cheese 125g,$3.70,$2.96/100g,"https://cdn.metcash.media/image/upload/f_auto,c_limit,w_300,q_auto/igashop/images/670876"
Chiko Original Rolls 4 Pack,$8.00,$2.00 each,"https://cdn.metcash.media/image/upload/f_auto,c_limit,w_300,q_auto/igashop/images/143688"
So Good Lite Soy Milk 1L,$2.40,$2.40/1L,"https://cdn.metcash.media/image/upload/f_auto,c_limit,w_300,q_auto/igashop/images/2743"
Bulla Creamy Classics Frozen Custard 1L,$8.25,$8.25/1L,"https://cdn.metcash.media/image/upload/f_auto,c_limit,w_300,q_auto/igashop/images/180000006151"
Batiste Dry Shampoo Beautiful Brunette 200mL,$11.95,$5.98/100mL,"https://cdn.metcash.media/image/upload/f_auto,c_limit,w_300,q_auto/igashop/images/407493"
Pasta Master Beef Lasagne 550g,$8.15,$1.48/100g,"https://cdn.metcash.media/image/upload/f_auto,c_limit,w_300,q_auto/igashop/images/122030"
Flora Margarine Spread Original 1kg,$7.00,$7.00/kg,"https://cdn.metcash.media/image/upload/f_auto,c_limit,w_300,q_auto/igashop/images/160000011646"
Monster Energy Ultra Zero 500mL,$4.45,$0.89/100mL,"https://cdn.metcash.media/image/upload/f_auto,c_limit,w_300,q_auto/igashop/images/190000002903"
Mildura Orange & Mango Fruit Drink 2L,$4.55,$2.28/1L,"https://cdn.metcash.media/image/upload/f_auto,c_limit,w_300,q_auto/igashop/images/972016"
Maxiblock Essential Sun Screen SPF50+ 100g,$9.65,$9.65/100g,"https://cdn.metcash.media/image/upload/f_auto,c_limit,w_300,q_auto/igashop/images/238221"
Masterfoods Recipe Base Oven Bake Mediterranean Chicken Pouch 175g,$2.50,$1.43/100g,"https://cdn.metcash.media/image/upload/f_auto,c_limit,w_300,q_auto/igashop/images/254188_2"
Community Co Serviettes 25 Pack,$2.50,$0.10 each,https://www.igashop.com.au/static/default-product-image.png
Cadbury Red Tulip Hollow Egg 170g,$11.50,$6.76/100g,https://www.igashop.com.au/static/default-product-image.png
Ecostore Dishwashing Liquid Ultra Sensitive 500mL,$4.80,$0.96/100mL,"https://cdn.metcash.media/image/upload/f_auto,c_limit,w_300,q_auto/igashop/images/190000001924"
Fantastic Noodles Hearty Chicken with Fork 105g,$2.75,$2.62/100g,"https://cdn.metcash.media/image/upload/f_auto,c_limit,w_300,q_auto/igashop/images/674540"
Primo25 % Less Salt Mild Salami 80g,$3.95,$4.94/100g,"https://cdn.metcash.media/image/upload/f_auto,c_limit,w_300,q_auto/igashop/images/24952"
Lo Bros Kombucha Soda Lemon Lime & Bitters 250mL,$2.50,$1.00/100mL,"https://cdn.metcash.media/image/upload/f_auto,c_limit,w_300,q_auto/igashop/images/190000003703"
Sirena Ready To Eat Meal Barley Salad With Tuna 170g,$4.30,$2.53/100g,"https://cdn.metcash.media/image/upload/f_auto,c_limit,w_300,q_auto/igashop/images/77442"
Listerine Total Care Mouthwash Clean Mint 500mL,$5.00,$1.00/100mL,"https://cdn.metcash.media/image/upload/f_auto,c_limit,w_300,q_auto/igashop/images/423313"
RJ's Licorice Choc Logs 40g,$1.90,$4.75/100g,"https://cdn.metcash.media/image/upload/f_auto,c_limit,w_300,q_auto/igashop/images/190000005229"
Huy Fong Siracha Sauce 226g,$6.65,$2.94/100g,"https://cdn.metcash.media/image/upload/f_auto,c_limit,w_300,q_auto/igashop/images/190000001314"
Mingle Japanese Curry Recipe Base 30g,$2.60,$8.67/100g,https://www.igashop.com.au/static/default-product-image.png
Connoisseur Honeycomb & Australian Honey Ice Cream 1L,$9.00,$9.00/1L,"https://cdn.metcash.media/image/upload/f_auto,c_limit,w_300,q_auto/igashop/images/180000004528"
Santa Vittoria Sparkling Mineral Water Lemon 4 Pack,$7.60,$1.90 each,"https://cdn.metcash.media/image/upload/f_auto,c_limit,w_300,q_auto/igashop/images/160000014215"
Cold Power Laundry Liquid Sensitive 2L,$12.00,$6.00/1L,"https://cdn.metcash.media/image/upload/f_auto,c_limit,w_300,q_auto/igashop/images/805293"
Three Threes Sweet Mustard Pickles 520g,$3.70,$0.71/100g,"https://cdn.metcash.media/image/upload/f_auto,c_limit,w_300,q_auto/igashop/images/35330"
Cheer Mozzarella Slices 250g,$6.00,$2.40/100g,"https://cdn.metcash.media/image/upload/f_auto,c_limit,w_300,q_auto/igashop/images/526909"
Golden Circle Pineapple & Mango Fruit Drink 1L,$2.40,$2.40/1L,"https://cdn.metcash.media/image/upload/f_auto,c_limit,w_300,q_auto/igashop/images/45733"
Only Juice Premium Orange 2L,$7.50,$3.75/1L,"https://cdn.metcash.media/image/upload/f_auto,c_limit,w_300,q_auto/igashop/images/978986"
Old El Paso Mexican Crispy Chicken Spice Mix 35g,$3.00,$8.57/100g,"https://cdn.metcash.media/image/upload/f_auto,c_limit,w_300,q_auto/igashop/images/71519"
Kellogg's Frosted Strawberry Pop Tarts 384g,$7.00,$1.82/100g,"https://cdn.metcash.media/image/upload/f_auto,c_limit,w_300,q_auto/igashop/images/180000001353"
Australia's Own A2 Protein Low Fat Milk 1L,$2.69,$2.69/1L,"https://cdn.metcash.media/image/upload/f_auto,c_limit,w_300,q_auto/igashop/images/8085"
Nomad Breads Stonebaked Turkish Breads 400g,$5.05,$1.26/100g,"https://cdn.metcash.media/image/upload/f_auto,c_limit,w_300,q_auto/igashop/images/490483"
Organic Care Kids Bubble Bath 400mL,$4.00,$1.00/100mL,"https://cdn.metcash.media/image/upload/f_auto,c_limit,w_300,q_auto/igashop/images/366833"
Ajax Spray n' Wipe Multi-Purpose Antibacterial Disinfectant Cleaner Trigger Surface Spray Lavender & Citrus 500mL,$3.50,$0.70/100mL,"https://cdn.metcash.media/image/upload/f_auto,c_limit,w_300,q_auto/igashop/images/347826"
Gippsland Dairy Boysenberry Twist Yoghurt 700g,$7.90,$1.13/100g,"https://cdn.metcash.media/image/upload/f_auto,c_limit,w_300,q_auto/igashop/images/20000007153"
My Life BioCheese Pizza Shred 200g,$9.00,$4.50/100g,"https://cdn.metcash.media/image/upload/f_auto,c_limit,w_300,q_auto/igashop/images/160000002346"
Chum Crunchy Beef Bone & Vegetable 3kg,$9.00,$3.00/kg,"https://cdn.metcash.media/image/upload/f_auto,c_limit,w_300,q_auto/igashop/images/610203"
Yarrows Plum & Gin Tarts 330g,$3.00,$0.91/100g,https://www.igashop.com.au/static/default-product-image.png
"Fifya Kale, Rocket and White Bean Dip 250g",$8.25,$3.30/100g,"https://cdn.metcash.media/image/upload/f_auto,c_limit,w_300,q_auto/igashop/images/190000003985"
Huggies Wipes With Coconut 80 Wipes Per Pack 3 Pack,$14.00,$4.67 each,"https://cdn.metcash.media/image/upload/f_auto,c_limit,w_300,q_auto/igashop/images/889894"
The Pet Hub - Dog Poop Bag & Dispenser Bags 20 Pack,$3.95,$0.20 each,https://www.igashop.com.au/static/default-product-image.png
L'Oreal Paris Elvive Extraordinary Oils Shampoo 340mL,$10.00,$2.94/100mL,https://www.igashop.com.au/static/default-product-image.png
MasterFoods French Mustard 175g,$3.30,$1.89/100g,"https://cdn.metcash.media/image/upload/f_auto,c_limit,w_300,q_auto/igashop/images/343199"
Ginger 120g,Final cost based on weight,$4.74/$39.50,"https://cdn.metcash.media/image/upload/f_auto,c_limit,w_300,q_auto/igashop/images/80060033"
Bluey Milk Chocolate Easter Character 20g,$2.20,$11.00/100g,https://www.igashop.com.au/static/default-product-image.png
Amazonia Raw Protein Isol Caco 500g,$40.00,$8.00/100g,https://www.igashop.com.au/static/default-product-image.png
Cobs Popcorn Sea Salt Gluten Free 80g,$2.80,$3.50/100g,"https://cdn.metcash.media/image/upload/f_auto,c_limit,w_300,q_auto/igashop/images/70932"
Steggles Chicken Pieces Oven Roasted Wings 1kg,$13.50,$13.50/kg,"https://cdn.metcash.media/image/upload/f_auto,c_limit,w_300,q_auto/igashop/images/61501"
Lindt Easter Hen Milk Chocolate Mini Eggs Bag 90g,$7.50,$8.33/100g,"https://cdn.metcash.media/image/upload/f_auto,c_limit,w_300,q_auto/igashop/images/190000009645"
Maggi Devilled Sausages Recipe Base 37g,$1.85,$5.00/100g,"https://cdn.metcash.media/image/upload/f_auto,c_limit,w_300,q_auto/igashop/images/624867"
Bakers Collection Gluten Free Almond Crescents 200g,$10.50,$5.25/100g,"https://cdn.metcash.media/image/upload/f_auto,c_limit,w_300,q_auto/igashop/images/180000002081"
Cadbury Reindeer Cakes 110g,$2.00,$1.82/100g,https://www.igashop.com.au/static/default-product-image.png
Betty Crocker Milk Chocolate Chunk Cookie Mix 485g,$7.00,$1.44/100g,"https://cdn.metcash.media/image/upload/f_auto,c_limit,w_300,q_auto/igashop/images/975792"
Monster Energy Mango Loco Juice 500mL,$4.45,$0.89/100mL,"https://cdn.metcash.media/image/upload/f_auto,c_limit,w_300,q_auto/igashop/images/714175_1"
Sirena Tuna Basil Infused Oil 95g,$2.95,$3.11/100g,"https://cdn.metcash.media/image/upload/f_auto,c_limit,w_300,q_auto/igashop/images/160000012269"
Nature's Gift Deli Roll Lamb Carrot Peas Puppy 200g,$2.70,$1.35/100g,"https://cdn.metcash.media/image/upload/f_auto,c_limit,w_300,q_auto/igashop/images/646437"
Byron Bay Pizza Co BBQ Birdie 500g,$19.95,$3.99/100g,"https://cdn.metcash.media/image/upload/f_auto,c_limit,w_300,q_auto/igashop/images/190000005143"
Popcorners Popcorn Chips Sweet & Salty 130g,$3.00,$2.31/100g,"https://cdn.metcash.media/image/upload/f_auto,c_limit,w_300,q_auto/igashop/images/690172"
Spice & Co Caraway Seeds 60g,$3.75,$6.25/100g,"https://cdn.metcash.media/image/upload/f_auto,c_limit,w_300,q_auto/igashop/images/190000002381"
Purina Felix Adult Cat Treats Play Tubes Chicken & Liver 50g,$3.50,$7.00/100g,"https://cdn.metcash.media/image/upload/f_auto,c_limit,w_300,q_auto/igashop/images/578333"
Chief Nutrition Choc Peanut Butter Collagen Bar 45g,$5.00,$11.11/100g,https://www.igashop.com.au/static/default-product-image.png
Tiger Balm Red 18g,$9.20,$51.11/100g,"https://cdn.metcash.media/image/upload/f_auto,c_limit,w_300,q_auto/igashop/images/494500"
Brownes Natural Peach Yoghurt 170g,$2.15,$1.26/100g,"https://cdn.metcash.media/image/upload/f_auto,c_limit,w_300,q_auto/igashop/images/365659"
Dare Charged Mocha Latte 240mL,$4.10,$1.71/100mL,"https://cdn.metcash.media/image/upload/f_auto,c_limit,w_300,q_auto/igashop/images/180000006401"
Finish Ultimate Auto Dishwash Tablets Regular 34 Pack,$19.60,$0.58 each,"https://cdn.metcash.media/image/upload/f_auto,c_limit,w_300,q_auto/igashop/images/180000002858"
"Mount Franklin Lightly Sparkling Water Lime, Multipack Cans 10 Pack",$10.50,$1.05 each,"https://cdn.metcash.media/image/upload/f_auto,c_limit,w_300,q_auto/igashop/images/757990"
Nice & Natural Chocolate Nut Bar Coconut 180g,$5.50,$3.06/100g,https://www.igashop.com.au/static/default-product-image.png
I&J Basa Fillets 750g,$10.20,$1.36/100g,"https://cdn.metcash.media/image/upload/f_auto,c_limit,w_300,q_auto/igashop/images/399093"
Spring Gully Sour Mustard Pickle 500g,$4.00,$0.80/100g,"https://cdn.metcash.media/image/upload/f_auto,c_limit,w_300,q_auto/igashop/images/190000001346"
Unicorn Camembert Lactose Free 125g,$6.75,$5.40/100g,"https://cdn.metcash.media/image/upload/f_auto,c_limit,w_300,q_auto/igashop/images/939717"
Black & Gold House Hold Candles 6 Pack,$4.00,$0.67 each,https://www.igashop.com.au/static/default-product-image.png
Bakers Collection Gingerbread Mixed Shapes 60g,$1.00,$1.67/100g,"https://cdn.metcash.media/image/upload/f_auto,c_limit,w_300,q_auto/igashop/images/180000002064"
Nutty Bruce Ambient Unsweetened Almond Milk 1L,$5.00,$5.00/1L,"https://cdn.metcash.media/image/upload/f_auto,c_limit,w_300,q_auto/igashop/images/160000017994"
The Ginger People Gin Gins Chewy Ginger Candy Original 84g,$4.50,$5.36/100g,"https://cdn.metcash.media/image/upload/f_auto,c_limit,w_300,q_auto/igashop/images/160000013547"
Campbell's Soup Chunky Ravioli Beef & Tomato 505g,$4.50,$0.89/100g,"https://cdn.metcash.media/image/upload/f_auto,c_limit,w_300,q_auto/igashop/images/795927"
Hershey's Syrup Chocolate 425g,$4.50,$1.06/100g,"https://cdn.metcash.media/image/upload/f_auto,c_limit,w_300,q_auto/igashop/images/180000003587"
Schweppes Solo Thirst Crusher Original Lemon Bottle 600mL,$4.00,$0.67/100mL,"https://cdn.metcash.media/image/upload/f_auto,c_limit,w_300,q_auto/igashop/images/44680"
Morning Fresh Dishwashing Liquid Lemon 400mL,$3.00,$0.75/100mL,"https://cdn.metcash.media/image/upload/f_auto,c_limit,w_300,q_auto/igashop/images/297827"
Head & Shoulders Smooth & Silky Anti Dandruff Conditioner 200mL,$5.00,$2.50/100mL,"https://cdn.metcash.media/image/upload/f_auto,c_limit,w_300,q_auto/igashop/images/160000010996"
Pana Organic White Chocolate & Macadamia 45g,$6.00,$13.33/100g,"https://cdn.metcash.media/image/upload/f_auto,c_limit,w_300,q_auto/igashop/images/8234"
GARNIER Fructis Full & Luscious Conditioner 315mL,$8.00,$2.54/100mL,"https://cdn.metcash.media/image/upload/f_auto,c_limit,w_300,q_auto/igashop/images/271915"
Continental Cup A Soup Asian Laksa 51g,$2.50,$4.90/100g,"https://cdn.metcash.media/image/upload/f_auto,c_limit,w_300,q_auto/igashop/images/134684_1"
Sukin Moisture Restoring Night Cream 120mL,$22.45,$18.71/100mL,"https://cdn.metcash.media/image/upload/f_auto,c_limit,w_300,q_auto/igashop/images/160000012526"
Babylove Beyond Nappies Size 1 Newborn 56 Pack,$28.70,$0.51 each,"https://cdn.metcash.media/image/upload/f_auto,c_limit,w_300,q_auto/igashop/images/582492"
Nice & Natural Fruit Unicorn Raspberry Orange 8 Pack,$4.50,$0.56 each,"https://cdn.metcash.media/image/upload/f_auto,c_limit,w_300,q_auto/igashop/images/160000013174"
"Baked Provisions Steak, Bacon & Cheese Pies 440g",$8.50,$1.93/100g,"https://cdn.metcash.media/image/upload/f_auto,c_limit,w_300,q_auto/igashop/images/1800000068797"
Wonder White Wholemeal Bread 700g,$4.50,$0.64/100g,"https://cdn.metcash.media/image/upload/f_auto,c_limit,w_300,q_auto/igashop/images/886650"
Fancy Feast Adult Cat Food Beef Salmon & Cheese 450g,$5.20,$1.16/100g,"https://cdn.metcash.media/image/upload/f_auto,c_limit,w_300,q_auto/igashop/images/441727"
Sunsilk Biotin Shampoo Longer & Stronger 200mL,$5.50,$2.75/100mL,"https://cdn.metcash.media/image/upload/f_auto,c_limit,w_300,q_auto/igashop/images/46899"
Birds Eye Veggie Bites Sweet Corn 300g,$5.15,$1.72/100g,"https://cdn.metcash.media/image/upload/f_auto,c_limit,w_300,q_auto/igashop/images/540636"
Gillette Refreshing Breeze Shave Gel 195g,$5.25,$2.69/100g,"https://cdn.metcash.media/image/upload/f_auto,c_limit,w_300,q_auto/igashop/images/160000011025"
Primo Stackers Mild Salami Multipack 150g,$10.00,$6.67/100g,"https://cdn.metcash.media/image/upload/f_auto,c_limit,w_300,q_auto/igashop/images/190000009867"
H2jUICE Pineapple 1.25L,$5.00,$4.00/1L,"https://cdn.metcash.media/image/upload/f_auto,c_limit,w_300,q_auto/igashop/images/215684"
Napro Palette Permanent Hair Colour 5-5 Light Gold Brown,$9.50,N/A,"https://cdn.metcash.media/image/upload/f_auto,c_limit,w_300,q_auto/igashop/images/343958"
Herbert Adams Pies Slow Cooked Beef Pepper 2 Pack,$10.00,$5.00 each,"https://cdn.metcash.media/image/upload/f_auto,c_limit,w_300,q_auto/igashop/images/712487"
L'Oreal Men Expert Magnesium Defence Facial Wash 100mL,$12.00,$12.00/100mL,"https://cdn.metcash.media/image/upload/f_auto,c_limit,w_300,q_auto/igashop/images/254154"
Fever-Tree Refreshingly Light Mediterranean Tonic Water 500mL,$4.50,$0.90/100mL,"https://cdn.metcash.media/image/upload/f_auto,c_limit,w_300,q_auto/igashop/images/190000006046"
Atkins Advantage Butterscotch Crisp 50g,$4.80,$9.60/100g,"https://cdn.metcash.media/image/upload/f_auto,c_limit,w_300,q_auto/igashop/images/180000002298"
Purina Friskies Adult Pet Food Meaty Grills 700g,$3.30,$0.47/100g,"https://cdn.metcash.media/image/upload/f_auto,c_limit,w_300,q_auto/igashop/images/562109"
I&J Salmon Portion Skin On 500g,$26.50,$5.30/100g,"https://cdn.metcash.media/image/upload/f_auto,c_limit,w_300,q_auto/igashop/images/180000001801"
Spice & Co Basil Leaves 20g,$3.75,$18.75/100g,"https://cdn.metcash.media/image/upload/f_auto,c_limit,w_300,q_auto/igashop/images/190000002378"
Australian Botanical Hand Wash Lemongrass & Lemon Myrtle 500mL,$9.30,$1.86/100mL,https://www.igashop.com.au/static/default-product-image.png
Strepsils Extra Blackcurrant Fast Numbing Sore Throat Pain Relief with Anaesthetic Lozenges 16 Pack,$10.00,$0.63 each,"https://cdn.metcash.media/image/upload/f_auto,c_limit,w_300,q_auto/igashop/images/965470"
Posh Foods Pistachio & Brandy Pate 150g,$6.95,$4.63/100g,"https://cdn.metcash.media/image/upload/f_auto,c_limit,w_300,q_auto/igashop/images/20000000766"
Santa Vittoria Sparkling Mineral Water Pomegranate 4 Pack,$8.00,$2.00 each,"https://cdn.metcash.media/image/upload/f_auto,c_limit,w_300,q_auto/igashop/images/160000014214"
Dairy Farmers Whole Milk Bottle 500mL,$1.99,$0.40/100mL,"https://cdn.metcash.media/image/upload/f_auto,c_limit,w_300,q_auto/igashop/images/170000003220"
Aunt Betty's Christmas Plum Pudding 700g,$4.50,$0.64/100g,https://www.igashop.com.au/static/default-product-image.png
Streets Paddle Pop Water Ice Cyclone 8 Pack,$7.00,$0.88 each,"https://cdn.metcash.media/image/upload/f_auto,c_limit,w_300,q_auto/igashop/images/173625"
Magnum Frozen Dessert Variety Selection 15 Pack,$30.60,$2.04 each,https://www.igashop.com.au/static/default-product-image.png
Edenvale Sparkling Rose Non Alcoholic 750mL,$11.50,$1.53/100mL,"https://cdn.metcash.media/image/upload/f_auto,c_limit,w_300,q_auto/igashop/images/904018"
Black & Gold Plain Flour 2kg,$2.50,$1.25/kg,"https://cdn.metcash.media/image/upload/f_auto,c_limit,w_300,q_auto/igashop/images/38095"
Multix Sandwich Bag Greener Compostable 20 Pack,$5.00,$0.25 each,"https://cdn.metcash.media/image/upload/f_auto,c_limit,w_300,q_auto/igashop/images/863814"
Wattie’s Tomato Sauce 575g,$6.50,$1.13/100g,"https://cdn.metcash.media/image/upload/f_auto,c_limit,w_300,q_auto/igashop/images/160000010413"
Pandaroo Thai Palm Sugar 220g,$2.75,$1.25/100g,"https://cdn.metcash.media/image/upload/f_auto,c_limit,w_300,q_auto/igashop/images/20000005356"
Cadbury Aussie Green & Gold Bar 45g,$3.00,$6.67/100g,"https://cdn.metcash.media/image/upload/f_auto,c_limit,w_300,q_auto/igashop/images/675591"
Vo5 Style Wax Firm Hold Spritz 200mL,$5.50,$2.75/100mL,"https://cdn.metcash.media/image/upload/f_auto,c_limit,w_300,q_auto/igashop/images/698918"
Women's Brief Hipster Bikini Black or White Size 10 2 Pack,$12.00,$6.00 each,"https://cdn.metcash.media/image/upload/f_auto,c_limit,w_300,q_auto/igashop/images/180000001366"
Lipton Tea Bags Quality Black 400g,$10.00,$2.50/100g,https://www.igashop.com.au/static/default-product-image.png
Blue Ribbon Frozen Dessert Strawberry 2L,$6.50,$3.25/1L,https://www.igashop.com.au/static/default-product-image.png
Big Lolly Christmas Mix 500g,$3.00,$0.60/100g,"https://cdn.metcash.media/image/upload/f_auto,c_limit,w_300,q_auto/igashop/images/180000002562"
Brookfarm Gluten Free Cranberry Macadamia Muesli 350g,$14.95,$4.27/100g,"https://cdn.metcash.media/image/upload/f_auto,c_limit,w_300,q_auto/igashop/images/20000000524"
Haagen-Dazs X Pierre Herme Paris Macaron Double Chocolate Ganache Ice Cream 420mL,$13.50,$3.21/100mL,"https://cdn.metcash.media/image/upload/f_auto,c_limit,w_300,q_auto/igashop/images/541161"
Patak's Tandoori Curry Simmer Sauce 450g,$5.50,$1.22/100g,"https://cdn.metcash.media/image/upload/f_auto,c_limit,w_300,q_auto/igashop/images/160000013752"
Earth Source Foods Soft Tofu 250g,$7.95,$3.18/100g,"https://cdn.metcash.media/image/upload/f_auto,c_limit,w_300,q_auto/igashop/images/190000002531"
Old El Paso Regular Tortillas 10 Pack,$5.50,$0.55 each,"https://cdn.metcash.media/image/upload/f_auto,c_limit,w_300,q_auto/igashop/images/160000014003"
Maltesers Raspberry 120g,$7.00,$5.83/100g,"https://cdn.metcash.media/image/upload/f_auto,c_limit,w_300,q_auto/igashop/images/180000005434"
Pepsi Cola Soda Can 375mL,$2.55,$0.68/100mL,"https://cdn.metcash.media/image/upload/f_auto,c_limit,w_300,q_auto/igashop/images/806820"
Dove Deodorant Aerosol Lavender Chamomile 230mL,$14.00,$6.09/100mL,"https://cdn.metcash.media/image/upload/f_auto,c_limit,w_300,q_auto/igashop/images/1800000068135"
Napro Palette Permanent Hair Colour 3-0 Dark Brown,$9.50,N/A,"https://cdn.metcash.media/image/upload/f_auto,c_limit,w_300,q_auto/igashop/images/602137"
Glad Aluminium Foil 30m x 30cm,$8.05,N/A,"https://cdn.metcash.media/image/upload/f_auto,c_limit,w_300,q_auto/igashop/images/601296"
Carman's Aussie Oat Clusters Cereal Crunchy Berry 450g,$6.20,$1.38/100g,"https://cdn.metcash.media/image/upload/f_auto,c_limit,w_300,q_auto/igashop/images/403999"
Blue Dinosaur Paleo Bar Lamington 45g,$4.25,$9.44/100g,"https://cdn.metcash.media/image/upload/f_auto,c_limit,w_300,q_auto/igashop/images/20000003216"
Diet Rite Cordial Apple Raspberry 1L,$3.50,$3.50/1L,"https://cdn.metcash.media/image/upload/f_auto,c_limit,w_300,q_auto/igashop/images/859195"
Hoyt's Caraway Seeds 15g,$1.80,$12.00/100g,"https://cdn.metcash.media/image/upload/f_auto,c_limit,w_300,q_auto/igashop/images/67010"
Flora ProActiv Margarine Original Spread 500g,$10.00,$2.00/100g,"https://cdn.metcash.media/image/upload/f_auto,c_limit,w_300,q_auto/igashop/images/122501"
John West Smoked Kipper Fillets 200g,$3.90,$1.95/100g,"https://cdn.metcash.media/image/upload/f_auto,c_limit,w_300,q_auto/igashop/images/18493"
SPC Prepared Meals Baked Beans Rich Tomato 180g,$2.00,$1.11/100g,"https://cdn.metcash.media/image/upload/f_auto,c_limit,w_300,q_auto/igashop/images/505110"
D'Orsogna Bacon Streaky 200g,$7.00,$3.50/100g,"https://cdn.metcash.media/image/upload/f_auto,c_limit,w_300,q_auto/igashop/images/20000002233"
Tommee Tippee Silicone Plate,$13.00,N/A,"https://cdn.metcash.media/image/upload/f_auto,c_limit,w_300,q_auto/igashop/images/417451"
Pedigree Small Breed Adult with Real Chicken Dry Dog Food 2.5kg 2.5kg,$15.00,$6.00/kg,"https://cdn.metcash.media/image/upload/f_auto,c_limit,w_300,q_auto/igashop/images/318319"
Prestige Selection 345g,$30.00,$8.70/100g,"https://cdn.metcash.media/image/upload/f_auto,c_limit,w_300,q_auto/igashop/images/151351"
Lavazza Espresso Barista Gran Crema Coffee Beans 1kg,$42.00,$42.00/kg,"https://cdn.metcash.media/image/upload/f_auto,c_limit,w_300,q_auto/igashop/images/898348"
INGHAM'S Chicken Breast Chipees 400g,$5.50,$1.38/100g,"https://cdn.metcash.media/image/upload/f_auto,c_limit,w_300,q_auto/igashop/images/20000003290"
Toscano Macarons 144g,$10.00,$6.94/100g,"https://cdn.metcash.media/image/upload/f_auto,c_limit,w_300,q_auto/igashop/images/190000009876"
Kirks Sugar Free Lemon Squash Multipack Cans Soft Drink 375mL 10 Pack,$15.00,$1.50 each,"https://cdn.metcash.media/image/upload/f_auto,c_limit,w_300,q_auto/igashop/images/885120_1"
Kinder Joy 20g,$3.35,$16.75/100g,"https://cdn.metcash.media/image/upload/f_auto,c_limit,w_300,q_auto/igashop/images/1800000067661"
Harpic White and Shine Atlantic Burst Scent Trigger Toilet Cleaner 500mL,$7.25,$1.45/100mL,"https://cdn.metcash.media/image/upload/f_auto,c_limit,w_300,q_auto/igashop/images/160000011477"
Arnott's Marie Biscuits 250g,$2.20,$0.88/100g,"https://cdn.metcash.media/image/upload/f_auto,c_limit,w_300,q_auto/igashop/images/366375"
Bakers Collection Lemon Sponge Cake 200g,$6.50,$3.25/100g,"https://cdn.metcash.media/image/upload/f_auto,c_limit,w_300,q_auto/igashop/images/20000003007"
Stayfree Light Ultra Thin with Wings 16 Pack,$4.20,$0.26 each,"https://cdn.metcash.media/image/upload/f_auto,c_limit,w_300,q_auto/igashop/images/80657"
Mutti Baby Roma Tomatoes 400g,$2.70,$0.68/100g,"https://cdn.metcash.media/image/upload/f_auto,c_limit,w_300,q_auto/igashop/images/190000001973"
Nair Sensitive Mini Wax Strips 20 Pack,$9.30,$0.47 each,"https://cdn.metcash.media/image/upload/f_auto,c_limit,w_300,q_auto/igashop/images/678549"
Pandaroo Black Bean Stir Fry Sauce 250mL,$4.50,$1.80/100mL,"https://cdn.metcash.media/image/upload/f_auto,c_limit,w_300,q_auto/igashop/images/20000005358"
Purina Total Care Squawking Duck,$9.70,N/A,"https://cdn.metcash.media/image/upload/f_auto,c_limit,w_300,q_auto/igashop/images/788904"
Sunbites Popcorn Sea Salt 80g,$4.50,$5.63/100g,https://www.igashop.com.au/static/default-product-image.png
South Cape Camembert Cheese 200g,$6.00,$3.00/100g,"https://cdn.metcash.media/image/upload/f_auto,c_limit,w_300,q_auto/igashop/images/886008"
Eco Farm Organic Grapes White 350g,$3.99,$1.14/100g,https://www.igashop.com.au/static/default-product-image.png
Latina Fresh Creamy Sun Dried Tomato Sauce 250g,$4.25,$1.70/100g,"https://cdn.metcash.media/image/upload/f_auto,c_limit,w_300,q_auto/igashop/images/180000006449"
Huggies Ultra Dry Nappies Boys Size 6 (16+kg) 60 Pack,$39.00,$0.65 each,"https://cdn.metcash.media/image/upload/f_auto,c_limit,w_300,q_auto/igashop/images/170000002425"
Yarrows Apple & Cinnamon Hot Cross Bun 6 Pack,$5.00,$0.83 each,https://www.igashop.com.au/static/default-product-image.png
Potato Salad 1kg,Final cost based on weight,$16.95/$16.95,"https://cdn.metcash.media/image/upload/f_auto,c_limit,w_300,q_auto/igashop/images/80072006"
Norco Lite Milk 1L,$2.85,$2.85/1L,"https://cdn.metcash.media/image/upload/f_auto,c_limit,w_300,q_auto/igashop/images/8327"
Remedy Kombucha Peach 1.25L,$8.75,$7.00/1L,"https://cdn.metcash.media/image/upload/f_auto,c_limit,w_300,q_auto/igashop/images/8717"
Dare Iced Coffee Double Espresso 500mL,$2.95,$0.59/100mL,"https://cdn.metcash.media/image/upload/f_auto,c_limit,w_300,q_auto/igashop/images/882046"
Leggo's Pasta Sauce Napoletana 500g,$2.30,$0.46/100g,"https://cdn.metcash.media/image/upload/f_auto,c_limit,w_300,q_auto/igashop/images/612454"
McCain Pub Style Potato Wedges 750g,$6.00,$0.80/100g,"https://cdn.metcash.media/image/upload/f_auto,c_limit,w_300,q_auto/igashop/images/154215"
Purina Lucky Dog Minced Beef Vegetables & Marrowbone 8kg,$23.00,$2.88/kg,"https://cdn.metcash.media/image/upload/f_auto,c_limit,w_300,q_auto/igashop/images/678934"
Community Co Rigatoni Carbonara 400g,$8.50,$2.13/100g,"https://cdn.metcash.media/image/upload/f_auto,c_limit,w_300,q_auto/igashop/images/180000004887"
Love'em Air Dried Beef Liver 200g,$9.80,$4.90/100g,"https://cdn.metcash.media/image/upload/f_auto,c_limit,w_300,q_auto/igashop/images/160000000437"
Cadbury Marshmallow Caramel Eggs 150g,$5.00,$3.33/100g,"https://cdn.metcash.media/image/upload/f_auto,c_limit,w_300,q_auto/igashop/images/190000009688"
Palmolive Kids 3 In 1 Bodywash Shampoo & Conditioner Strawberry 700mL,$7.00,$1.00/100mL,"https://cdn.metcash.media/image/upload/f_auto,c_limit,w_300,q_auto/igashop/images/328372"
McCain Pub Style Onion Rings 500g,$5.80,$1.16/100g,"https://cdn.metcash.media/image/upload/f_auto,c_limit,w_300,q_auto/igashop/images/424673"
Slape & Sons British Pork Chipolata Sausages 480g,$5.00,$1.04/100g,"https://cdn.metcash.media/image/upload/f_auto,c_limit,w_300,q_auto/igashop/images/20000004963"
McCain Pizza Meatlovers 500g,$8.80,$1.76/100g,"https://cdn.metcash.media/image/upload/f_auto,c_limit,w_300,q_auto/igashop/images/20000004067"
Bulla Icy Pops Lemonade Raspberry & Cola 10 Pack,$5.00,$0.50 each,"https://cdn.metcash.media/image/upload/f_auto,c_limit,w_300,q_auto/igashop/images/161597"
Redheads Safety Matches 10 Pack,$3.50,$0.35 each,"https://cdn.metcash.media/image/upload/f_auto,c_limit,w_300,q_auto/igashop/images/160000014477"
Bertolli Five Brothers Pasta Sauce Bolognese 500g,$4.60,$0.92/100g,"https://cdn.metcash.media/image/upload/f_auto,c_limit,w_300,q_auto/igashop/images/150000007523"
Barber's Cheddar 150g,$6.70,$4.47/100g,"https://cdn.metcash.media/image/upload/f_auto,c_limit,w_300,q_auto/igashop/images/319616"
Fry's Hot Dogs 250g,$10.65,$4.26/100g,https://www.igashop.com.au/static/default-product-image.png
Connoisseur Ice Cream Vanilla Caramel Brownie Individual 114mL,$6.00,$52.63/1L,"https://cdn.metcash.media/image/upload/f_auto,c_limit,w_300,q_auto/igashop/images/20000004225"
Dine Desire Wet Cat Food Succulent Chicken Breast 6 Pack,$12.85,$2.14 each,"https://cdn.metcash.media/image/upload/f_auto,c_limit,w_300,q_auto/igashop/images/72264"
Whiskas 1+ Years Wet Cat Food Beef Mince 400g,$2.70,$0.68/100g,"https://cdn.metcash.media/image/upload/f_auto,c_limit,w_300,q_auto/igashop/images/406361"
Primo Classic Cabanossi 300g,$6.70,$2.23/100g,"https://cdn.metcash.media/image/upload/f_auto,c_limit,w_300,q_auto/igashop/images/679684"
Kellogg's Froot Loops 500g,$8.50,$1.70/100g,"https://cdn.metcash.media/image/upload/f_auto,c_limit,w_300,q_auto/igashop/images/99347"
Mighty Soft Sliced Multigrain Bread Sandwich 700g,$3.90,$0.56/100g,"https://cdn.metcash.media/image/upload/f_auto,c_limit,w_300,q_auto/igashop/images/860426"
"Sirena Tuna Basil, Lemon & Chilli 95g",$2.95,$3.11/100g,"https://cdn.metcash.media/image/upload/f_auto,c_limit,w_300,q_auto/igashop/images/160000012268"
Sorbent Soft White Facial Tissues 90 Pack,$1.90,$0.02 each,"https://cdn.metcash.media/image/upload/f_auto,c_limit,w_300,q_auto/igashop/images/190000001966"
Rama Original Spread 500g,$2.90,$0.58/100g,"https://cdn.metcash.media/image/upload/f_auto,c_limit,w_300,q_auto/igashop/images/314250"
Bickford's Cranberry Juice Drink 1L,$5.50,$5.50/1L,"https://cdn.metcash.media/image/upload/f_auto,c_limit,w_300,q_auto/igashop/images/415603"
Lindt Easter Hunt Bag 346g,$48.95,$14.15/100g,"https://cdn.metcash.media/image/upload/f_auto,c_limit,w_300,q_auto/igashop/images/190000009641"
Bendigo Fresh Midi Cos Lettuce,$4.98,N/A,https://www.igashop.com.au/static/default-product-image.png
Jon Jon Kisses Salted Caramel 150g,$5.10,$3.40/100g,"https://cdn.metcash.media/image/upload/f_auto,c_limit,w_300,q_auto/igashop/images/912142"
Bakers Oven Hot Dog Rolls 6 Pack,$4.30,$0.72 each,"https://cdn.metcash.media/image/upload/f_auto,c_limit,w_300,q_auto/igashop/images/577727"
Fountain Barbecue Sauce 2L,$6.00,$3.00/1L,"https://cdn.metcash.media/image/upload/f_auto,c_limit,w_300,q_auto/igashop/images/40186"
Herbal Essences Classics Rose Conditioner 400mL,$7.35,$1.84/100mL,"https://cdn.metcash.media/image/upload/f_auto,c_limit,w_300,q_auto/igashop/images/186063"
Tru Blu Garlic Butter 150g,$3.35,$2.23/100g,"https://cdn.metcash.media/image/upload/f_auto,c_limit,w_300,q_auto/igashop/images/179168"
Sirena Garlic Infused Tuna in Oil 95g,$2.95,$3.11/100g,"https://cdn.metcash.media/image/upload/f_auto,c_limit,w_300,q_auto/igashop/images/807245"
Spice & Co Juniper Berries 20g,$3.75,$18.75/100g,"https://cdn.metcash.media/image/upload/f_auto,c_limit,w_300,q_auto/igashop/images/190000002405"
Orgran No Egg Egg Replacer for Baking 200g,$5.95,$2.98/100g,"https://cdn.metcash.media/image/upload/f_auto,c_limit,w_300,q_auto/igashop/images/20000007202"
Yarra Valley Hilltop Raspberry Jam 475g,$4.95,$1.04/100g,https://www.igashop.com.au/static/default-product-image.png
Community Co Aussie Currant 300g,$6.50,$2.17/100g,"https://cdn.metcash.media/image/upload/f_auto,c_limit,w_300,q_auto/igashop/images/861427"
Meggles Cage Eggs Large 600g,$6.95,$1.16/100g,"https://cdn.metcash.media/image/upload/f_auto,c_limit,w_300,q_auto/igashop/images/160000018111"
Lion Pancake Shaker 350g,$3.35,$0.96/100g,"https://cdn.metcash.media/image/upload/f_auto,c_limit,w_300,q_auto/igashop/images/977210"
Eveready Gold C Alkaline Batteries 2 Pack,$5.99,$3.00 each,https://www.igashop.com.au/static/default-product-image.png
Harvest Snaps Baked Pea Crisps Chilli 120g,$5.00,$4.17/100g,"https://cdn.metcash.media/image/upload/f_auto,c_limit,w_300,q_auto/igashop/images/150000007991"
Australian Natural Spring Water 1L,$1.60,$1.60/1L,https://www.igashop.com.au/static/default-product-image.png
Mother Earth Golden Baked Oaty Slice Raspberry Chocolate 6 Pack,$3.80,$0.63 each,"https://cdn.metcash.media/image/upload/f_auto,c_limit,w_300,q_auto/igashop/images/709170"
Atkins Plus Protein Iced Coffee 400mL,$4.30,$1.08/100mL,"https://cdn.metcash.media/image/upload/f_auto,c_limit,w_300,q_auto/igashop/images/679493"
Go Natural Probiotic HiProtein Veggie Chips Barbecue Flavour 100g,$5.25,$5.25/100g,"https://cdn.metcash.media/image/upload/f_auto,c_limit,w_300,q_auto/igashop/images/160000011952"
Olives Sweet Chilli Brie 1kg,Final cost based on weight,$46.95/$46.95,"https://cdn.metcash.media/image/upload/f_auto,c_limit,w_300,q_auto/igashop/images/80072050"
Gaviscon Dual Action Liquid Mixed Berry Flavour Heartburn and Indigestion Relief 300mL,$16.50,$5.50/100mL,"https://cdn.metcash.media/image/upload/f_auto,c_limit,w_300,q_auto/igashop/images/986337"
Kenilworth Dairies Lime & Cracked Pepper Club Cheddar 165g,$7.50,$4.55/100g,"https://cdn.metcash.media/image/upload/f_auto,c_limit,w_300,q_auto/igashop/images/20000006433"
Prinetti Hair Clipper 8 Piece,$13.00,N/A,https://www.igashop.com.au/static/default-product-image.png
GimMe Roasted Seaweed Snacks Teriyaki 10g,$4.95,$49.50/100g,"https://cdn.metcash.media/image/upload/f_auto,c_limit,w_300,q_auto/igashop/images/160000013704"
Latina Fresh Creamy Carbonara Pasta Sauce 425g,$5.50,$1.29/100g,"https://cdn.metcash.media/image/upload/f_auto,c_limit,w_300,q_auto/igashop/images/150520"
Safcol Sardines In Springwater 110g,$1.90,$1.73/100g,"https://cdn.metcash.media/image/upload/f_auto,c_limit,w_300,q_auto/igashop/images/361825"
Homestead Salmon Pate 150g,$6.60,$4.40/100g,"https://cdn.metcash.media/image/upload/f_auto,c_limit,w_300,q_auto/igashop/images/20000006427"
CLR Multipurpose Cleaner - Calcium Limescale & Rust 750mL,$13.50,$1.80/100mL,"https://cdn.metcash.media/image/upload/f_auto,c_limit,w_300,q_auto/igashop/images/631372"
Youfoodz Fuel'd Butter Chicken 444g,$10.80,$2.43/100g,"https://cdn.metcash.media/image/upload/f_auto,c_limit,w_300,q_auto/igashop/images/150000007574"
Purina Felix Gravy Lovers Pet Food Fish Selection 12 Pack,$10.00,$0.83 each,"https://cdn.metcash.media/image/upload/f_auto,c_limit,w_300,q_auto/igashop/images/544169"
Hostess Twinkies 385g,$14.95,$3.88/100g,"https://cdn.metcash.media/image/upload/f_auto,c_limit,w_300,q_auto/igashop/images/190000003850"
Purina Total Care Toys Cat Treat Ball,$14.00,N/A,"https://cdn.metcash.media/image/upload/f_auto,c_limit,w_300,q_auto/igashop/images/1800000069721"
Lifestyles Zero Uber Thin Condoms 10 Pack,$11.50,$1.15 each,"https://cdn.metcash.media/image/upload/f_auto,c_limit,w_300,q_auto/igashop/images/807038"
Bubs Organic Sweet Potato Carrot & Pumpkin 120g,$2.60,$2.17/100g,"https://cdn.metcash.media/image/upload/f_auto,c_limit,w_300,q_auto/igashop/images/355214"
The Collective Probiotic Kefir Pourable Yoghurt Natural 700g,$5.00,$0.71/100g,"https://cdn.metcash.media/image/upload/f_auto,c_limit,w_300,q_auto/igashop/images/838738"
F2G Kids Pack Red Apples 400g,$1.95,$0.49/100g,https://www.igashop.com.au/static/default-product-image.png
Masterfoods Herbs And Spices Cafe Style Salad Crunch Jar 30g,$3.50,$11.67/100g,"https://cdn.metcash.media/image/upload/f_auto,c_limit,w_300,q_auto/igashop/images/376016"
Lo Bros Kombucha Mango & Passionfruit 330mL,$4.50,$1.36/100mL,"https://cdn.metcash.media/image/upload/f_auto,c_limit,w_300,q_auto/igashop/images/9340784002557"
Cadbury Caramilk Easter Egg bag 230g,$10.00,$4.35/100g,"https://cdn.metcash.media/image/upload/f_auto,c_limit,w_300,q_auto/igashop/images/929822"
Chris' Homestyle Dip French Onion 3 Pack,$4.30,$1.43 each,"https://cdn.metcash.media/image/upload/f_auto,c_limit,w_300,q_auto/igashop/images/321498"
Well & Good Chocolate Mud Cake Mix 450g,$7.00,$1.56/100g,https://www.igashop.com.au/static/default-product-image.png
Street Eats Quesadillas Mexican Style Beans & Cheese 300g,$8.95,$2.98/100g,"https://cdn.metcash.media/image/upload/f_auto,c_limit,w_300,q_auto/igashop/images/180000002454"
Decor Microsafe Container Round,$3.10,N/A,"https://cdn.metcash.media/image/upload/f_auto,c_limit,w_300,q_auto/igashop/images/714293"
Eveready Red Label Heavy Duty AA Batteries 20 Pack,$12.30,$0.62 each,"https://cdn.metcash.media/image/upload/f_auto,c_limit,w_300,q_auto/igashop/images/190000003598"
MasterFoods Herbs & Spices Garam Masala 30g,$2.95,$9.83/100g,"https://cdn.metcash.media/image/upload/f_auto,c_limit,w_300,q_auto/igashop/images/90770"
Cafecino Premium Coffee Drink Iced Latte 240mL,$3.60,$15.00/1L,https://www.igashop.com.au/static/default-product-image.png
Flora Thickened Plant Cream 500mL,$4.00,$0.80/100mL,"https://cdn.metcash.media/image/upload/f_auto,c_limit,w_300,q_auto/igashop/images/282856"
Vitasoy Home Barista Almond Milk 1L,$2.80,$2.80/1L,https://www.igashop.com.au/static/default-product-image.png
Nutella Hazelnut Spread 400g,$6.70,$1.68/100g,"https://cdn.metcash.media/image/upload/f_auto,c_limit,w_300,q_auto/igashop/images/406662"
Orion Turtle Chips Choco Churros 160g,$6.50,$4.06/100g,https://www.igashop.com.au/static/default-product-image.png
Caffe Aurora Freeze Dried Coffee Italian Style 100g,$9.20,$9.20/100g,"https://cdn.metcash.media/image/upload/f_auto,c_limit,w_300,q_auto/igashop/images/160000014234"
Libra Panty Liners Thin & Breathable 28 Pack,$2.70,$0.10 each,"https://cdn.metcash.media/image/upload/f_auto,c_limit,w_300,q_auto/igashop/images/372180"
Extra Soft Chew White Peppermint Chewing Gum Sugar Free Bottle 67g,$4.70,$7.01/100g,"https://cdn.metcash.media/image/upload/f_auto,c_limit,w_300,q_auto/igashop/images/481879"
Red Rock Deli Sweet Chilli & Sour Cream Deli Style Crackers 135g,$3.75,$2.78/100g,"https://cdn.metcash.media/image/upload/f_auto,c_limit,w_300,q_auto/igashop/images/150000000721"
Galaxy Smooth Milk Chocolate Bar XXL 360g,$6.00,$1.67/100g,"https://cdn.metcash.media/image/upload/f_auto,c_limit,w_300,q_auto/igashop/images/150000007773"
Jalna Lactose Free Greek Yoghurt 1kg,$6.90,$6.90/kg,"https://cdn.metcash.media/image/upload/f_auto,c_limit,w_300,q_auto/igashop/images/20000001745"
Mentos Pure Fresh Confectionery Smooth Mint 30g,$1.80,$6.00/100g,https://www.igashop.com.au/static/default-product-image.png
La Tosca Chunky Butternut Pumpkin Gnocchi 500g,$6.95,$1.39/100g,"https://cdn.metcash.media/image/upload/f_auto,c_limit,w_300,q_auto/igashop/images/8559"
Colgate Tooth Brush Kids Junior Powered Child,$9.85,N/A,"https://cdn.metcash.media/image/upload/f_auto,c_limit,w_300,q_auto/igashop/images/515128"
Golden Circle Apple Mango Juice No Added Sugar 6 Pack,$4.70,$0.78 each,"https://cdn.metcash.media/image/upload/f_auto,c_limit,w_300,q_auto/igashop/images/446002"
Eveready Gold D Alkaline Batteries 2 Pack,$5.99,$3.00 each,https://www.igashop.com.au/static/default-product-image.png
Razzamatazz Footlet 3 Pack Size 8 To 11 3 Pack,$4.50,$1.50 each,"https://cdn.metcash.media/image/upload/f_auto,c_limit,w_300,q_auto/igashop/images/788608"
Schwarzkopf Taft Flexible Hairspray Flexible Hold 200g,$6.65,$3.33/100g,"https://cdn.metcash.media/image/upload/f_auto,c_limit,w_300,q_auto/igashop/images/29041"
KB Seafood Prawn Cooked Jumbo Cutlet 240g,$15.30,$6.38/100g,https://www.igashop.com.au/static/default-product-image.png
South Cape Spring Onion & Chive Cream Cheese 200g,$5.90,$2.95/100g,"https://cdn.metcash.media/image/upload/f_auto,c_limit,w_300,q_auto/igashop/images/113510"
Epic Oddisee Platter Antipasto 300g,$14.30,$4.77/100g,https://www.igashop.com.au/static/default-product-image.png
Orchy Orange & Passionfruit Juice 1L,$4.35,$4.35/1L,"https://cdn.metcash.media/image/upload/f_auto,c_limit,w_300,q_auto/igashop/images/20000004335"
Chupa Chups Incredible Chew 175g,$4.25,$2.43/100g,"https://cdn.metcash.media/image/upload/f_auto,c_limit,w_300,q_auto/igashop/images/497011"
Mushroom Cup Punnet,$3.50,N/A,"https://cdn.metcash.media/image/upload/f_auto,c_limit,w_300,q_auto/igashop/images/80050046"
Mum's Favourites Cornflake Cookies 250g,$8.95,$3.58/100g,"https://cdn.metcash.media/image/upload/f_auto,c_limit,w_300,q_auto/igashop/images/20000005994"
Sukin Botanical Body Wash Coconut Bliss 1L,$17.95,$17.95/1L,"https://cdn.metcash.media/image/upload/f_auto,c_limit,w_300,q_auto/igashop/images/692535"
ZoOSh French Onion Creamy Dreamy Dip 185g,$3.00,$1.62/100g,"https://cdn.metcash.media/image/upload/f_auto,c_limit,w_300,q_auto/igashop/images/164231"
Maxine's Burn Bar Caramel Crunch 40g,$4.00,$10.00/100g,"https://cdn.metcash.media/image/upload/f_auto,c_limit,w_300,q_auto/igashop/images/797"
Cadbury Dairy Milk Breakaway Choc Malt Shake 44g,$3.00,$6.82/100g,"https://cdn.metcash.media/image/upload/f_auto,c_limit,w_300,q_auto/igashop/images/741392"
Herbal Essences Conditioner Hello Hydration 300mL,$6.00,$2.00/100mL,"https://cdn.metcash.media/image/upload/f_auto,c_limit,w_300,q_auto/igashop/images/499437"
F. Whitlock & Sons Smokehouse Tomato Chutney Sauce 250mL,$4.50,$1.80/100mL,"https://cdn.metcash.media/image/upload/f_auto,c_limit,w_300,q_auto/igashop/images/160000012244"
Jack Hammer Magnetic Red P Plate,$3.95,N/A,"https://cdn.metcash.media/image/upload/f_auto,c_limit,w_300,q_auto/igashop/images/234691"
Vicks VapoRub Ointment Decongestant Chest Rub 50g,$8.90,$17.80/100g,"https://cdn.metcash.media/image/upload/f_auto,c_limit,w_300,q_auto/igashop/images/55372"
Connoisseur Almond Biscotti Gelato Sticks 4 Pack,$5.50,$1.38 each,"https://cdn.metcash.media/image/upload/f_auto,c_limit,w_300,q_auto/igashop/images/1800000068264"
Coco Earth Satay Chicken With Jasmine Rice 400g,$5.50,$1.38/100g,"https://cdn.metcash.media/image/upload/f_auto,c_limit,w_300,q_auto/igashop/images/1800000067462"
Heinz Baked Beans English Recipe 555g,$3.80,$0.68/100g,"https://cdn.metcash.media/image/upload/f_auto,c_limit,w_300,q_auto/igashop/images/899153"
Kiwi Sneaker No Tie Laces Black,$6.20,N/A,"https://cdn.metcash.media/image/upload/f_auto,c_limit,w_300,q_auto/igashop/images/796389"
Sharwood's Simmer Sauce Tikka Masala 420g,$5.00,$1.19/100g,"https://cdn.metcash.media/image/upload/f_auto,c_limit,w_300,q_auto/igashop/images/190000002245"
NIVEA Sensitive Protect Anti-Perspirant Roll-On 50mL,$5.00,$10.00/100mL,"https://cdn.metcash.media/image/upload/f_auto,c_limit,w_300,q_auto/igashop/images/356951"
Yakult Probiotic Drink Light 5 Pack,$4.00,$0.80 each,"https://cdn.metcash.media/image/upload/f_auto,c_limit,w_300,q_auto/igashop/images/916269"
Darrell Lea Mum's Gift Pack 900g,$20.00,$2.22/100g,https://www.igashop.com.au/static/default-product-image.png
Speedibake White French Baguette Par Bake 340g,$2.50,$0.74/100g,"https://cdn.metcash.media/image/upload/f_auto,c_limit,w_300,q_auto/igashop/images/178222"
Armor All Protectant Wipes Gloss 30 Pack,$16.00,$0.53 each,https://www.igashop.com.au/static/default-product-image.png
The Olive Branch Crunchy Basil 200g,$6.95,$3.48/100g,"https://cdn.metcash.media/image/upload/f_auto,c_limit,w_300,q_auto/igashop/images/593"
Community Co Knife Wooden 12 Pack,$1.60,$0.13 each,"https://cdn.metcash.media/image/upload/f_auto,c_limit,w_300,q_auto/igashop/images/230692"
The Cheesecake Shop Quarter Tropical Passionfruit 280g,$15.30,$5.46/100g,https://www.igashop.com.au/static/default-product-image.png
Aurora Earl Grey Tea 25 Pack,$3.50,$0.14 each,"https://cdn.metcash.media/image/upload/f_auto,c_limit,w_300,q_auto/igashop/images/160000014180"
Energizer Max 9V Batteries 2 Pack,$15.60,$7.80 each,"https://cdn.metcash.media/image/upload/f_auto,c_limit,w_300,q_auto/igashop/images/206960"
Baked Provisions Chocolate Mud Slice 240 240g,$7.70,$3.21/100g,"https://cdn.metcash.media/image/upload/f_auto,c_limit,w_300,q_auto/igashop/images/20000000584"
Mrs Brunts Fresh Egg Waffles 245g,$5.60,$2.29/100g,https://www.igashop.com.au/static/default-product-image.png
Sara Lee Mini Cups Sticky Date Pudding 280g,$9.20,$3.29/100g,"https://cdn.metcash.media/image/upload/f_auto,c_limit,w_300,q_auto/igashop/images/1800000069715"
Ocean King Smoked Salmon 200g,$14.30,$7.15/100g,https://www.igashop.com.au/static/default-product-image.png
SKYN Massage Gel Sensual Touch 200mL,$13.00,$6.50/100mL,"https://cdn.metcash.media/image/upload/f_auto,c_limit,w_300,q_auto/igashop/images/207767"
Nestlé Milkybar Chocolate Chokito 38g,$1.50,$3.95/100g,"https://cdn.metcash.media/image/upload/f_auto,c_limit,w_300,q_auto/igashop/images/180000005585"
Family Fav Snakes 1kg,$5.00,$5.00/kg,https://www.igashop.com.au/static/default-product-image.png
Lean Cuisine Satay Chicken Noodles 280g,$6.00,$2.14/100g,"https://cdn.metcash.media/image/upload/f_auto,c_limit,w_300,q_auto/igashop/images/958313"
Nestle Nesquik Breakfast Cereal 310g,$6.50,$2.10/100g,"https://cdn.metcash.media/image/upload/f_auto,c_limit,w_300,q_auto/igashop/images/1800000069073"
Pitango Organic Pumpkin & Ginger Soup 600g,$7.45,$1.24/100g,"https://cdn.metcash.media/image/upload/f_auto,c_limit,w_300,q_auto/igashop/images/150000000087"
Energizer Lithium E2 Photo CR2,$15.75,N/A,"https://cdn.metcash.media/image/upload/f_auto,c_limit,w_300,q_auto/igashop/images/230150"
Edgell Four Bean Mix 400g,$1.95,$0.49/100g,"https://cdn.metcash.media/image/upload/f_auto,c_limit,w_300,q_auto/igashop/images/83781"
Purina One Adult Mature 7+ Years Chicken Dry Cat Food Bag 1.4kg,$20.00,$14.29/kg,"https://cdn.metcash.media/image/upload/f_auto,c_limit,w_300,q_auto/igashop/images/517633"
Violet Crumble Caramel Honeycomb Flavoured Milk 500mL,$4.50,$9.00/1L,https://www.igashop.com.au/static/default-product-image.png
Big Lolly Halloween Sour Body Parts 120g,$0.75,$0.63/100g,https://www.igashop.com.au/static/default-product-image.png
Sanofi Calamine Lotion 200mL,$4.60,$2.30/100mL,"https://cdn.metcash.media/image/upload/f_auto,c_limit,w_300,q_auto/igashop/images/344792"
Codral Cold & Flu 16 Pack,$13.45,$0.84 each,https://www.igashop.com.au/static/default-product-image.png
Chux Silicone Scrubbing Sponges 2 Pack,$6.00,$3.00 each,https://www.igashop.com.au/static/default-product-image.png
Community Co Polenta 375g,$2.50,$0.67/100g,"https://cdn.metcash.media/image/upload/f_auto,c_limit,w_300,q_auto/igashop/images/799159"
Pop Tops Apple Fruit Drink 6 Pack,$5.90,$0.98 each,"https://cdn.metcash.media/image/upload/f_auto,c_limit,w_300,q_auto/igashop/images/634142"
Purina One Puppy Pet Food Dry Chicken 2.5kg,$22.00,$8.80/kg,"https://cdn.metcash.media/image/upload/f_auto,c_limit,w_300,q_auto/igashop/images/180000005753"
Cookie Time Cookie Triple Chocolate 85g,$4.50,$5.29/100g,"https://cdn.metcash.media/image/upload/f_auto,c_limit,w_300,q_auto/igashop/images/20000003762"
Food To Nourish Protein Cookie Choc Chip 60g,$5.50,$9.17/100g,"https://cdn.metcash.media/image/upload/f_auto,c_limit,w_300,q_auto/igashop/images/150000008093"
Harris Coffee Ground Strong 1kg,$37.00,$37.00/kg,"https://cdn.metcash.media/image/upload/f_auto,c_limit,w_300,q_auto/igashop/images/858314"
Manicare DermaSmooth Fuzz Remover 2 Pack,$10.60,$5.30 each,"https://cdn.metcash.media/image/upload/f_auto,c_limit,w_300,q_auto/igashop/images/160000002644"
Gatorade No Sugar Glacier Freeze Sports Drink 600mL,$4.20,$0.70/100mL,"https://cdn.metcash.media/image/upload/f_auto,c_limit,w_300,q_auto/igashop/images/160000011921"
Sunsilk Conditioner Addictive Brilliant Shine 200mL,$5.50,$2.75/100mL,"https://cdn.metcash.media/image/upload/f_auto,c_limit,w_300,q_auto/igashop/images/46823"
Balfours Cake Chocolate Hilite 450g,$9.35,$2.08/100g,"https://cdn.metcash.media/image/upload/f_auto,c_limit,w_300,q_auto/igashop/images/803181"
Diet Coca-Cola Soft Drink Multipack Cans 30 Pack,$30.00,$1.00 each,"https://cdn.metcash.media/image/upload/f_auto,c_limit,w_300,q_auto/igashop/images/9300675012249_1"
Babushka's Kefir Natural Organic Yoghurt 500g,$5.98,$1.20/100g,"https://cdn.metcash.media/image/upload/f_auto,c_limit,w_300,q_auto/igashop/images/175279"
The Cake Shop Chocolate Rum Balls 160g,$2.00,$1.25/100g,https://www.igashop.com.au/static/default-product-image.png
Nudie Juice Nothing But Orange Pulp Free 1L,$6.50,$6.50/1L,"https://cdn.metcash.media/image/upload/f_auto,c_limit,w_300,q_auto/igashop/images/180000000079"
Snacking Carrots 200g,$4.50,$2.25/100g,https://www.igashop.com.au/static/default-product-image.png
U By Kotex Tampons Super 16 Pack,$4.75,$0.30 each,"https://cdn.metcash.media/image/upload/f_auto,c_limit,w_300,q_auto/igashop/images/978075"
Pumpkin Butternut Half 700g,Final cost based on weight,$2.77/$3.95,"https://cdn.metcash.media/image/upload/f_auto,c_limit,w_300,q_auto/igashop/images/80060061"
Community Co White Wine Vinegar 500mL,$3.40,$0.68/100mL,"https://cdn.metcash.media/image/upload/f_auto,c_limit,w_300,q_auto/igashop/images/798967"
DON Thinly Sliced Double Smoked Leg Ham 200g,$5.90,$2.95/100g,"https://cdn.metcash.media/image/upload/f_auto,c_limit,w_300,q_auto/igashop/images/150000008004"
Neutrogena Hydro Boost Hydrating Hydrogel Mask 30g,$7.15,$23.83/100g,"https://cdn.metcash.media/image/upload/f_auto,c_limit,w_300,q_auto/igashop/images/977485"
Community Co Organic Beef Mince 400g,$12.00,$3.00/100g,"https://cdn.metcash.media/image/upload/f_auto,c_limit,w_300,q_auto/igashop/images/218585"
Connoisseur Ice Cream Derwent Valley Raspberry 1L,$12.00,$12.00/1L,"https://cdn.metcash.media/image/upload/f_auto,c_limit,w_300,q_auto/igashop/images/411612"
Yoplait Zero Yoghurt Classics Multipack 6 Pack,$7.00,$1.17 each,"https://cdn.metcash.media/image/upload/f_auto,c_limit,w_300,q_auto/igashop/images/928041"
Kleenex Facial Tissue Soft Lotion Bundle Pack 6 Pack,$2.90,$0.48 each,https://www.igashop.com.au/static/default-product-image.png
Chobani Oat Milk Barista Edition 1L,$5.20,$5.20/1L,"https://cdn.metcash.media/image/upload/f_auto,c_limit,w_300,q_auto/igashop/images/20000007117"
Ausfresh Olive & Feta Cheese 2kg,$47.20,$23.60/kg,https://www.igashop.com.au/static/default-product-image.png
Morning Fresh Dishwashing Liquid Ultimate Power Original 350mL,$4.50,$1.29/100mL,"https://cdn.metcash.media/image/upload/f_auto,c_limit,w_300,q_auto/igashop/images/781499"
The Organic Milk Co Organic Cheddar Cheese Block 400g,$10.50,$2.63/100g,"https://cdn.metcash.media/image/upload/f_auto,c_limit,w_300,q_auto/igashop/images/150000007711"
Huggies Drynites Girls Convenience 4-7 Years 10 Pack,$11.00,$1.10 each,"https://cdn.metcash.media/image/upload/f_auto,c_limit,w_300,q_auto/igashop/images/424408"
Cadbury Magical Christmas Elves Sharepack 144g,$2.00,$1.39/100g,"https://cdn.metcash.media/image/upload/f_auto,c_limit,w_300,q_auto/igashop/images/979411"
Denada Mint Chip Ice Cream Tub 475mL,$12.00,$2.53/100mL,"https://cdn.metcash.media/image/upload/f_auto,c_limit,w_300,q_auto/igashop/images/160000013625"
Remedy Organic Kombucha Passionfruit 1L,$6.25,$6.25/1L,"https://cdn.metcash.media/image/upload/f_auto,c_limit,w_300,q_auto/igashop/images/190000003067"
Vege Chips Rice Crackers Honey Soy 75g,$4.90,$6.53/100g,"https://cdn.metcash.media/image/upload/f_auto,c_limit,w_300,q_auto/igashop/images/20000005983"
Global Seafoods Natural Prawn Meat 250g,$12.00,$4.80/100g,https://www.igashop.com.au/static/default-product-image.png
My Muscle Chef Chicken Vodka Penne 350g,$11.95,$3.41/100g,"https://cdn.metcash.media/image/upload/f_auto,c_limit,w_300,q_auto/igashop/images/575518"
Dove Body Wash Glowing Mango & Almond Butter 1L,$19.00,$19.00/1L,"https://cdn.metcash.media/image/upload/f_auto,c_limit,w_300,q_auto/igashop/images/1700000003676"
Fantastic Rice Crackers Sour Cream & Chives 100g,$2.50,$2.50/100g,"https://cdn.metcash.media/image/upload/f_auto,c_limit,w_300,q_auto/igashop/images/11530"
Vitasoy Calci-Plus Uht 1L,$3.00,$3.00/1L,https://www.igashop.com.au/static/default-product-image.png
Palmolive Foaming Hand Wash Soap Raspberry Pump 250mL,$3.00,$1.20/100mL,"https://cdn.metcash.media/image/upload/f_auto,c_limit,w_300,q_auto/igashop/images/347570"
Cadbury Caramilk Cupcakes 6 Pack,$10.20,$1.70 each,"https://cdn.metcash.media/image/upload/f_auto,c_limit,w_300,q_auto/igashop/images/447922"
Snickers Chocolate Bar 50g,$2.00,$4.00/100g,"https://cdn.metcash.media/image/upload/f_auto,c_limit,w_300,q_auto/igashop/images/160000003279"
Continental Sensations Cup-A-Soup Aged Cheddar And Parmesan 61g,$3.50,$5.74/100g,"https://cdn.metcash.media/image/upload/f_auto,c_limit,w_300,q_auto/igashop/images/200922"
Moccona Liquid Espresso Caramel 8 Pack,$8.60,$1.08 each,"https://cdn.metcash.media/image/upload/f_auto,c_limit,w_300,q_auto/igashop/images/1800000067713"
Community Co Southern Blue Whiting Skin Off Fillets 500g,$9.20,$1.84/100g,"https://cdn.metcash.media/image/upload/f_auto,c_limit,w_300,q_auto/igashop/images/1800000068450"
Impressed Juice Oh Mandy 1L,$5.50,$5.50/1L,https://www.igashop.com.au/static/default-product-image.png
Sprite Lemonade Soft Drink 1.25L,$2.50,$2.00/1L,"https://cdn.metcash.media/image/upload/f_auto,c_limit,w_300,q_auto/igashop/images/345492"
Nature's Gift Adult Dog Food Gourmet Loaf Style Real Chicken 100g,$1.00,$1.00/100g,"https://cdn.metcash.media/image/upload/f_auto,c_limit,w_300,q_auto/igashop/images/986049"
Pauls Kids Strawberry Yoghurt Pouch 70g,$1.30,$1.86/100g,"https://cdn.metcash.media/image/upload/f_auto,c_limit,w_300,q_auto/igashop/images/571881"
Toscano Pizza Base Pinsa 230g,$4.95,$2.15/100g,https://www.igashop.com.au/static/default-product-image.png
Mirabella LED 9W Warm White GLS Bayonet Cap Globe,$7.40,N/A,"https://cdn.metcash.media/image/upload/f_auto,c_limit,w_300,q_auto/igashop/images/223289"
Dine Wet Cat Food Succulent Chicken Slices Tray 85g,$1.10,$1.29/100g,"https://cdn.metcash.media/image/upload/f_auto,c_limit,w_300,q_auto/igashop/images/454089"
Well & Good Gluten Free Plain Flour 1kg,$7.00,$7.00/kg,"https://cdn.metcash.media/image/upload/f_auto,c_limit,w_300,q_auto/igashop/images/20000005741"
Caltrate Bone Health Tablets With Vitamin D 60 Pack,$14.50,$0.24 each,"https://cdn.metcash.media/image/upload/f_auto,c_limit,w_300,q_auto/igashop/images/67756"
The Lady Shake Chocolate Mint 840g,$49.95,$5.95/100g,"https://cdn.metcash.media/image/upload/f_auto,c_limit,w_300,q_auto/igashop/images/150000007604"
Maggie Beer Products Cheese Mbp Cheese Tcb 1kg,$64.95,$64.95/kg,https://www.igashop.com.au/static/default-product-image.png
Tetley Extra Strong 100 Pack,$4.00,$0.04 each,https://www.igashop.com.au/static/default-product-image.png
Yarra Valley Yarra Valley Hilltop Red'Y Set-Go Smoothie 1L,$8.40,$8.40/1L,https://www.igashop.com.au/static/default-product-image.png
Mediterranean Delicacies Baklava Pistachio 300g,$9.95,$3.32/100g,https://www.igashop.com.au/static/default-product-image.png
Dettol 2 in 1 Hands and Surfaces Antibacterial Wipes 15 Pack,$3.50,$0.23 each,"https://cdn.metcash.media/image/upload/f_auto,c_limit,w_300,q_auto/igashop/images/876825"
Koo Chakalaka Mild & Spicy 410g,$4.95,$1.21/100g,https://www.igashop.com.au/static/default-product-image.png
Dove Men Deodorant Roll On Fresh 50mL,$5.00,$10.00/100mL,https://www.igashop.com.au/static/default-product-image.png
L'Oréal Paris Men Expert Hydra Energetic Taurine Shower Gel 300mL,$6.00,$2.00/100mL,"https://cdn.metcash.media/image/upload/f_auto,c_limit,w_300,q_auto/igashop/images/968216"
Dove Men+ Care Antiperspirant Aerosol Fresh 250mL,$9.50,$3.80/100mL,https://www.igashop.com.au/static/default-product-image.png
Golden Circle Lime Cordial 2L,$4.50,$2.25/1L,"https://cdn.metcash.media/image/upload/f_auto,c_limit,w_300,q_auto/igashop/images/7183"
Altimate Ice Cream Wafer Cones 21 Pack,$4.75,$0.23 each,"https://cdn.metcash.media/image/upload/f_auto,c_limit,w_300,q_auto/igashop/images/7953"
Green Asparagus Bunch,$5.50,N/A,"https://cdn.metcash.media/image/upload/f_auto,c_limit,w_300,q_auto/igashop/images/80050034"
Wrigley's Sugarfree Extra Intense Mint Gum 64g,$4.70,$7.34/100g,"https://cdn.metcash.media/image/upload/f_auto,c_limit,w_300,q_auto/igashop/images/150000007993"
Community Co Date & Apricot Fruit Crackers 100g,$4.40,$4.40/100g,"https://cdn.metcash.media/image/upload/f_auto,c_limit,w_300,q_auto/igashop/images/545563"
Redds Pong Cups 20 Pack,$5.50,$0.28 each,"https://cdn.metcash.media/image/upload/f_auto,c_limit,w_300,q_auto/igashop/images/964589"
Twinings Live Well Glow 18 Pack,$6.50,$0.36 each,"https://cdn.metcash.media/image/upload/f_auto,c_limit,w_300,q_auto/igashop/images/160000005530"
Advil Tablets 24 Pack,$4.75,$0.20 each,"https://cdn.metcash.media/image/upload/f_auto,c_limit,w_300,q_auto/igashop/images/350578"
Tabasco Sriracha 256mL,$5.20,$2.03/100mL,"https://cdn.metcash.media/image/upload/f_auto,c_limit,w_300,q_auto/igashop/images/222204"
Bulla Murray Street Lemon Meringue 4 Pack,$11.00,$2.75 each,"https://cdn.metcash.media/image/upload/f_auto,c_limit,w_300,q_auto/igashop/images/160000018249"
Brown Brothers Prosecco Zero 750mL Bottle 750mL,$14.00,$1.87/100mL,https://www.igashop.com.au/static/default-product-image.png
Maggie Beer Products Cheese Club Cheddar Peppercorn 150g,$7.20,$4.80/100g,"https://cdn.metcash.media/image/upload/f_auto,c_limit,w_300,q_auto/igashop/images/337452"
Fancy That Soup Pumpkin Coco Soup 350g,$6.50,$1.86/100g,https://www.igashop.com.au/static/default-product-image.png
Foster Clark's Vanilla Smooth & Creamy Custard 500mL,$3.30,$0.66/100mL,"https://cdn.metcash.media/image/upload/f_auto,c_limit,w_300,q_auto/igashop/images/682983"
Mrs Mac's Microwave Giant Sausage Roll 175g,$3.00,$1.71/100g,"https://cdn.metcash.media/image/upload/f_auto,c_limit,w_300,q_auto/igashop/images/551912"
Pacific West Asian Banquet 1kg,$13.25,$13.25/kg,"https://cdn.metcash.media/image/upload/f_auto,c_limit,w_300,q_auto/igashop/images/190000002931"
Bref Active Gel Deluxe Lovely Jasmine Toilet Cleaner Liquid 450mL,$5.00,$1.11/100mL,"https://cdn.metcash.media/image/upload/f_auto,c_limit,w_300,q_auto/igashop/images/274565"
Bega Peanut Butter Smooth 375g,$4.90,$1.31/100g,"https://cdn.metcash.media/image/upload/f_auto,c_limit,w_300,q_auto/igashop/images/190000001343"
Bickford's Blueberry Juice Drink 1L,$7.40,$7.40/1L,"https://cdn.metcash.media/image/upload/f_auto,c_limit,w_300,q_auto/igashop/images/76056"
Dove Men Deodorant Aerosol Clean Comfort Zero Aluminium 200mL,$8.50,$4.25/100mL,"https://cdn.metcash.media/image/upload/f_auto,c_limit,w_300,q_auto/igashop/images/170000003759"
Pura Thick Cream Christmas Orange Liqueur 300mL,$4.44,$1.48/100mL,"https://cdn.metcash.media/image/upload/f_auto,c_limit,w_300,q_auto/igashop/images/1800000069655"
Bulla Sour Cream Light Lactose Free 200g,$4.50,$2.25/100g,"https://cdn.metcash.media/image/upload/f_auto,c_limit,w_300,q_auto/igashop/images/642462"
Robert Timms Coffee Bags Mocha Kenya 24 Pack,$13.00,$0.54 each,"https://cdn.metcash.media/image/upload/f_auto,c_limit,w_300,q_auto/igashop/images/1800000067827"
Lindt Excellence Mint Intense Dark Chocolate 100g,$4.95,$4.95/100g,"https://cdn.metcash.media/image/upload/f_auto,c_limit,w_300,q_auto/igashop/images/160000000378"
Lion Classic Scone Mix 535g,$3.90,$0.73/100g,"https://cdn.metcash.media/image/upload/f_auto,c_limit,w_300,q_auto/igashop/images/25380"
Beerenberg 4 Cheese Fig & Pomegranate 190g,$5.75,$3.03/100g,"https://cdn.metcash.media/image/upload/f_auto,c_limit,w_300,q_auto/igashop/images/740859"
Monster Energy Ultra Violet Cans 500mL,$4.45,$0.89/100mL,https://www.igashop.com.au/static/default-product-image.png
Arnott's Scotch Finger Chocolate Coated Biscuits 250g,$2.75,$1.10/100g,"https://cdn.metcash.media/image/upload/f_auto,c_limit,w_300,q_auto/igashop/images/90186"
Green's Golden Gaytime Combo Mix Cupcakes Or Cakebites 480g,$7.00,$1.46/100g,"https://cdn.metcash.media/image/upload/f_auto,c_limit,w_300,q_auto/igashop/images/191063"
John West Deli Tuna Cherry Tomato & Chilli Infused Oil 90g,$2.50,$2.78/100g,"https://cdn.metcash.media/image/upload/f_auto,c_limit,w_300,q_auto/igashop/images/62557"
The Ginger People Gin Gins Super Strength 84g,$4.30,$5.12/100g,"https://cdn.metcash.media/image/upload/f_auto,c_limit,w_300,q_auto/igashop/images/160000013549"
Glad Compostable Bake & Cook Paper 25m,$5.50,N/A,"https://cdn.metcash.media/image/upload/f_auto,c_limit,w_300,q_auto/igashop/images/609480"
Duro-Tuss Relief Chesty Cough Liquid 200mL,$17.00,$8.50/100mL,"https://cdn.metcash.media/image/upload/f_auto,c_limit,w_300,q_auto/igashop/images/533231"
Fairy Original All in One Lemon Scented Automatic Dishwasher Tablets 64 Pack,$24.95,$0.39 each,"https://cdn.metcash.media/image/upload/f_auto,c_limit,w_300,q_auto/igashop/images/170000004448"
Gillette Sensor 3 Comfort Disposable Razors 8 Pack,$14.50,$1.81 each,"https://cdn.metcash.media/image/upload/f_auto,c_limit,w_300,q_auto/igashop/images/902736"
Dan Cake Lemon Cut Cake With Icing 350g,$5.80,$1.66/100g,"https://cdn.metcash.media/image/upload/f_auto,c_limit,w_300,q_auto/igashop/images/20000000278"
Jasper Coffee Ethiopia Ground 250g,$15.95,$6.38/100g,https://www.igashop.com.au/static/default-product-image.png
Waterfords Mineral Water Lemon Lime & Bitters 1L,$1.75,$1.75/1L,"https://cdn.metcash.media/image/upload/f_auto,c_limit,w_300,q_auto/igashop/images/648968"
My Muscle Chef Thai Peanut Chicken Noodle Stir Fry 310g,$11.95,$3.85/100g,"https://cdn.metcash.media/image/upload/f_auto,c_limit,w_300,q_auto/igashop/images/575505"
Bundaberg Burgundee Creaming Soda 4 Pack,$6.30,$1.58 each,"https://cdn.metcash.media/image/upload/f_auto,c_limit,w_300,q_auto/igashop/images/389056"
Birds Eye Barra Herb Salsa 250g,$14.30,$5.72/100g,"https://cdn.metcash.media/image/upload/f_auto,c_limit,w_300,q_auto/igashop/images/429681"
Cadbury Chocolate Cake Bars 5 Pack,$6.00,$1.20 each,"https://cdn.metcash.media/image/upload/f_auto,c_limit,w_300,q_auto/igashop/images/190000001960"
Arnott's Tee Vee Snacks Malt Sticks 175g,$2.75,$1.57/100g,"https://cdn.metcash.media/image/upload/f_auto,c_limit,w_300,q_auto/igashop/images/995263"
OMO Ultimate 3 in 1 Laundry Capsules 17 Pack,$13.50,$0.79 each,"https://cdn.metcash.media/image/upload/f_auto,c_limit,w_300,q_auto/igashop/images/539766"
DON Salami White Hungarian 200g,$8.50,$4.25/100g,"https://cdn.metcash.media/image/upload/f_auto,c_limit,w_300,q_auto/igashop/images/111186"
Cadbury & Natural Confectionery Co. Gift Box Gift Box 160g,$13.75,$8.59/100g,"https://cdn.metcash.media/image/upload/f_auto,c_limit,w_300,q_auto/igashop/images/369501"
Vego Fine Hazelnut Chocolate Melts 180g,$12.95,$7.19/100g,"https://cdn.metcash.media/image/upload/f_auto,c_limit,w_300,q_auto/igashop/images/190000002120"
MasterFoods Cinnamon Sugar 55g,$3.50,$6.36/100g,"https://cdn.metcash.media/image/upload/f_auto,c_limit,w_300,q_auto/igashop/images/363482"
Taveners Jelly Babies 400g,$9.00,$2.25/100g,https://www.igashop.com.au/static/default-product-image.png
Street Eats Quesadillas Mexican Style Chicken Chipotle 300g,$8.95,$2.98/100g,"https://cdn.metcash.media/image/upload/f_auto,c_limit,w_300,q_auto/igashop/images/180000003242"
U By Kotex Tampons Regular Bulk 32 Pack,$8.00,$0.25 each,"https://cdn.metcash.media/image/upload/f_auto,c_limit,w_300,q_auto/igashop/images/889967"
Black & Gold Salted Butter 250g,$4.00,$1.60/100g,"https://cdn.metcash.media/image/upload/f_auto,c_limit,w_300,q_auto/igashop/images/190000011721"
MasterFoods Portuguese Chicken Seasoning 50g,$3.50,$7.00/100g,"https://cdn.metcash.media/image/upload/f_auto,c_limit,w_300,q_auto/igashop/images/861715"
The Gourmet Sausages Chipolata Beef Tomato Parmesan 465g,$11.00,$2.37/100g,"https://cdn.metcash.media/image/upload/f_auto,c_limit,w_300,q_auto/igashop/images/981641"
Nobby's Mixed Nuts 375g,$7.20,$1.92/100g,"https://cdn.metcash.media/image/upload/f_auto,c_limit,w_300,q_auto/igashop/images/46381"
Christmas Star Candy Cane Red & White 120g,$4.00,$3.33/100g,https://www.igashop.com.au/static/default-product-image.png
Hot Wheels Diecast Car 5 Pack,$14.00,$2.80 each,"https://cdn.metcash.media/image/upload/f_auto,c_limit,w_300,q_auto/igashop/images/240820"
Heinz Baked Beans Tomato Sauce 300g,$2.90,$0.97/100g,"https://cdn.metcash.media/image/upload/f_auto,c_limit,w_300,q_auto/igashop/images/891171"
Delucas Quiche Lorraine 800g,$20.95,$2.62/100g,"https://cdn.metcash.media/image/upload/f_auto,c_limit,w_300,q_auto/igashop/images/307509"
Sirena Ready To Eat Meal Massaman Curry Chicken With Brown Rice 190g,$4.30,$2.26/100g,"https://cdn.metcash.media/image/upload/f_auto,c_limit,w_300,q_auto/igashop/images/447639"
Carefree Panty Liner Long 30 Pack,$3.25,$0.11 each,"https://cdn.metcash.media/image/upload/f_auto,c_limit,w_300,q_auto/igashop/images/669668"
Community Co Soy Milk 1L,$1.75,$1.75/1L,"https://cdn.metcash.media/image/upload/f_auto,c_limit,w_300,q_auto/igashop/images/934848"
Atkins White Chocolate Swiss Roll 30g,$3.00,$10.00/100g,"https://cdn.metcash.media/image/upload/f_auto,c_limit,w_300,q_auto/igashop/images/260485"
Celsius Energy Drink Raspberry Peach 330mL,$2.80,$0.85/100mL,https://www.igashop.com.au/static/default-product-image.png
DON Bacon Double Smoked Pan Size 200g,$6.60,$3.30/100g,"https://cdn.metcash.media/image/upload/f_auto,c_limit,w_300,q_auto/igashop/images/589619"
Minor Figures Chai Latte - Spiced Tea & Oat Milk 200mL,$4.70,$2.35/100mL,"https://cdn.metcash.media/image/upload/f_auto,c_limit,w_300,q_auto/igashop/images/160000013879"
Jarlsberg Original Cheese Slices 150g,$8.55,$5.70/100g,"https://cdn.metcash.media/image/upload/f_auto,c_limit,w_300,q_auto/igashop/images/167438"
Basil Bunch,$2.95,N/A,https://www.igashop.com.au/static/default-product-image.png
Youfoodz Golden Sunrise 350mL,$3.40,$0.97/100mL,"https://cdn.metcash.media/image/upload/f_auto,c_limit,w_300,q_auto/igashop/images/180000006568"
Schweppes Natural Mineral Water Water 4 Pack,$3.50,$0.88 each,"https://cdn.metcash.media/image/upload/f_auto,c_limit,w_300,q_auto/igashop/images/301838"
The Fix Cold Pressed Juice Summer Fix 1L,$8.75,$8.75/1L,"https://cdn.metcash.media/image/upload/f_auto,c_limit,w_300,q_auto/igashop/images/738022"
Youfoodz Juice Tropical Tango 1L,$5.80,$5.80/1L,"https://cdn.metcash.media/image/upload/f_auto,c_limit,w_300,q_auto/igashop/images/180000006571"
Up & Go Liquid Breakfast Choc Ice 500mL,$5.05,$1.01/100mL,"https://cdn.metcash.media/image/upload/f_auto,c_limit,w_300,q_auto/igashop/images/609003"
Mission Wraps Low Carb 6 Pack,$5.50,$0.92 each,"https://cdn.metcash.media/image/upload/f_auto,c_limit,w_300,q_auto/igashop/images/929233"
Dove Summer Glow Body Lotion Fair To Medium 250mL,$5.25,$2.10/100mL,"https://cdn.metcash.media/image/upload/f_auto,c_limit,w_300,q_auto/igashop/images/445501"
Allendale Pantyhose Statique Spray 150mL,$8.50,$5.67/100mL,"https://cdn.metcash.media/image/upload/f_auto,c_limit,w_300,q_auto/igashop/images/326414"
Telfast 60mg 20 Pack,$14.00,$0.70 each,"https://cdn.metcash.media/image/upload/f_auto,c_limit,w_300,q_auto/igashop/images/626416"
Codral Plus Cold & Flu + Sore Throat Lozenges 36 Pack,$17.45,$0.48 each,https://www.igashop.com.au/static/default-product-image.png
Meiji Hello Panda Chocolate Biscuit 50g,$2.09,$4.18/100g,https://www.igashop.com.au/static/default-product-image.png
Vegeta Gourmet Stock 250g,$4.85,$1.94/100g,"https://cdn.metcash.media/image/upload/f_auto,c_limit,w_300,q_auto/igashop/images/474500"
Nature's Gift Casserole Kangaroo & Vegetables 700g,$1.95,$0.28/100g,"https://cdn.metcash.media/image/upload/f_auto,c_limit,w_300,q_auto/igashop/images/868416"
Berri Apple Blackcurrant Juice Pop Top 250mL,$1.55,$0.62/100mL,"https://cdn.metcash.media/image/upload/f_auto,c_limit,w_300,q_auto/igashop/images/318649"
Schweppes Schweppes Mineral Water Passionfruit Pineappl Soft Drink 1.1L,$3.00,$2.73/1L,"https://cdn.metcash.media/image/upload/f_auto,c_limit,w_300,q_auto/igashop/images/180000006459"
Jack Hammer Plug Stainless Steel 32mm,$4.30,N/A,https://www.igashop.com.au/static/default-product-image.png
PURINA FRISKIES Kitten Kitten Discoveries Dry Kitten Food 1kg,$8.00,$8.00/kg,"https://cdn.metcash.media/image/upload/f_auto,c_limit,w_300,q_auto/igashop/images/306870"
Community Co Cranberry & Pumpkin Seed Fruit Crackers 100g,$4.40,$4.40/100g,"https://cdn.metcash.media/image/upload/f_auto,c_limit,w_300,q_auto/igashop/images/545555"
Black & Gold Instant Skim Milk Powder 1kg,$10.50,$10.50/kg,"https://cdn.metcash.media/image/upload/f_auto,c_limit,w_300,q_auto/igashop/images/190000010081"
Razzamatazz Ladder Resist Black Size Tall,$6.00,N/A,"https://cdn.metcash.media/image/upload/f_auto,c_limit,w_300,q_auto/igashop/images/959437"
Campbells Bone Broth Stock Chicken Pouch 500mL,$8.00,$1.60/100mL,https://www.igashop.com.au/static/default-product-image.png
Borg's Shortcrust Pastry Sheets 1.2kg,$7.15,$5.96/kg,"https://cdn.metcash.media/image/upload/f_auto,c_limit,w_300,q_auto/igashop/images/160000014607"
Fanta Flavours Lemon 600mL,$4.00,$0.67/100mL,"https://cdn.metcash.media/image/upload/f_auto,c_limit,w_300,q_auto/igashop/images/180000005662"
Chux Scourer Pad Heavy Duty 3 Pack,$3.30,$1.10 each,"https://cdn.metcash.media/image/upload/f_auto,c_limit,w_300,q_auto/igashop/images/957647"
NIVEA Pearl & Beauty Anti-Perspirant Aerosol 150mL,$6.10,$4.07/100mL,"https://cdn.metcash.media/image/upload/f_auto,c_limit,w_300,q_auto/igashop/images/465331"
Monster Energy Ultra Peachy Keen Drink 4 Pack,$11.20,$2.80 each,"https://cdn.metcash.media/image/upload/f_auto,c_limit,w_300,q_auto/igashop/images/180000003630"
Best Foods Mayonnaise Real Jar 1.29kg,$18.60,$14.42/kg,"https://cdn.metcash.media/image/upload/f_auto,c_limit,w_300,q_auto/igashop/images/594889"
Colgate Pulse Electric Brush Deep Clean,$60.00,N/A,"https://cdn.metcash.media/image/upload/f_auto,c_limit,w_300,q_auto/igashop/images/189634"
Allen's Minties Family Size 335g,$6.50,$1.94/100g,"https://cdn.metcash.media/image/upload/f_auto,c_limit,w_300,q_auto/igashop/images/659320"
Darrell Lea Double Choc Brownie Block 160g,$5.00,$3.13/100g,"https://cdn.metcash.media/image/upload/f_auto,c_limit,w_300,q_auto/igashop/images/751871"
Goulburn Valley Orchard Splash Pears In Raspberry Infused Water 160g 2 Pack,$4.70,$2.35 each,"https://cdn.metcash.media/image/upload/f_auto,c_limit,w_300,q_auto/igashop/images/170000000820"
Stabilo Boss Pastel 4 Pack,$9.40,$2.35 each,"https://cdn.metcash.media/image/upload/f_auto,c_limit,w_300,q_auto/igashop/images/692247"
i Pastai Ricotta & Spinach Ravioli 350g,$8.75,$2.50/100g,"https://cdn.metcash.media/image/upload/f_auto,c_limit,w_300,q_auto/igashop/images/546488"
Smooze Mango & Coconut 8 Pack,$11.95,$1.49 each,"https://cdn.metcash.media/image/upload/f_auto,c_limit,w_300,q_auto/igashop/images/20000005423"
Schick Quattro Titanium Disposable Razor System 4 Kit+5 Value Pack,$17.00,N/A,"https://cdn.metcash.media/image/upload/f_auto,c_limit,w_300,q_auto/igashop/images/699448"
INGHAM'S Christmas Turkey Nuggets Limited Edition 350g,$5.00,$1.43/100g,"https://cdn.metcash.media/image/upload/f_auto,c_limit,w_300,q_auto/igashop/images/190000010933"
Cobram Estate Olive Oil Herb 250mL,$11.00,$4.40/100mL,"https://cdn.metcash.media/image/upload/f_auto,c_limit,w_300,q_auto/igashop/images/16000001540"
Ben's Original Brown Microwave Rice Pouch 250g,$2.00,$0.80/100g,"https://cdn.metcash.media/image/upload/f_auto,c_limit,w_300,q_auto/igashop/images/190000005250"
Black & Gold Packing Tape 48x50mm,$3.00,N/A,"https://cdn.metcash.media/image/upload/f_auto,c_limit,w_300,q_auto/igashop/images/190000010094"
Carman's Almond & Maple Crispy Deluxe Muesli 400g,$8.50,$2.13/100g,"https://cdn.metcash.media/image/upload/f_auto,c_limit,w_300,q_auto/igashop/images/820785"
St Dalfour Orange Marmalade Spread No Added Sugar 284g,$6.50,$2.29/100g,"https://cdn.metcash.media/image/upload/f_auto,c_limit,w_300,q_auto/igashop/images/190000000872"
Black & Gold White Napkins 100 Pack,$0.95,$0.01 each,"https://cdn.metcash.media/image/upload/f_auto,c_limit,w_300,q_auto/igashop/images/49842"
Half Cauliflower,$3.50,N/A,"https://cdn.metcash.media/image/upload/f_auto,c_limit,w_300,q_auto/igashop/images/80050024"
Continental Pasta & Sauce Tomato 80g,$2.25,$2.81/100g,https://www.igashop.com.au/static/default-product-image.png
Black & Gold Broccoli Frozen Florets 1kg,$6.00,$6.00/kg,"https://cdn.metcash.media/image/upload/f_auto,c_limit,w_300,q_auto/igashop/images/20000004752"
Lowan Cocoa Bombs Cereal Gluten Free 300g,$3.50,$1.17/100g,https://www.igashop.com.au/static/default-product-image.png
Global Seafoods Salad Mix 500g,$5.50,$1.10/100g,"https://cdn.metcash.media/image/upload/f_auto,c_limit,w_300,q_auto/igashop/images/835112"
K-Roo Kangaroo Herb and Garlic Marinated Steaks 500g,$13.00,$26.00/kg,"https://cdn.metcash.media/image/upload/f_auto,c_limit,w_300,q_auto/igashop/images/1800000069281"
Squid Tubes 1kg,Final cost based on weight,$15.95/$15.95,"https://cdn.metcash.media/image/upload/f_auto,c_limit,w_300,q_auto/igashop/images/80072122"
Mission Wraps Mini Original 8 Pack,$5.00,$0.63 each,"https://cdn.metcash.media/image/upload/f_auto,c_limit,w_300,q_auto/igashop/images/950551"
San Remo La Pasta Macaroni Cheese 160g,$2.50,$1.56/100g,"https://cdn.metcash.media/image/upload/f_auto,c_limit,w_300,q_auto/igashop/images/345926"
Jordans Bursting With Berries Crunchy Oat Granola 500g,$7.00,$1.40/100g,"https://cdn.metcash.media/image/upload/f_auto,c_limit,w_300,q_auto/igashop/images/837821"
Goodman Fielder Pies Chicken 350g,$13.00,$3.71/100g,https://www.igashop.com.au/static/default-product-image.png
Perkii Watermelon & Mint Cucumber Sparkling Drink 330mL,$4.65,$1.41/100mL,"https://cdn.metcash.media/image/upload/f_auto,c_limit,w_300,q_auto/igashop/images/20000005951"
Olive Grove Extra Virgin Olive Oil Spread 500g,$5.80,$1.16/100g,"https://cdn.metcash.media/image/upload/f_auto,c_limit,w_300,q_auto/igashop/images/160000001645"
Maybelline Fast Gel Blackout 6.7mL,$15.30,$228.36/100mL,https://www.igashop.com.au/static/default-product-image.png
Good-O Chicken Veal 3kg,$15.00,$5.00/kg,"https://cdn.metcash.media/image/upload/f_auto,c_limit,w_300,q_auto/igashop/images/1800000067599"
Doritos Mild Salsa 300g,$2.75,$0.92/100g,"https://cdn.metcash.media/image/upload/f_auto,c_limit,w_300,q_auto/igashop/images/381977"
Dollar Sweets Vanilla Extract 200mL,$10.00,$5.00/100mL,https://www.igashop.com.au/static/default-product-image.png
Black & Gold Uht Dairy Full Milk 1L,$1.65,$1.65/1L,"https://cdn.metcash.media/image/upload/f_auto,c_limit,w_300,q_auto/igashop/images/86080"
Nescafe Gold Short Black 100g,$14.50,$14.50/100g,"https://cdn.metcash.media/image/upload/f_auto,c_limit,w_300,q_auto/igashop/images/76218"
Pine O Cleen Disinfectant Wipes Lemon 150 Pack,$8.00,$0.05 each,"https://cdn.metcash.media/image/upload/f_auto,c_limit,w_300,q_auto/igashop/images/246339"
Australian Organic Food Co. Vegetable Minestrone Soup 330g,$3.70,$1.12/100g,"https://cdn.metcash.media/image/upload/f_auto,c_limit,w_300,q_auto/igashop/images/164388"
Celebrate Health Keto Recipe Base Green Thai Curry 175g,$3.55,$2.03/100g,"https://cdn.metcash.media/image/upload/f_auto,c_limit,w_300,q_auto/igashop/images/866587"
Continental Nutrish Liquid Stock Vegan Beef Style 500mL,$1.80,$0.36/100mL,"https://cdn.metcash.media/image/upload/f_auto,c_limit,w_300,q_auto/igashop/images/160000011628"
MasterFoods Classic Corn Relish 250g,$3.60,$1.44/100g,"https://cdn.metcash.media/image/upload/f_auto,c_limit,w_300,q_auto/igashop/images/360337"
Black & Gold Disposable Latex Gloves 100 Pack,$8.00,$0.08 each,"https://cdn.metcash.media/image/upload/f_auto,c_limit,w_300,q_auto/igashop/images/190000005292"
Huggies Dry Nites Pants Boy 13+Year Extra Large 8 Pack,$10.00,$1.25 each,https://www.igashop.com.au/static/default-product-image.png
Hershey's Choco Balls Confectionery Salted Caramel 120g,$6.00,$5.00/100g,https://www.igashop.com.au/static/default-product-image.png
Ajitas Gluten Free Vege Chicken Style Chips 100g,$5.95,$5.95/100g,"https://cdn.metcash.media/image/upload/f_auto,c_limit,w_300,q_auto/igashop/images/190000004837"
Bosisto's Sensitive Laundry Liquid 1.2L,$13.25,$11.04/1L,"https://cdn.metcash.media/image/upload/f_auto,c_limit,w_300,q_auto/igashop/images/936418"
Fantastic Cup Noodles Chicken 6 Pack,$9.40,$1.57 each,"https://cdn.metcash.media/image/upload/f_auto,c_limit,w_300,q_auto/igashop/images/170000000681"
FatBlaster Weight Loss Shake Vanilla 430g,$22.00,$5.12/100g,"https://cdn.metcash.media/image/upload/f_auto,c_limit,w_300,q_auto/igashop/images/689032"
Ben & Jerry's Ice Cream Choco-Lotta Cheesecake Sundae 427mL,$14.50,$3.40/100mL,https://www.igashop.com.au/static/default-product-image.png
Lynx Bodywash Xbox 400mL,$6.50,$1.63/100mL,"https://cdn.metcash.media/image/upload/f_auto,c_limit,w_300,q_auto/igashop/images/688777"
Pauls Plus Protein Low Fat Milk 2L,$5.40,$2.70/1L,https://www.igashop.com.au/static/default-product-image.png
Tommee Tippee Closer To Nature Feeding Bottles 2 Pack,$26.50,$13.25 each,"https://cdn.metcash.media/image/upload/f_auto,c_limit,w_300,q_auto/igashop/images/916552"
Lynx Africa Deodorant Bodyspray 165mL,$4.00,$2.42/100mL,"https://cdn.metcash.media/image/upload/f_auto,c_limit,w_300,q_auto/igashop/images/747314"
Bundaberg Diet Ginger Beer 4 Pack,$7.70,$1.93 each,"https://cdn.metcash.media/image/upload/f_auto,c_limit,w_300,q_auto/igashop/images/388084"
INGHAM'S Crumbed Chicken Breast Munchies 400g,$5.50,$1.38/100g,"https://cdn.metcash.media/image/upload/f_auto,c_limit,w_300,q_auto/igashop/images/141212"
Kraft Cheese Singles Original 216g,$5.50,$2.55/100g,"https://cdn.metcash.media/image/upload/f_auto,c_limit,w_300,q_auto/igashop/images/160000018245"
"Fancy Feast Adult Inspirations Salmon, Spinach, Courgette & Green Beans and Tuna, Courgette & Rice Wet Cat Food 12 Pack",$11.40,$0.95 each,"https://cdn.metcash.media/image/upload/f_auto,c_limit,w_300,q_auto/igashop/images/632328"
Lindt Lindor Assorted Cornet 333g,$34.00,$10.21/100g,"https://cdn.metcash.media/image/upload/f_auto,c_limit,w_300,q_auto/igashop/images/978753"
Elvive Hyaluron Plump Shampoo 300mL,$4.25,$1.42/100mL,"https://cdn.metcash.media/image/upload/f_auto,c_limit,w_300,q_auto/igashop/images/994929"
Wild One Organic Blood Orange Sparkling 345mL,$5.50,$15.94/1L,"https://cdn.metcash.media/image/upload/f_auto,c_limit,w_300,q_auto/igashop/images/921829"
Tommee Tippee Big Kids Cup,$15.00,N/A,"https://cdn.metcash.media/image/upload/f_auto,c_limit,w_300,q_auto/igashop/images/434665"
MILKLAB Almond 1L,$5.50,$5.50/1L,"https://cdn.metcash.media/image/upload/f_auto,c_limit,w_300,q_auto/igashop/images/180000002578"
La Zuppa Soup Pouch Tuscan Chicken & Vegetable 540g,$5.50,$1.02/100g,"https://cdn.metcash.media/image/upload/f_auto,c_limit,w_300,q_auto/igashop/images/378466"
Black & Gold Distilled Water 2L,$2.00,$1.00/1L,"https://cdn.metcash.media/image/upload/f_auto,c_limit,w_300,q_auto/igashop/images/46292"
Clairol Nice & Easy 5 Natural Medium Brown Hair Colour,$9.00,N/A,"https://cdn.metcash.media/image/upload/f_auto,c_limit,w_300,q_auto/igashop/images/190000002197"
Mainland Extra Tasty Cheddar Cheese Slices 210g,$7.00,$3.33/100g,"https://cdn.metcash.media/image/upload/f_auto,c_limit,w_300,q_auto/igashop/images/172213"
Connoisseur Vanilla Ice Creams 4 Pack,$5.50,$1.38 each,"https://cdn.metcash.media/image/upload/f_auto,c_limit,w_300,q_auto/igashop/images/251567"
BSc X Chupa Chups Soft Protein Bar Choco Vanilla 55g,$5.00,$9.09/100g,https://www.igashop.com.au/static/default-product-image.png
LifeStyles Large Condoms 10 Pack,$7.50,$0.75 each,"https://cdn.metcash.media/image/upload/f_auto,c_limit,w_300,q_auto/igashop/images/160000002372"
Pana Oragnic Chocolate Mint 45g,$5.50,$12.22/100g,"https://cdn.metcash.media/image/upload/f_auto,c_limit,w_300,q_auto/igashop/images/2385"
Ben's Original Original Mexican Style Microwave Rice Pouch 250g,$2.00,$0.80/100g,"https://cdn.metcash.media/image/upload/f_auto,c_limit,w_300,q_auto/igashop/images/190000001540"
Dare Intense Espresso 750mL,$5.40,$0.72/100mL,"https://cdn.metcash.media/image/upload/f_auto,c_limit,w_300,q_auto/igashop/images/180000006408"
Twinings Lemon & Ginger Tea Bags 80 Pack,$13.50,$0.17 each,"https://cdn.metcash.media/image/upload/f_auto,c_limit,w_300,q_auto/igashop/images/985014"
Poise Thin & Discreet Regular Pads 16 Pack,$6.50,$0.41 each,"https://cdn.metcash.media/image/upload/f_auto,c_limit,w_300,q_auto/igashop/images/895007"
Heinz Canned Soup Creamy Tomato 300g,$2.30,$0.77/100g,"https://cdn.metcash.media/image/upload/f_auto,c_limit,w_300,q_auto/igashop/images/344983"
Proper Crisps Big Cut Malbough Sea Salt 140g,$6.80,$4.86/100g,https://www.igashop.com.au/static/default-product-image.png
Lauria Specialty Sweets Almond Bread Collection 150g,$7.99,$5.33/100g,"https://cdn.metcash.media/image/upload/f_auto,c_limit,w_300,q_auto/igashop/images/20000000211"
Band-Aid Tough Strips Extra Large Fabric Strips 10 Pack,$3.15,$0.32 each,"https://cdn.metcash.media/image/upload/f_auto,c_limit,w_300,q_auto/igashop/images/436405"
Chicken Tonight Simmer Sauce Creamy Cheese & Bacon 490g,$2.70,$0.55/100g,"https://cdn.metcash.media/image/upload/f_auto,c_limit,w_300,q_auto/igashop/images/160000018204"
Prima Orange Fruit Drink Multipack 200ml 6 Pack,$4.80,$0.80 each,"https://cdn.metcash.media/image/upload/f_auto,c_limit,w_300,q_auto/igashop/images/1800000069648"
Your's Truly The Keto Bar Wildberry Cashew 40g,$4.75,$11.88/100g,https://www.igashop.com.au/static/default-product-image.png
Swiss Brown Mushroom Punnet,$5.50,N/A,"https://cdn.metcash.media/image/upload/f_auto,c_limit,w_300,q_auto/igashop/images/80050141"
Rexona Women Antiperspirant Aerosol Deodorant Sport with Antibacterial Protection 250mL,$8.50,$3.40/100mL,"https://cdn.metcash.media/image/upload/f_auto,c_limit,w_300,q_auto/igashop/images/478229"
Taste Express Beef Stroganoff 350g,$12.20,$3.49/100g,https://www.igashop.com.au/static/default-product-image.png
Kiwi Mid Tan Shoe Polish 38g,$5.40,$14.21/100g,"https://cdn.metcash.media/image/upload/f_auto,c_limit,w_300,q_auto/igashop/images/67905"
Easiyo Yoghurt Base Maker,$22.45,N/A,"https://cdn.metcash.media/image/upload/f_auto,c_limit,w_300,q_auto/igashop/images/190000003048"
Old El Paso Tortillas Whole Grain 6 Pack,$4.50,$0.75 each,"https://cdn.metcash.media/image/upload/f_auto,c_limit,w_300,q_auto/igashop/images/20000000197"
Oral-B Power Brush Refill Floss Action 3 Pack,$28.40,$9.47 each,"https://cdn.metcash.media/image/upload/f_auto,c_limit,w_300,q_auto/igashop/images/515521"
Holland House Herrings Bismark Marinated 500g,$7.00,$1.40/100g,"https://cdn.metcash.media/image/upload/f_auto,c_limit,w_300,q_auto/igashop/images/190000001465"
Quest White Chocolate Raspberry Protein Bar 60g,$5.40,$9.00/100g,"https://cdn.metcash.media/image/upload/f_auto,c_limit,w_300,q_auto/igashop/images/258904"
Local Kitchen Creamy Potato Salad 800g,$7.50,$0.94/100g,https://www.igashop.com.au/static/default-product-image.png
Dove Deodorant Roll On Powder 50mL,$5.00,$10.00/100mL,https://www.igashop.com.au/static/default-product-image.png
Blue Dinosaur Paleo Bar Cacao Mint,$4.25,N/A,"https://cdn.metcash.media/image/upload/f_auto,c_limit,w_300,q_auto/igashop/images/1790"
Huggies Nappies Newborn Jumbo 108 Pack,$39.00,$0.36 each,"https://cdn.metcash.media/image/upload/f_auto,c_limit,w_300,q_auto/igashop/images/760362"
Golden Circle Tropical Juice 2L,$3.90,$1.95/1L,"https://cdn.metcash.media/image/upload/f_auto,c_limit,w_300,q_auto/igashop/images/634257"
Coca-Cola Zero Sugar Caffeine Free Soft Drink Multipack Can 6 Pack,$10.00,$1.67 each,"https://cdn.metcash.media/image/upload/f_auto,c_limit,w_300,q_auto/igashop/images/374734"
Mae Ploy Green Curry Paste 400g,$4.49,$1.12/100g,"https://cdn.metcash.media/image/upload/f_auto,c_limit,w_300,q_auto/igashop/images/20000005915"
So Good Barista Edition Oat Milk 1L,$4.00,$4.00/1L,"https://cdn.metcash.media/image/upload/f_auto,c_limit,w_300,q_auto/igashop/images/150000007846"
NIVEA MEN Silver Protect Anti-Perspirant Roll-On 50mL,$2.50,$5.00/100mL,"https://cdn.metcash.media/image/upload/f_auto,c_limit,w_300,q_auto/igashop/images/11454"
Rosella Fruit Chutney 250g,$3.20,$1.28/100g,"https://cdn.metcash.media/image/upload/f_auto,c_limit,w_300,q_auto/igashop/images/34449"
Atkins Endulge Bar Chcocolate & Coconut 5 Pack,$13.95,$2.79 each,"https://cdn.metcash.media/image/upload/f_auto,c_limit,w_300,q_auto/igashop/images/797262"
Summer Snow Sparkling Pink Lady & Raspberry Apple Juice 330mL,$4.30,$1.30/100mL,"https://cdn.metcash.media/image/upload/f_auto,c_limit,w_300,q_auto/igashop/images/190000002014"
SunBeam Snack Pack Fruit & Nut 240g,$6.80,$2.83/100g,"https://cdn.metcash.media/image/upload/f_auto,c_limit,w_300,q_auto/igashop/images/190000003319"
Gluten Free Bakehouse Donuts 8 Pack,$12.95,$1.62 each,https://www.igashop.com.au/static/default-product-image.png
Aussie Bodies Crunch Rocky Road 33g,$3.00,$9.09/100g,"https://cdn.metcash.media/image/upload/f_auto,c_limit,w_300,q_auto/igashop/images/588016"
Duracell Alkaline Batteries A23/MN21 2 Pack,$8.05,$4.03 each,"https://cdn.metcash.media/image/upload/f_auto,c_limit,w_300,q_auto/igashop/images/896663"
Lotus Biscoff Biscuit Spread Crunchy 700g,$10.00,$1.43/100g,https://www.igashop.com.au/static/default-product-image.png
ViledaAnsell Gloves Heavy Duty 20 Pack,$10.00,$0.50 each,"https://cdn.metcash.media/image/upload/f_auto,c_limit,w_300,q_auto/igashop/images/135211"
Ocean Spray Craisins Dried Fruit Original 250g,$5.40,$2.16/100g,"https://cdn.metcash.media/image/upload/f_auto,c_limit,w_300,q_auto/igashop/images/180000004621"
Red Rock Deli Honey Soy Chicken Deli Style Crackers 135g,$3.75,$2.78/100g,"https://cdn.metcash.media/image/upload/f_auto,c_limit,w_300,q_auto/igashop/images/150000000722"
L'Oréal Paris Excellence Crème 5.5 Mahogany Brown Hair Colour,$20.00,N/A,"https://cdn.metcash.media/image/upload/f_auto,c_limit,w_300,q_auto/igashop/images/190000000535"
Black & Gold Skim Milk 1L,$1.65,$1.65/1L,"https://cdn.metcash.media/image/upload/f_auto,c_limit,w_300,q_auto/igashop/images/86098"
Korbond Number 7 Birthday Candle,$1.60,N/A,"https://cdn.metcash.media/image/upload/f_auto,c_limit,w_300,q_auto/igashop/images/266033"
Roza's Gourmet Seafood Dressing 240mL,$9.50,$3.96/100mL,"https://cdn.metcash.media/image/upload/f_auto,c_limit,w_300,q_auto/igashop/images/190000005104"
Obela Hommus 1kg,$8.00,$8.00/kg,"https://cdn.metcash.media/image/upload/f_auto,c_limit,w_300,q_auto/igashop/images/944568"
Black & Gold Pear Halves Light Syrup 825g,$4.00,$0.48/100g,"https://cdn.metcash.media/image/upload/f_auto,c_limit,w_300,q_auto/igashop/images/379904"
Community Co Asian Style Salad Bowl 230g,$6.00,$2.61/100g,"https://cdn.metcash.media/image/upload/f_auto,c_limit,w_300,q_auto/igashop/images/190000001531"
Nutella Chocolate Hazelnut Spread 750g,$12.50,$1.67/100g,"https://cdn.metcash.media/image/upload/f_auto,c_limit,w_300,q_auto/igashop/images/170000003176"
Tamar Valley Dairy Kids Greek Yoghurt Raspberry Pouch 110g,$2.50,$2.27/100g,"https://cdn.metcash.media/image/upload/f_auto,c_limit,w_300,q_auto/igashop/images/942388"
Thursday Plantation Lavender Oil Calming 50mL,$15.00,$30.00/100mL,"https://cdn.metcash.media/image/upload/f_auto,c_limit,w_300,q_auto/igashop/images/836972"
SPC Baked Beans Ham Sauce 4 Pack,$6.50,$1.63 each,"https://cdn.metcash.media/image/upload/f_auto,c_limit,w_300,q_auto/igashop/images/392936"
Yarra Valley Hilltop Premium Sweet Chilli Sauce 250mL,$4.00,$1.60/100mL,https://www.igashop.com.au/static/default-product-image.png
Swisse Ultibiotic Daily Immune Probiotic 30 Pack,$17.50,$0.58 each,"https://cdn.metcash.media/image/upload/f_auto,c_limit,w_300,q_auto/igashop/images/781693"
Streets Golden Gaytime Streets Ice Cream Crunchy Nut 4 Pack,$10.00,$2.50 each,"https://cdn.metcash.media/image/upload/f_auto,c_limit,w_300,q_auto/igashop/images/20000006816"
Lynx Deodorant Aerosol Apollo 165mL,$8.00,$4.85/100mL,"https://cdn.metcash.media/image/upload/f_auto,c_limit,w_300,q_auto/igashop/images/747699"
Kirks Indian Tonic Water Bottle 1.25L,$1.95,$1.56/1L,"https://cdn.metcash.media/image/upload/f_auto,c_limit,w_300,q_auto/igashop/images/428444"
Dolphin Handheld Mini 4AA,$18.00,N/A,"https://cdn.metcash.media/image/upload/f_auto,c_limit,w_300,q_auto/igashop/images/937676"
Lo Bros Kombucha Raspberry & Lemon 750mL,$6.30,$0.84/100mL,"https://cdn.metcash.media/image/upload/f_auto,c_limit,w_300,q_auto/igashop/images/415726"
Darrell Lea Bullets Bunny Raspberry Milk 170g,$6.70,$3.94/100g,"https://cdn.metcash.media/image/upload/f_auto,c_limit,w_300,q_auto/igashop/images/778255"
Ski Queen Norwegian Cheese 250g,$9.95,$3.98/100g,"https://cdn.metcash.media/image/upload/f_auto,c_limit,w_300,q_auto/igashop/images/190000001491"
Mutti Pasta Sauce Rossoro Tomatoes & Grilled Vegetables 400g,$5.70,$1.43/100g,"https://cdn.metcash.media/image/upload/f_auto,c_limit,w_300,q_auto/igashop/images/586797"
McCormick Produce Partners Meal Base Cauliflower Supreme & Cheese 40g,$1.85,$4.63/100g,"https://cdn.metcash.media/image/upload/f_auto,c_limit,w_300,q_auto/igashop/images/190000003749"
Green's Traditional Pancake Shake Buttermilk 190g,$2.20,$1.16/100g,"https://cdn.metcash.media/image/upload/f_auto,c_limit,w_300,q_auto/igashop/images/191233"
Norco Cape Byron Ultimate Vanilla 1L,$10.00,$10.00/1L,"https://cdn.metcash.media/image/upload/f_auto,c_limit,w_300,q_auto/igashop/images/1800000067746"
Thins Potato Chips Outback BBQ 150g,$1.95,$1.30/100g,"https://cdn.metcash.media/image/upload/f_auto,c_limit,w_300,q_auto/igashop/images/169867"
Simson's Pantry No Artificial Preservatives Mixed Wholegrain Large Wraps 528g,$3.00,$0.57/100g,"https://cdn.metcash.media/image/upload/f_auto,c_limit,w_300,q_auto/igashop/images/9384"
Barossa Valley Cheese Co Halloumi 150g,$7.95,$5.30/100g,"https://cdn.metcash.media/image/upload/f_auto,c_limit,w_300,q_auto/igashop/images/190000005046"
Youfoodz Choc Brownie Bite 40g,$3.00,$7.50/100g,"https://cdn.metcash.media/image/upload/f_auto,c_limit,w_300,q_auto/igashop/images/190000004093"
Harpic Hygienic & Fresh Toilet Cleaner Sticker Lily 2 Pack,$3.50,$1.75 each,"https://cdn.metcash.media/image/upload/f_auto,c_limit,w_300,q_auto/igashop/images/630669"
DON Rindless Pan Size Bacon 250g,$9.35,$3.74/100g,"https://cdn.metcash.media/image/upload/f_auto,c_limit,w_300,q_auto/igashop/images/110813"
Chux Sponge Scourer Heavy Duty 3 Pack,$2.80,$0.93 each,"https://cdn.metcash.media/image/upload/f_auto,c_limit,w_300,q_auto/igashop/images/336354"
Heinz Beanz in Tomato Sauce 220g,$2.10,$0.95/100g,"https://cdn.metcash.media/image/upload/f_auto,c_limit,w_300,q_auto/igashop/images/20903"
Ryde Shot Relax 60mL,$4.30,$71.67/1L,"https://cdn.metcash.media/image/upload/f_auto,c_limit,w_300,q_auto/igashop/images/318694"
Aeroplane Jelly Original Raspberry 85g,$1.80,$2.12/100g,"https://cdn.metcash.media/image/upload/f_auto,c_limit,w_300,q_auto/igashop/images/180000000148"
Primo Real Diced Bacon Pieces 200g,$4.50,$2.25/100g,"https://cdn.metcash.media/image/upload/f_auto,c_limit,w_300,q_auto/igashop/images/443295"
U By Kotex Brief Heavy 12,$25.00,N/A,https://www.igashop.com.au/static/default-product-image.png
Balfours Premium Iced Dark Fruit Cake 800g,$17.50,$2.19/100g,"https://cdn.metcash.media/image/upload/f_auto,c_limit,w_300,q_auto/igashop/images/150533"
Steggles Crumbed Chicken Breast Tenders 1kg,$12.00,$12.00/kg,"https://cdn.metcash.media/image/upload/f_auto,c_limit,w_300,q_auto/igashop/images/160000003321"
Cookie Time Original Chocolate Chunk Cookie 95g,$4.50,$4.74/100g,"https://cdn.metcash.media/image/upload/f_auto,c_limit,w_300,q_auto/igashop/images/190000005227"
Banana Boat Ultra Light Face Fluid Sunscreen Lotion SPF50+ 50mL,$10.00,$20.00/100mL,"https://cdn.metcash.media/image/upload/f_auto,c_limit,w_300,q_auto/igashop/images/349417"
Grinders Espresso Coffee Beans 1kg,$36.50,$36.50/kg,"https://cdn.metcash.media/image/upload/f_auto,c_limit,w_300,q_auto/igashop/images/473928"
Earth Source Smoked Tofu 250g,$9.95,$3.98/100g,"https://cdn.metcash.media/image/upload/f_auto,c_limit,w_300,q_auto/igashop/images/190000002533"
Raw C Coconut Water 1L,$5.50,$5.50/1L,"https://cdn.metcash.media/image/upload/f_auto,c_limit,w_300,q_auto/igashop/images/4962"
Seafood Salad 250g,Final cost based on weight,$7.49/$29.95,"https://cdn.metcash.media/image/upload/f_auto,c_limit,w_300,q_auto/igashop/images/80072059"
Continental Cup A Soup Creamy Chicken Noodles 2 Pack,$2.50,$1.25 each,"https://cdn.metcash.media/image/upload/f_auto,c_limit,w_300,q_auto/igashop/images/135994"
Dynamo Professional 7 In 1 Laundry Detergent Liquid 1.8L,$29.00,$16.11/1L,"https://cdn.metcash.media/image/upload/f_auto,c_limit,w_300,q_auto/igashop/images/805594"
Bosisto's Insect Spray Dust Mites Eucalyptus 200g,$13.95,$6.98/100g,"https://cdn.metcash.media/image/upload/f_auto,c_limit,w_300,q_auto/igashop/images/692991"
Cobram Estate Extra Virgin Olive Oil Chilli Infused 250mL,$11.00,$4.40/100mL,"https://cdn.metcash.media/image/upload/f_auto,c_limit,w_300,q_auto/igashop/images/16000001536"
Golden Eggs Free Range 12 Packs 800g,$4.00,$0.50/100g,"https://cdn.metcash.media/image/upload/f_auto,c_limit,w_300,q_auto/igashop/images/190000004918"
Balducci Pennette No. 59 500g,$1.75,$0.35/100g,"https://cdn.metcash.media/image/upload/f_auto,c_limit,w_300,q_auto/igashop/images/356817"
Ravin Detachables Double Cheese Rice Crackers 100g,$3.00,$3.00/100g,"https://cdn.metcash.media/image/upload/f_auto,c_limit,w_300,q_auto/igashop/images/190000004702"
Radiant Fabric Liquid Plus Softener 1.8L,$15.40,$8.56/1L,https://www.igashop.com.au/static/default-product-image.png
Cadbury Dairy Milk Cherry Ripe Gift Box 171g,$13.75,$8.04/100g,"https://cdn.metcash.media/image/upload/f_auto,c_limit,w_300,q_auto/igashop/images/391082"
Sorbent Hypo-Allergenic Toilet Tissue Rolls 12 Pack,$5.00,$0.42 each,"https://cdn.metcash.media/image/upload/f_auto,c_limit,w_300,q_auto/igashop/images/2507"
Weet-Bix Cholesterol Lowering 440g,$7.50,$1.70/100g,"https://cdn.metcash.media/image/upload/f_auto,c_limit,w_300,q_auto/igashop/images/917613"
Community Co Baby Potato Steamer Tray 400g,$5.00,$1.25/100g,"https://cdn.metcash.media/image/upload/f_auto,c_limit,w_300,q_auto/igashop/images/421219"
Community Co Organic Passata 690g,$2.95,$0.43/100g,"https://cdn.metcash.media/image/upload/f_auto,c_limit,w_300,q_auto/igashop/images/20000002225"
Cheeky Brothers Pizza Single Meateater 130g,$3.55,$2.73/100g,https://www.igashop.com.au/static/default-product-image.png
McKenzie's Mixed Spice 40g,$2.65,$6.63/100g,"https://cdn.metcash.media/image/upload/f_auto,c_limit,w_300,q_auto/igashop/images/84698"
Dilmah Green Ceylon Teabags 10 Pack,$2.90,$0.29 each,https://www.igashop.com.au/static/default-product-image.png
Pandaroo Udon Noodles 200g,$1.75,$0.88/100g,"https://cdn.metcash.media/image/upload/f_auto,c_limit,w_300,q_auto/igashop/images/20000006758"
DJ&A Sugar Snap Peas 30g,$3.40,$11.33/100g,"https://cdn.metcash.media/image/upload/f_auto,c_limit,w_300,q_auto/igashop/images/20000000610"
Norco Thickened Cream 300mL,$3.50,$1.17/100mL,"https://cdn.metcash.media/image/upload/f_auto,c_limit,w_300,q_auto/igashop/images/8330"
Mainland Buttersoft Salted Spreadable Butter 375g,$9.90,$2.64/100g,"https://cdn.metcash.media/image/upload/f_auto,c_limit,w_300,q_auto/igashop/images/171267"
Nice & Natural Salted Caramel Protein Bar 165g,$5.00,$3.03/100g,"https://cdn.metcash.media/image/upload/f_auto,c_limit,w_300,q_auto/igashop/images/977524"
Purina Fancy Feast Grilled Pet Food Ocean Whitefish Tuna In Gravy Multipack 6 Pack,$7.00,$1.17 each,"https://cdn.metcash.media/image/upload/f_auto,c_limit,w_300,q_auto/igashop/images/180000003654"
Tip Top Burger Thins 6 Pack,$3.90,$0.65 each,"https://cdn.metcash.media/image/upload/f_auto,c_limit,w_300,q_auto/igashop/images/51975"
Black & Gold Sponge Mop Refill,$5.00,N/A,"https://cdn.metcash.media/image/upload/f_auto,c_limit,w_300,q_auto/igashop/images/247275"
Noshu Low Carb Peanut & Caramel Nougat Indulgence Bars 5 Pack,$8.90,$1.78 each,"https://cdn.metcash.media/image/upload/f_auto,c_limit,w_300,q_auto/igashop/images/541501"
Bakers Oven Banana Muffin Bars 336g,$5.10,$1.52/100g,"https://cdn.metcash.media/image/upload/f_auto,c_limit,w_300,q_auto/igashop/images/540327"
Kellogg's Crunchy Nut Cornflakes 640g,$8.00,$1.25/100g,"https://cdn.metcash.media/image/upload/f_auto,c_limit,w_300,q_auto/igashop/images/527400"
Bulla Frozen Mango Yoghurt 1L,$5.00,$5.00/1L,"https://cdn.metcash.media/image/upload/f_auto,c_limit,w_300,q_auto/igashop/images/637093"
Cobram Estate Extra Virgin Olive Oil 750mL,$25.00,$3.33/100mL,"https://cdn.metcash.media/image/upload/f_auto,c_limit,w_300,q_auto/igashop/images/180000000330"
Honest Sea Roasted Seaweed Snack Teriyaki 5g,$2.30,$46.00/100g,"https://cdn.metcash.media/image/upload/f_auto,c_limit,w_300,q_auto/igashop/images/20000002027"
Betty Crocker Bake Smart Cake Mix Gluten Free Devils Food 540g,$8.00,$1.48/100g,"https://cdn.metcash.media/image/upload/f_auto,c_limit,w_300,q_auto/igashop/images/1800000069068"
Redwin Sensitive Skin Pump Deodorant 150mL,$5.85,$3.90/100mL,"https://cdn.metcash.media/image/upload/f_auto,c_limit,w_300,q_auto/igashop/images/687983"
Dove Advanced Antiperspirant Aerosol Go Fresh Green Tea Cucumber 250mL,$11.50,$4.60/100mL,https://www.igashop.com.au/static/default-product-image.png
Chobani Greek Yoghurt Vanilla 907g,$7.90,$0.87/100g,"https://cdn.metcash.media/image/upload/f_auto,c_limit,w_300,q_auto/igashop/images/180000000003"
4 Hunters Dry Wors Jerky 100g,$10.00,$10.00/100g,"https://cdn.metcash.media/image/upload/f_auto,c_limit,w_300,q_auto/igashop/images/20000003725"
Glad Foil 20 metres x 30cm,$5.40,N/A,"https://cdn.metcash.media/image/upload/f_auto,c_limit,w_300,q_auto/igashop/images/338445"
Sellotape Thread Seal Tape 12mmx10m White,$1.75,N/A,"https://cdn.metcash.media/image/upload/f_auto,c_limit,w_300,q_auto/igashop/images/715370"
Beerenberg Hot Tomato Chutney 260g,$6.45,$2.48/100g,"https://cdn.metcash.media/image/upload/f_auto,c_limit,w_300,q_auto/igashop/images/938009"
Bibigo Homestyle Pork Dumplings 250g,$6.65,$2.66/100g,"https://cdn.metcash.media/image/upload/f_auto,c_limit,w_300,q_auto/igashop/images/553079"
Fancy Feast Adult Cat Food Tuna Mackerel & Crab 450g,$5.20,$1.16/100g,"https://cdn.metcash.media/image/upload/f_auto,c_limit,w_300,q_auto/igashop/images/441719"
Chris' Traditional Guacamole 200g,$4.75,$2.38/100g,"https://cdn.metcash.media/image/upload/f_auto,c_limit,w_300,q_auto/igashop/images/490006"
Yoplait Forme Zero Yoghurt French Vanilla 1kg,$4.95,$4.95/kg,"https://cdn.metcash.media/image/upload/f_auto,c_limit,w_300,q_auto/igashop/images/141393"
Sudocrem Healing Cream 60g,$10.70,$17.83/100g,"https://cdn.metcash.media/image/upload/f_auto,c_limit,w_300,q_auto/igashop/images/973952"
Palmolive Luminous Oils Moroccan Argan Oil & Camellia Protect Shampoo 350mL,$3.50,$1.00/100mL,"https://cdn.metcash.media/image/upload/f_auto,c_limit,w_300,q_auto/igashop/images/930373"
I&J King Snapper Portions Skin On 500g,$19.00,$3.80/100g,"https://cdn.metcash.media/image/upload/f_auto,c_limit,w_300,q_auto/igashop/images/398843"
Medix Nasal Inhaler,$8.10,N/A,"https://cdn.metcash.media/image/upload/f_auto,c_limit,w_300,q_auto/igashop/images/841422"
Powerade Active Water Water Lemon Lime 600mL,$2.70,$0.45/100mL,https://www.igashop.com.au/static/default-product-image.png
San Remo Fettuccine Pasta 500g,$2.95,$0.59/100g,"https://cdn.metcash.media/image/upload/f_auto,c_limit,w_300,q_auto/igashop/images/31093"
Tip Top Bread The One Toast 700g,$4.60,$0.66/100g,"https://cdn.metcash.media/image/upload/f_auto,c_limit,w_300,q_auto/igashop/images/712539"
Lavazza Qualita Oro Coffee Beans 1kg,$34.80,$34.80/kg,"https://cdn.metcash.media/image/upload/f_auto,c_limit,w_300,q_auto/igashop/images/472265"
Trolli Candy Multi Mix 500g,$10.00,$2.00/100g,https://www.igashop.com.au/static/default-product-image.png
Sunbeam Nuts Australian Slivered Almonds 100g,$6.95,$6.95/100g,"https://cdn.metcash.media/image/upload/f_auto,c_limit,w_300,q_auto/igashop/images/160000018198"
KB Seafood Salt & Pepper Squid 270g,$9.20,$3.41/100g,https://www.igashop.com.au/static/default-product-image.png
Nescafe Espresso Coffee Concentrate Caramel 500mL,$5.50,$1.10/100mL,"https://cdn.metcash.media/image/upload/f_auto,c_limit,w_300,q_auto/igashop/images/1800000067729"
Arnott's Family Assorted 500g,$5.00,$1.00/100g,"https://cdn.metcash.media/image/upload/f_auto,c_limit,w_300,q_auto/igashop/images/308979"
Bulla Choc Top Chocolate Fudge 86mL,$2.05,$2.38/100mL,https://www.igashop.com.au/static/default-product-image.png
Coca-Cola Zero Sugar Zero Caffeine 12 Pack,$12.00,$1.00 each,"https://cdn.metcash.media/image/upload/f_auto,c_limit,w_300,q_auto/igashop/images/180000006329"
Borg's Puff Toastie Baked Beans & Cheese 2 Pack,$5.40,$2.70 each,"https://cdn.metcash.media/image/upload/f_auto,c_limit,w_300,q_auto/igashop/images/1800000068172"
Big Lolly Milk Bottles 120g,$2.50,$2.08/100g,https://www.igashop.com.au/static/default-product-image.png
Ocean Spray Juice Low Sugar Blackcurrant 1.5L,$6.40,$4.27/1L,"https://cdn.metcash.media/image/upload/f_auto,c_limit,w_300,q_auto/igashop/images/1800000067755"
Cadbury Dream with Oreo 45g,$3.00,$6.67/100g,"https://cdn.metcash.media/image/upload/f_auto,c_limit,w_300,q_auto/igashop/images/150000007964"
Raid Earth Options Botanicals Multi Insect Spray 320g,$9.00,$2.81/100g,"https://cdn.metcash.media/image/upload/f_auto,c_limit,w_300,q_auto/igashop/images/150000000573"
Ecostore Laundry Liquid Geranium & Orange 1L,$10.00,$10.00/1L,"https://cdn.metcash.media/image/upload/f_auto,c_limit,w_300,q_auto/igashop/images/190000002703"
Stoneybrook Tropical Blend Frozen 1kg,$14.95,$14.95/kg,"https://cdn.metcash.media/image/upload/f_auto,c_limit,w_300,q_auto/igashop/images/20000005965"
No-doz Plus 24 Pack,$6.85,$0.29 each,"https://cdn.metcash.media/image/upload/f_auto,c_limit,w_300,q_auto/igashop/images/490213"
Nestlé Milkybar Chocolate Cookies Block 170g,$5.25,$3.09/100g,"https://cdn.metcash.media/image/upload/f_auto,c_limit,w_300,q_auto/igashop/images/370078"
Up & Go Liquid Breakfast Banana 12 Pack,$18.00,$1.50 each,"https://cdn.metcash.media/image/upload/f_auto,c_limit,w_300,q_auto/igashop/images/956060"
Multix Kitchen Tidy Greener Medium 25 Pack,$4.50,$0.18 each,"https://cdn.metcash.media/image/upload/f_auto,c_limit,w_300,q_auto/igashop/images/675805"
Community Co Buttermilk Chicken Burger 320g,$11.50,$3.59/100g,"https://cdn.metcash.media/image/upload/f_auto,c_limit,w_300,q_auto/igashop/images/20000001183"
Gowell Wrap Gluten Free 360g,$10.95,$3.04/100g,"https://cdn.metcash.media/image/upload/f_auto,c_limit,w_300,q_auto/igashop/images/20000001852"
Black & Gold Apricot Halves 825g,$3.00,$0.36/100g,"https://cdn.metcash.media/image/upload/f_auto,c_limit,w_300,q_auto/igashop/images/302428"
Proper Crisps Smoked Paprika 150g,$6.49,$4.33/100g,"https://cdn.metcash.media/image/upload/f_auto,c_limit,w_300,q_auto/igashop/images/190000001606"
CSR Premium Demerara Sugar 375g,$3.00,$0.80/100g,"https://cdn.metcash.media/image/upload/f_auto,c_limit,w_300,q_auto/igashop/images/331451"
SunRice Jasmine Fragrant Rice 5kg,$27.00,$5.40/kg,"https://cdn.metcash.media/image/upload/f_auto,c_limit,w_300,q_auto/igashop/images/683109"
Cenovis Once Daily Men's Plus Multi Performance 50 Pack,$24.25,$0.49 each,"https://cdn.metcash.media/image/upload/f_auto,c_limit,w_300,q_auto/igashop/images/160000012970"
Jackhammer Travel Adaptor,$17.90,N/A,"https://cdn.metcash.media/image/upload/f_auto,c_limit,w_300,q_auto/igashop/images/259264"
Ultimates Indulge Planet Friendly Tuna With Salmon 85g,$1.50,$1.76/100g,https://www.igashop.com.au/static/default-product-image.png
Voost Magnesium Citrus Tablets 20 Pack,$11.00,$0.55 each,"https://cdn.metcash.media/image/upload/f_auto,c_limit,w_300,q_auto/igashop/images/160000010378"
Bulla Creamy Australian Style Yoghurt Vanilla 160g,$1.90,$1.19/100g,"https://cdn.metcash.media/image/upload/f_auto,c_limit,w_300,q_auto/igashop/images/674396"
Pico Organic Chocolate Mint Crisp 80g,$7.60,$9.50/100g,"https://cdn.metcash.media/image/upload/f_auto,c_limit,w_300,q_auto/igashop/images/180000000374"
V.I.P. Fussy Cat Grain Free Chicken & Turkey With Cranberries 2.5kg,$18.20,$7.28/kg,"https://cdn.metcash.media/image/upload/f_auto,c_limit,w_300,q_auto/igashop/images/396605"
Liddells Lactose Free Tasty Shredded 250g,$6.75,$2.70/100g,"https://cdn.metcash.media/image/upload/f_auto,c_limit,w_300,q_auto/igashop/images/160000018243"
Ashgrove Red Wine & Thyme Crunchettes 40g,$6.95,$17.38/100g,"https://cdn.metcash.media/image/upload/f_auto,c_limit,w_300,q_auto/igashop/images/180000001809"
Community Co Garlic Pizza 380g,$4.50,$1.18/100g,"https://cdn.metcash.media/image/upload/f_auto,c_limit,w_300,q_auto/igashop/images/1800000068442"
Cottee's Thick 'n' Rich Caramel Flavoured Topping 575g,$4.20,$0.73/100g,"https://cdn.metcash.media/image/upload/f_auto,c_limit,w_300,q_auto/igashop/images/395311"
Cottee's Ice Magic Choc Mint Ice Cream Topping 220g,$4.90,$2.23/100g,"https://cdn.metcash.media/image/upload/f_auto,c_limit,w_300,q_auto/igashop/images/75526"
Wattle Valley Mini Waffles 12 Pack,$6.50,$0.54 each,"https://cdn.metcash.media/image/upload/f_auto,c_limit,w_300,q_auto/igashop/images/180000000706"
Obela Hommus Roasted Capsicum 220g,$4.90,$2.23/100g,"https://cdn.metcash.media/image/upload/f_auto,c_limit,w_300,q_auto/igashop/images/190000001867_1"
Kinder Mini Chocolate Bars 120g,$6.10,$5.08/100g,"https://cdn.metcash.media/image/upload/f_auto,c_limit,w_300,q_auto/igashop/images/456227"
Betadine Antiseptic Topical Solution Liquid 15mL,$15.00,$100.00/100mL,"https://cdn.metcash.media/image/upload/f_auto,c_limit,w_300,q_auto/igashop/images/66302"
"Creative Gourmet Frozen Mango, Banana & Pineapple Mix 400g",$5.85,$1.46/100g,"https://cdn.metcash.media/image/upload/f_auto,c_limit,w_300,q_auto/igashop/images/160000013315"
Campbells Camp Petticoat Tails 125g,$1.50,$1.20/100g,"https://cdn.metcash.media/image/upload/f_auto,c_limit,w_300,q_auto/igashop/images/20000003751"
"Purina Lucky Dog Adult Dog Food Chicken, Vegetables & Pasta 3kg",$9.50,$3.17/kg,"https://cdn.metcash.media/image/upload/f_auto,c_limit,w_300,q_auto/igashop/images/443452"
Appletiser Sparkling Juice Apple 750mL,$4.35,$0.58/100mL,"https://cdn.metcash.media/image/upload/f_auto,c_limit,w_300,q_auto/igashop/images/91441"
Genius Gluten Free Soft Brown Farmhouse 535g,$7.00,$1.31/100g,"https://cdn.metcash.media/image/upload/f_auto,c_limit,w_300,q_auto/igashop/images/160000011110"
Moccona Cappuccino Skim 10 Pack,$7.90,$0.79 each,"https://cdn.metcash.media/image/upload/f_auto,c_limit,w_300,q_auto/igashop/images/344705"
Organic Care Naturals Normal Balance Conditioner 725mL,$5.95,$0.82/100mL,"https://cdn.metcash.media/image/upload/f_auto,c_limit,w_300,q_auto/igashop/images/34431"
Black & Gold Cornflakes 440g,$2.50,$0.57/100g,"https://cdn.metcash.media/image/upload/f_auto,c_limit,w_300,q_auto/igashop/images/464490"
Margaret River Free Range Eggs Large 300g,$4.00,$1.33/100g,"https://cdn.metcash.media/image/upload/f_auto,c_limit,w_300,q_auto/igashop/images/9328045000252"
Nescafe Gold Green And Roasted Instant Coffee 100g,$10.00,$10.00/100g,"https://cdn.metcash.media/image/upload/f_auto,c_limit,w_300,q_auto/igashop/images/319904"
Fairy Platinum Plus 30 Minute Miracle Lemon Dishwashing Tablets 31 Pack,$19.50,$0.63 each,https://www.igashop.com.au/static/default-product-image.png
Indomie BBQ Chicken Instant Noodles 5 Pack,$3.95,$0.79 each,"https://cdn.metcash.media/image/upload/f_auto,c_limit,w_300,q_auto/igashop/images/190000004631"
Sunkist Soda Syrups Orange 300mL,$3.50,$11.67/1L,"https://cdn.metcash.media/image/upload/f_auto,c_limit,w_300,q_auto/igashop/images/457383"
Dine Dome Shredded Chicken In gavy 60g,$2.30,$3.83/100g,https://www.igashop.com.au/static/default-product-image.png
Finish All In 1 Max Dishwashing Fast Dissolving Gel Lemon 1L,$16.00,$16.00/1L,"https://cdn.metcash.media/image/upload/f_auto,c_limit,w_300,q_auto/igashop/images/927883"
MasterFoods Moroccan Seasoning 47g,$3.50,$7.45/100g,"https://cdn.metcash.media/image/upload/f_auto,c_limit,w_300,q_auto/igashop/images/170000003082"
Huggies Skin Protect Nappy Pant Size 6 Large 42 Pack,$35.00,$0.83 each,"https://cdn.metcash.media/image/upload/f_auto,c_limit,w_300,q_auto/igashop/images/180000006383"
Don Vica Pitted Kalamata Olives 280g,$7.00,$2.50/100g,"https://cdn.metcash.media/image/upload/f_auto,c_limit,w_300,q_auto/igashop/images/20000000591"
Suimin Rice Crackers Chicken 100g,$1.75,$1.75/100g,"https://cdn.metcash.media/image/upload/f_auto,c_limit,w_300,q_auto/igashop/images/799895"
The Big Cheese XL Mac & Cheese Bowl 105g,$3.00,$2.86/100g,"https://cdn.metcash.media/image/upload/f_auto,c_limit,w_300,q_auto/igashop/images/150000007920"
Huggies Toddler Girl Jumbo Ultra Dry 72 Pack,$39.00,$0.54 each,"https://cdn.metcash.media/image/upload/f_auto,c_limit,w_300,q_auto/igashop/images/651628"
Yates Blitz-Em Insect Control Ant Flea & Tick Killer 600g,$12.00,$2.00/100g,"https://cdn.metcash.media/image/upload/f_auto,c_limit,w_300,q_auto/igashop/images/274609"
Capi Dry Tonic 750mL,$4.30,$5.73/1L,"https://cdn.metcash.media/image/upload/f_auto,c_limit,w_300,q_auto/igashop/images/429686"
Cadbury Old Gold Dark Chocolate Peppermint 180g,$4.00,$2.22/100g,"https://cdn.metcash.media/image/upload/f_auto,c_limit,w_300,q_auto/igashop/images/461853"
The Olive Branch Chunky Capsicum Parmesan Chives Dip 200g,$7.00,$3.50/100g,"https://cdn.metcash.media/image/upload/f_auto,c_limit,w_300,q_auto/igashop/images/20000001855"
Country Chef Pavlova Single Serve 4 Pack,$6.75,$1.69 each,"https://cdn.metcash.media/image/upload/f_auto,c_limit,w_300,q_auto/igashop/images/902820"
Bulla Creamy Classics Ice Cream Choc Chip 2L,$6.00,$3.00/1L,"https://cdn.metcash.media/image/upload/f_auto,c_limit,w_300,q_auto/igashop/images/169333"
Pauls Kids Banana Yoghurt Minions 70g,$1.30,$1.86/100g,"https://cdn.metcash.media/image/upload/f_auto,c_limit,w_300,q_auto/igashop/images/458460"
Cadbury Marshmallow Eggs 35g,$1.80,$5.14/100g,"https://cdn.metcash.media/image/upload/f_auto,c_limit,w_300,q_auto/igashop/images/218632"
Cadbury Cherry Ripe Easter Bunny 125g,$6.00,$4.80/100g,"https://cdn.metcash.media/image/upload/f_auto,c_limit,w_300,q_auto/igashop/images/898584"
Cadbury Favourites 2025 265g,$7.00,$2.64/100g,"https://cdn.metcash.media/image/upload/f_auto,c_limit,w_300,q_auto/igashop/images/1800000067432"
Velvet Bar Soap Pure 4 Pack,$3.70,$0.93 each,"https://cdn.metcash.media/image/upload/f_auto,c_limit,w_300,q_auto/igashop/images/464791"
Only Organic Baby Food Apple Coconut & Flaxseed Biscuits 100g,$5.00,$5.00/100g,https://www.igashop.com.au/static/default-product-image.png
McKenzie's Cream Stabiliser 60g,$2.50,$4.17/100g,https://www.igashop.com.au/static/default-product-image.png
The Natural Confectionery Co. Vegan Fruity Flavoured Lollies 200g,$4.00,$2.00/100g,"https://cdn.metcash.media/image/upload/f_auto,c_limit,w_300,q_auto/igashop/images/963910"
ViledaAnsell Gloves Dermo Plus Medium,$3.70,N/A,"https://cdn.metcash.media/image/upload/f_auto,c_limit,w_300,q_auto/igashop/images/727369"
Love'em Chicken Training Treats 200g,$4.15,$2.08/100g,"https://cdn.metcash.media/image/upload/f_auto,c_limit,w_300,q_auto/igashop/images/160000000438"
The Natural Confectionery Co. Sour Squirms 240g,$5.00,$2.08/100g,"https://cdn.metcash.media/image/upload/f_auto,c_limit,w_300,q_auto/igashop/images/312101"
Gatorade G-active Electrolyte Water Grape 600mL,$2.10,$0.35/100mL,"https://cdn.metcash.media/image/upload/f_auto,c_limit,w_300,q_auto/igashop/images/20000004601"
Strepsils Soothing Honey & Lemon Lozenges 16 Pack,$7.50,$0.47 each,"https://cdn.metcash.media/image/upload/f_auto,c_limit,w_300,q_auto/igashop/images/15474"
Peckish Brown Rice Lightly Salted Crackers 6 Pack,$9.30,$1.55 each,"https://cdn.metcash.media/image/upload/f_auto,c_limit,w_300,q_auto/igashop/images/160000000836"
Pic's Peanut Butter Smooth 380g,$7.20,$1.89/100g,"https://cdn.metcash.media/image/upload/f_auto,c_limit,w_300,q_auto/igashop/images/8403"
Marathon Spring Roll 4 Pack,$6.50,$1.63 each,"https://cdn.metcash.media/image/upload/f_auto,c_limit,w_300,q_auto/igashop/images/165957"
HP Sauce Original Top Down 390mL,$5.50,$1.41/100mL,"https://cdn.metcash.media/image/upload/f_auto,c_limit,w_300,q_auto/igashop/images/365413"
Ratsak Fast Action 100g,$9.00,$9.00/100g,https://www.igashop.com.au/static/default-product-image.png
Meiji Hello Panda Strawberry Biscuit 50g,$2.09,$4.18/100g,https://www.igashop.com.au/static/default-product-image.png
Nice Rice Medium Grain White Rice 5kg,$20.40,$4.08/kg,https://www.igashop.com.au/static/default-product-image.png
Campbell's Chunky Soup Hearty Veg 505g,$4.50,$0.89/100g,https://www.igashop.com.au/static/default-product-image.png
Veet Silky Fresh Hair Removal Cream 400mL,$11.75,$2.94/100mL,"https://cdn.metcash.media/image/upload/f_auto,c_limit,w_300,q_auto/igashop/images/347745"
Heinz Soup Of The Day Pouch 7 Veg Garden Herb 430g,$4.50,$1.05/100g,"https://cdn.metcash.media/image/upload/f_auto,c_limit,w_300,q_auto/igashop/images/268755"
Dilmah Fragrant Jasmine Green Tea Bag 20 Pack,$5.30,$0.27 each,"https://cdn.metcash.media/image/upload/f_auto,c_limit,w_300,q_auto/igashop/images/935467"
SPC Sliced Peaches in Juice 410g,$3.25,$0.79/100g,"https://cdn.metcash.media/image/upload/f_auto,c_limit,w_300,q_auto/igashop/images/391977"
"Nudie Juice Nothing But Carrot, Apple, Orange & Ginger 400mL",$4.00,$1.00/100mL,"https://cdn.metcash.media/image/upload/f_auto,c_limit,w_300,q_auto/igashop/images/180000000090"
True Thai Green Curry Paste 240g,$4.60,$1.92/100g,"https://cdn.metcash.media/image/upload/f_auto,c_limit,w_300,q_auto/igashop/images/160000012616"
Chocolatier Easter Speckle Box 40g,$4.00,$10.00/100g,https://www.igashop.com.au/static/default-product-image.png
Jack Hammer Utility Cord 15m,$4.00,N/A,"https://cdn.metcash.media/image/upload/f_auto,c_limit,w_300,q_auto/igashop/images/716290"
Madura Premium Blend Tea 200g,$7.15,$3.58/100g,"https://cdn.metcash.media/image/upload/f_auto,c_limit,w_300,q_auto/igashop/images/453693"
Port Stephens Free Range Eggs 700g,$10.50,$1.50/100g,"https://cdn.metcash.media/image/upload/f_auto,c_limit,w_300,q_auto/igashop/images/180147"
Lo Bros Kombucha Blueberry & Lime 4 Pack,$8.90,$2.23 each,"https://cdn.metcash.media/image/upload/f_auto,c_limit,w_300,q_auto/igashop/images/20000007177"
Robert Timms Decaffeinated Coffee 18 Pack,$10.00,$0.56 each,"https://cdn.metcash.media/image/upload/f_auto,c_limit,w_300,q_auto/igashop/images/863733"
Altimate Extra Thick Ice Cream Wafers 80g,$4.00,$5.00/100g,"https://cdn.metcash.media/image/upload/f_auto,c_limit,w_300,q_auto/igashop/images/20000004747"
Femfresh Intimate Hygiene Feminine Wipes 20 Pack,$5.40,$0.27 each,"https://cdn.metcash.media/image/upload/f_auto,c_limit,w_300,q_auto/igashop/images/382193"
Sunshine Juice Lemon 250mL,$1.80,$0.72/100mL,"https://cdn.metcash.media/image/upload/f_auto,c_limit,w_300,q_auto/igashop/images/608921"
Sunbeam Sultanas & Cranberry 6 Pack,$4.20,$0.70 each,"https://cdn.metcash.media/image/upload/f_auto,c_limit,w_300,q_auto/igashop/images/116712"
Vegemite & Cheese Bite Spread 270g,$5.20,$1.93/100g,"https://cdn.metcash.media/image/upload/f_auto,c_limit,w_300,q_auto/igashop/images/19562"
Beef Lean Mince 500g,Final cost based on weight,$10.50/$20.99,"https://cdn.metcash.media/image/upload/f_auto,c_limit,w_300,q_auto/igashop/images/80080111"
Sirena Tuna Soy & Ginger 95g,$2.00,$2.11/100g,"https://cdn.metcash.media/image/upload/f_auto,c_limit,w_300,q_auto/igashop/images/160000012270"
Sard Power Eucalyptus Stain Remover Powder 2kg,$15.00,$7.50/kg,"https://cdn.metcash.media/image/upload/f_auto,c_limit,w_300,q_auto/igashop/images/677967"
Pureland Organic Tofu 500g,$5.30,$1.06/100g,"https://cdn.metcash.media/image/upload/f_auto,c_limit,w_300,q_auto/igashop/images/164901"
The Alchemy Coffee Cordial Karma 250mL,$6.20,$2.48/100mL,"https://cdn.metcash.media/image/upload/f_auto,c_limit,w_300,q_auto/igashop/images/190000004854"
Akagi Udon Dried Wheat Noodles 3 Pack,$2.99,$1.00 each,"https://cdn.metcash.media/image/upload/f_auto,c_limit,w_300,q_auto/igashop/images/190000002224"
Pauls High Protein Vanilla Yoghurt 700g,$7.00,$1.00/100g,"https://cdn.metcash.media/image/upload/f_auto,c_limit,w_300,q_auto/igashop/images/548605"
Rokeby Probiotic Filmjolk Yoghurt Blueberry 750mL,$5.00,$0.67/100mL,"https://cdn.metcash.media/image/upload/f_auto,c_limit,w_300,q_auto/igashop/images/180000000308"
Gold Gourmet Jalapeno Cheese Sauce 500mL,$13.50,$2.70/100mL,https://www.igashop.com.au/static/default-product-image.png
Green Split Olives 1kg,Final cost based on weight,$22.00/$22.00,"https://cdn.metcash.media/image/upload/f_auto,c_limit,w_300,q_auto/igashop/images/80072051"
Proper Crisps Core Crisps Purple & Gold 140g,$6.80,$4.86/100g,https://www.igashop.com.au/static/default-product-image.png
Bickford's Diet Lemon Cordial 750mL,$5.50,$0.73/100mL,"https://cdn.metcash.media/image/upload/f_auto,c_limit,w_300,q_auto/igashop/images/683772"
Lilydale Free Range Chicken Bulk Breast Fillets 1kg,$17.00,$17.00/kg,"https://cdn.metcash.media/image/upload/f_auto,c_limit,w_300,q_auto/igashop/images/180088"
Palmolive Naturals Moisture Care Aloe & Olive Extracts Bar Soap 4 Pack,$5.00,$1.25 each,"https://cdn.metcash.media/image/upload/f_auto,c_limit,w_300,q_auto/igashop/images/350007"
Pedigree Casserole Multi Box 12 Pack,$9.25,$0.77 each,"https://cdn.metcash.media/image/upload/f_auto,c_limit,w_300,q_auto/igashop/images/966264"
Two Boys Brew Grand Bazaar Kombucha Elderflower & Rose 330mL,$3.75,$1.14/100mL,"https://cdn.metcash.media/image/upload/f_auto,c_limit,w_300,q_auto/igashop/images/1800000069836"
Cobram Estate Ultra Premium Coratina Australian Extra Virgin Olive Oil 500mL,$25.00,$5.00/100mL,"https://cdn.metcash.media/image/upload/f_auto,c_limit,w_300,q_auto/igashop/images/148094"
Turban Chopsticks Curry Paste Thai Green Curry 240g,$11.75,$4.90/100g,"https://cdn.metcash.media/image/upload/f_auto,c_limit,w_300,q_auto/igashop/images/190000002432"
Black & Gold BBQ Foil Tray & Lid 4 Pack,$5.00,$1.25 each,"https://cdn.metcash.media/image/upload/f_auto,c_limit,w_300,q_auto/igashop/images/642556"
Turban Chopsticks Curry Paste Butter Chicken 240g,$11.75,$4.90/100g,"https://cdn.metcash.media/image/upload/f_auto,c_limit,w_300,q_auto/igashop/images/190000002435"
Cesare Cimino Chocolate Dipped Pistachio & Cranberry Bread 150g,$12.95,$8.63/100g,"https://cdn.metcash.media/image/upload/f_auto,c_limit,w_300,q_auto/igashop/images/190000004363"
Birds Eye Bubble And Squeak 620g,$5.70,$0.92/100g,"https://cdn.metcash.media/image/upload/f_auto,c_limit,w_300,q_auto/igashop/images/160460"
Patties Sausage Rolls Classic 900g,$15.50,$1.72/100g,"https://cdn.metcash.media/image/upload/f_auto,c_limit,w_300,q_auto/igashop/images/712526"
NIVEA Fresh Sensation Anti-Perspirant Aerosol 250mL,$4.75,$1.90/100mL,"https://cdn.metcash.media/image/upload/f_auto,c_limit,w_300,q_auto/igashop/images/737393"
Windex Multi-purpose Surface & Glass Cleaner 750mL,$4.00,$0.53/100mL,"https://cdn.metcash.media/image/upload/f_auto,c_limit,w_300,q_auto/igashop/images/36739"
Earthwise Floral Fields 4L,$17.00,$4.25/1L,https://www.igashop.com.au/static/default-product-image.png
Fruity Burst Barbie ABC 250mL,$2.85,$1.14/100mL,"https://cdn.metcash.media/image/upload/f_auto,c_limit,w_300,q_auto/igashop/images/20000002258"
Chobani Flip Greek Yoghurt Caramel Sunshine 140g,$3.80,$2.71/100g,"https://cdn.metcash.media/image/upload/f_auto,c_limit,w_300,q_auto/igashop/images/180000000030"
Multix Greener Mini Plant Based Compostable Bags 28 Pack,$4.65,$0.17 each,"https://cdn.metcash.media/image/upload/f_auto,c_limit,w_300,q_auto/igashop/images/483685"
Cheer Cheese Tasty Sliced Cheese 16 Slices 250g,$6.50,$2.60/100g,"https://cdn.metcash.media/image/upload/f_auto,c_limit,w_300,q_auto/igashop/images/158748"
Health Attack Crispy Fruits Mango 10g,$2.70,$27.00/100g,"https://cdn.metcash.media/image/upload/f_auto,c_limit,w_300,q_auto/igashop/images/190000005030"
Birds Eye Deli Corn Rib Mexican 600g,$7.00,$1.17/100g,"https://cdn.metcash.media/image/upload/f_auto,c_limit,w_300,q_auto/igashop/images/1800000069101"
Life Savers Fruit Tingles Eggs 120g,$5.00,$4.17/100g,"https://cdn.metcash.media/image/upload/f_auto,c_limit,w_300,q_auto/igashop/images/275317"
Community Co Traditional Mayonnaise 500mL,$4.25,$0.85/100mL,"https://cdn.metcash.media/image/upload/f_auto,c_limit,w_300,q_auto/igashop/images/190000010600"
Dishmatic Dish Brush Pro Handle,$5.50,N/A,"https://cdn.metcash.media/image/upload/f_auto,c_limit,w_300,q_auto/igashop/images/902189"
Campbell's Soup Country Ladle Creamy Pumpkin 500g,$4.50,$0.90/100g,"https://cdn.metcash.media/image/upload/f_auto,c_limit,w_300,q_auto/igashop/images/77816"
Black & Gold Candle Single White Short Pillar,$3.25,N/A,"https://cdn.metcash.media/image/upload/f_auto,c_limit,w_300,q_auto/igashop/images/190000010099"
Carefree Panty Liners Shower Fresh Liners 30 Pack,$2.75,$0.09 each,"https://cdn.metcash.media/image/upload/f_auto,c_limit,w_300,q_auto/igashop/images/660397"
V8 Breakfast Fusion Vegetable Juice 1.25L,$2.75,$2.20/1L,"https://cdn.metcash.media/image/upload/f_auto,c_limit,w_300,q_auto/igashop/images/380049"
Devondale Shredded Colby Cheese 600g,$10.80,$1.80/100g,"https://cdn.metcash.media/image/upload/f_auto,c_limit,w_300,q_auto/igashop/images/177666"
Kinder Figure House Easter House 155g,$12.25,$7.90/100g,"https://cdn.metcash.media/image/upload/f_auto,c_limit,w_300,q_auto/igashop/images/48749"
Fluffy Pure Scents Fabric Softener Creamy Coconut 1L,$8.50,$8.50/1L,"https://cdn.metcash.media/image/upload/f_auto,c_limit,w_300,q_auto/igashop/images/607917"
Jarritos Guava 370mL,$4.85,$1.31/100mL,"https://cdn.metcash.media/image/upload/f_auto,c_limit,w_300,q_auto/igashop/images/190000001235"
Praise Mayonnaise Traditional Squeeze 230g,$3.50,$1.52/100g,"https://cdn.metcash.media/image/upload/f_auto,c_limit,w_300,q_auto/igashop/images/741017"
Hydralyte Ready to use Electrolyte Solution Orange Flavoured 1L,$13.00,$13.00/1L,"https://cdn.metcash.media/image/upload/f_auto,c_limit,w_300,q_auto/igashop/images/822517"
Cadbury Baking Chips Dark Chocolate 200g,$7.50,$3.75/100g,"https://cdn.metcash.media/image/upload/f_auto,c_limit,w_300,q_auto/igashop/images/170000001459"
Snickers Chocolate Bar 64g 2 Pack,$2.50,$1.25 each,"https://cdn.metcash.media/image/upload/f_auto,c_limit,w_300,q_auto/igashop/images/190000011654"
Pilpel Beetroot Almond Dip 200g,$5.50,$2.75/100g,"https://cdn.metcash.media/image/upload/f_auto,c_limit,w_300,q_auto/igashop/images/20000000757"
Lectric Inwash & Soaker Washing Soda 1kg,$5.00,$5.00/kg,"https://cdn.metcash.media/image/upload/f_auto,c_limit,w_300,q_auto/igashop/images/17853"
Caffe Aurora Italian Blend Ground Coffee 1kg,$23.40,$23.40/kg,"https://cdn.metcash.media/image/upload/f_auto,c_limit,w_300,q_auto/igashop/images/160000018185"
Voltaren Emulgel 100g,$24.00,$24.00/100g,"https://cdn.metcash.media/image/upload/f_auto,c_limit,w_300,q_auto/igashop/images/350730"
Hakubaku Organic Udon Noodles 270g,$4.00,$1.48/100g,"https://cdn.metcash.media/image/upload/f_auto,c_limit,w_300,q_auto/igashop/images/835837"
Johnson's Baby Wash Bedtime Bath 500mL,$10.30,$2.06/100mL,"https://cdn.metcash.media/image/upload/f_auto,c_limit,w_300,q_auto/igashop/images/495823"
Spam Turkey Oven Roasted 340g,$6.80,$2.00/100g,"https://cdn.metcash.media/image/upload/f_auto,c_limit,w_300,q_auto/igashop/images/97586"
Schick Silk Womens Shave Gel Sensitive 198g,$8.00,$4.04/100g,https://www.igashop.com.au/static/default-product-image.png
OGX Nourishing Coconut Milk Conditioner 385mL,$11.50,$2.99/100mL,"https://cdn.metcash.media/image/upload/f_auto,c_limit,w_300,q_auto/igashop/images/190000000894"
Baker's Oven Milk Burger Buns 300g,$5.60,$1.87/100g,"https://cdn.metcash.media/image/upload/f_auto,c_limit,w_300,q_auto/igashop/images/180000002499"
Valcom Yellow Curry Paste 230g,$4.30,$1.87/100g,"https://cdn.metcash.media/image/upload/f_auto,c_limit,w_300,q_auto/igashop/images/18529"
Bosisto's Banksia Nerolina And Lavender Body Wash 1L,$18.00,$18.00/1L,"https://cdn.metcash.media/image/upload/f_auto,c_limit,w_300,q_auto/igashop/images/260265"
Optimum Healthy Puppy Dog Treat With Chicken Pouch 100g,$7.00,$7.00/100g,"https://cdn.metcash.media/image/upload/f_auto,c_limit,w_300,q_auto/igashop/images/175261"
Mirabella LED Globe GLS 15w Dimmable ES Cool White Pearl,$21.00,N/A,"https://cdn.metcash.media/image/upload/f_auto,c_limit,w_300,q_auto/igashop/images/769803"
Gravox Liquid Pepper Steak Finishing Sauce 165g,$3.50,$2.12/100g,"https://cdn.metcash.media/image/upload/f_auto,c_limit,w_300,q_auto/igashop/images/452249"
Red Bull Energy Drink Sugar Free Cans 4 Pack,$7.80,$1.95 each,"https://cdn.metcash.media/image/upload/f_auto,c_limit,w_300,q_auto/igashop/images/532675"
Chobani Fit Greek Yoghurt Vanilla 160g,$3.00,$1.88/100g,"https://cdn.metcash.media/image/upload/f_auto,c_limit,w_300,q_auto/igashop/images/20000007118"
Mid Coast Cage Eggs Large 600g,$7.50,$1.25/100g,"https://cdn.metcash.media/image/upload/f_auto,c_limit,w_300,q_auto/igashop/images/160000018080"
Sara Lee Baked Cheesecake White Chocolate & Raspberry 760g,$16.50,$2.17/100g,"https://cdn.metcash.media/image/upload/f_auto,c_limit,w_300,q_auto/igashop/images/180000003436"
Easy Off Bam Cleaning Products Heavy Duty Oven 325g,$5.50,$1.69/100g,"https://cdn.metcash.media/image/upload/f_auto,c_limit,w_300,q_auto/igashop/images/22599"
Dari’s Chicken Noodle Soup 550g,$7.50,$1.36/100g,"https://cdn.metcash.media/image/upload/f_auto,c_limit,w_300,q_auto/igashop/images/190000001244"
Dairy Farmers Thick & Creamy Yoghurt Classic Vanilla 600g,$5.95,$0.99/100g,"https://cdn.metcash.media/image/upload/f_auto,c_limit,w_300,q_auto/igashop/images/101623"
Schwarzkopf Extra Care Liquid Silk Conditioner 400mL,$6.90,$1.73/100mL,"https://cdn.metcash.media/image/upload/f_auto,c_limit,w_300,q_auto/igashop/images/439306"
Only Organic Baby Food Apple Blueberry Blackberry & Oats 120g,$2.15,$1.79/100g,"https://cdn.metcash.media/image/upload/f_auto,c_limit,w_300,q_auto/igashop/images/329564"
MasterFoods Herbs & Spices Italian Herb 10g,$3.50,$35.00/100g,"https://cdn.metcash.media/image/upload/f_auto,c_limit,w_300,q_auto/igashop/images/16378"
Safcol Responsibly Fished Tuna in Oil Italian Style 425g,$4.65,$1.09/100g,"https://cdn.metcash.media/image/upload/f_auto,c_limit,w_300,q_auto/igashop/images/336121"
Norco Fresh Skim Milk 2L,$4.50,$2.25/1L,"https://cdn.metcash.media/image/upload/f_auto,c_limit,w_300,q_auto/igashop/images/937029"
Devondale Instant Milk Powder Full Cream 1kg,$13.00,$13.00/kg,"https://cdn.metcash.media/image/upload/f_auto,c_limit,w_300,q_auto/igashop/images/388194"
Dolmio Three Cheese Pasta Bake Sauce 490g,$4.00,$0.82/100g,"https://cdn.metcash.media/image/upload/f_auto,c_limit,w_300,q_auto/igashop/images/390298"
Libra Pads Extra Wings Regular 14 Pack,$5.70,$0.41 each,"https://cdn.metcash.media/image/upload/f_auto,c_limit,w_300,q_auto/igashop/images/361244"
Continental Sensations Stock Pot Cooking Beef Real Concentrated Stock 4 Pack,$4.50,$1.13 each,"https://cdn.metcash.media/image/upload/f_auto,c_limit,w_300,q_auto/igashop/images/96462"
Edenvale Shiraz Non Alcoholic 750mL,$11.50,$1.53/100mL,"https://cdn.metcash.media/image/upload/f_auto,c_limit,w_300,q_auto/igashop/images/69981"
Banana Boat Dry Balance Sunscreen Lotion SPF50+ 200g,$22.00,$11.00/100g,"https://cdn.metcash.media/image/upload/f_auto,c_limit,w_300,q_auto/igashop/images/683125"
Forager Fruits Blueberry 15g,$4.65,$31.00/100g,https://www.igashop.com.au/static/default-product-image.png
Skittles Cloudz Sours 120g,$3.00,$2.50/100g,"https://cdn.metcash.media/image/upload/f_auto,c_limit,w_300,q_auto/igashop/images/180000006302"
Chobani Milk Oat Plain Barista Edition 946mL,$5.20,$0.55/100mL,"https://cdn.metcash.media/image/upload/f_auto,c_limit,w_300,q_auto/igashop/images/180000000053"
Libra Body Fit Regular Tampons 16 Pack,$3.90,$0.24 each,"https://cdn.metcash.media/image/upload/f_auto,c_limit,w_300,q_auto/igashop/images/55974"
Royal Kerry Peach Halves in Syrup 1kg,$10.95,$10.95/kg,"https://cdn.metcash.media/image/upload/f_auto,c_limit,w_300,q_auto/igashop/images/20000002468"
Ausfresh Green Olives with Tequila & Lime Marinated 150g,$4.10,$2.73/100g,https://www.igashop.com.au/static/default-product-image.png
Sunsilk Soft & Smooth Conditioner 350mL,$7.50,$2.14/100mL,"https://cdn.metcash.media/image/upload/f_auto,c_limit,w_300,q_auto/igashop/images/618256"
Two Boys Brew Silk Road Ginger & Lemon Myrtle Kombucha 750mL,$7.90,$1.05/100mL,"https://cdn.metcash.media/image/upload/f_auto,c_limit,w_300,q_auto/igashop/images/166199"
Black & Gold Garbage Bag 50 Pack,$5.95,$0.12 each,"https://cdn.metcash.media/image/upload/f_auto,c_limit,w_300,q_auto/igashop/images/478164"
Flora Buttery 1kg,$7.00,$7.00/kg,"https://cdn.metcash.media/image/upload/f_auto,c_limit,w_300,q_auto/igashop/images/518163"
Mcvities Biscuits Digestive 355g,$5.50,$1.55/100g,"https://cdn.metcash.media/image/upload/f_auto,c_limit,w_300,q_auto/igashop/images/166518"
Ben's Original Brown Red and Wild Rice Medley Microwave Rice Pouch 250g,$2.00,$0.80/100g,"https://cdn.metcash.media/image/upload/f_auto,c_limit,w_300,q_auto/igashop/images/190000005243"
Babybel Mini Protein Cheeses 100g,$6.40,$6.40/100g,"https://cdn.metcash.media/image/upload/f_auto,c_limit,w_300,q_auto/igashop/images/317614"
Darrell Lea Milk Chocolate Orange Crunch Bonbons 168g,$6.00,$3.57/100g,"https://cdn.metcash.media/image/upload/f_auto,c_limit,w_300,q_auto/igashop/images/814917"
Sakata Chicken Rice Crackers 90g,$2.50,$2.78/100g,"https://cdn.metcash.media/image/upload/f_auto,c_limit,w_300,q_auto/igashop/images/675465"
The Fix Cold Pressed Juice Green Fix 250mL,$4.95,$1.98/100mL,"https://cdn.metcash.media/image/upload/f_auto,c_limit,w_300,q_auto/igashop/images/720040"
Napro Palette Permanent Hair Colour 7-0 Light Brown,$9.50,N/A,"https://cdn.metcash.media/image/upload/f_auto,c_limit,w_300,q_auto/igashop/images/602357"
Tasmanian Pate Twin Pack Cracked Pepper & Smoked Salmon 130g,$6.50,$5.00/100g,"https://cdn.metcash.media/image/upload/f_auto,c_limit,w_300,q_auto/igashop/images/180000000170"
Schick Xtreme 3 Hybrid Kit +6 Sensitive 6 Pack,$8.40,$1.40 each,"https://cdn.metcash.media/image/upload/f_auto,c_limit,w_300,q_auto/igashop/images/699414"
Libra Extra Goodnights Long & Wide Pads 6 Pack,$4.60,$0.77 each,"https://cdn.metcash.media/image/upload/f_auto,c_limit,w_300,q_auto/igashop/images/901057"
Quest Tortilla Style Protein Chips Loaded Taco 32g,$6.50,$20.31/100g,"https://cdn.metcash.media/image/upload/f_auto,c_limit,w_300,q_auto/igashop/images/260493"
Heinz Plant Proteinz Creamy Coconut Pumpkin & Chickpea Soup 330g,$4.50,$1.36/100g,"https://cdn.metcash.media/image/upload/f_auto,c_limit,w_300,q_auto/igashop/images/792526"
La Zuppa Microwave Soup Chicken Veg & Wholegrain Rice 420g,$4.60,$1.10/100g,"https://cdn.metcash.media/image/upload/f_auto,c_limit,w_300,q_auto/igashop/images/77905"
Vittoria Italian Blend Coffee Bags 20 Pack,$14.50,$0.73 each,"https://cdn.metcash.media/image/upload/f_auto,c_limit,w_300,q_auto/igashop/images/397936"
"Cheetos Rock, Paw, Scissors Cheesy Pizza 130g",$3.00,$2.31/100g,"https://cdn.metcash.media/image/upload/f_auto,c_limit,w_300,q_auto/igashop/images/160000011678"
Bulla Creamy Classics Vanilla Sandwich 4 Pack,$5.45,$1.36 each,"https://cdn.metcash.media/image/upload/f_auto,c_limit,w_300,q_auto/igashop/images/757699"
The Cobbler Company Shoe Polish Dark Tan 38g,$4.70,$12.37/100g,https://www.igashop.com.au/static/default-product-image.png
Obela Hommus Pistachio Lemon Dukkah 220g,$4.90,$2.23/100g,"https://cdn.metcash.media/image/upload/f_auto,c_limit,w_300,q_auto/igashop/images/914084_1"
Ziploc Freezer Bag Large 38 Pack,$8.05,$0.21 each,"https://cdn.metcash.media/image/upload/f_auto,c_limit,w_300,q_auto/igashop/images/642569"
Schweppes Mixers Ginger Beer 300mL,$7.50,$2.50/100mL,https://www.igashop.com.au/static/default-product-image.png
Norco Mighty Cool Strawberry 250mL,$2.10,$0.84/100mL,"https://cdn.metcash.media/image/upload/f_auto,c_limit,w_300,q_auto/igashop/images/190000003927"
Fantastic Cup Noodle Oriental 70g,$1.25,$1.79/100g,"https://cdn.metcash.media/image/upload/f_auto,c_limit,w_300,q_auto/igashop/images/328961"
Red Rock Deli Honey Soy Chicken 130g,$5.00,$3.85/100g,"https://cdn.metcash.media/image/upload/f_auto,c_limit,w_300,q_auto/igashop/images/538333"
Atkins Advantage Chocolate Decadence 50g,$4.80,$9.60/100g,"https://cdn.metcash.media/image/upload/f_auto,c_limit,w_300,q_auto/igashop/images/255980"
Kez's Kitchen Vanilla Bean Cookies & Cream 180g,$7.90,$4.39/100g,https://www.igashop.com.au/static/default-product-image.png
Nature's Cuppa English Breakfast Tea Bags 60 Pack,$7.70,$0.13 each,"https://cdn.metcash.media/image/upload/f_auto,c_limit,w_300,q_auto/igashop/images/23744"
Community Co Leafy Mix 160g,$2.50,$1.56/100g,"https://cdn.metcash.media/image/upload/f_auto,c_limit,w_300,q_auto/igashop/images/691694"
Gravox Liquid Sauce Parsley White 165g,$3.50,$2.12/100g,"https://cdn.metcash.media/image/upload/f_auto,c_limit,w_300,q_auto/igashop/images/83045"
Armor All Protectant 500mL,$24.00,$4.80/100mL,https://www.igashop.com.au/static/default-product-image.png
Balfours Donut Chocolate 130g,$3.35,$2.58/100g,"https://cdn.metcash.media/image/upload/f_auto,c_limit,w_300,q_auto/igashop/images/121526"
The Pet Hub - Dog Poop Bag Refills Bags 60 Pack,$3.95,$0.07 each,https://www.igashop.com.au/static/default-product-image.png
Community Co Fragrant Thai Jasmine Rice 1kg,$3.50,$3.50/kg,"https://cdn.metcash.media/image/upload/f_auto,c_limit,w_300,q_auto/igashop/images/190000004750"
Devondale Skim Long Life Milk 1L,$2.20,$2.20/1L,"https://cdn.metcash.media/image/upload/f_auto,c_limit,w_300,q_auto/igashop/images/54596"
Johnson's Baby Powder 200g,$6.00,$3.00/100g,"https://cdn.metcash.media/image/upload/f_auto,c_limit,w_300,q_auto/igashop/images/295650"
Primo Thinly Sliced Danish Mild Salami 80g,$3.00,$3.75/100g,"https://cdn.metcash.media/image/upload/f_auto,c_limit,w_300,q_auto/igashop/images/699896"
Trill Honey Sticks Dry Bird Treats With Berries Fruit & Nuts 105g,$4.25,$4.05/100g,"https://cdn.metcash.media/image/upload/f_auto,c_limit,w_300,q_auto/igashop/images/860507"
Mirabella LED Filament GLS Globe 4W ES Warm White,$10.25,N/A,"https://cdn.metcash.media/image/upload/f_auto,c_limit,w_300,q_auto/igashop/images/223441"
MILKLAB Almond 250mL,$2.05,$8.20/1L,"https://cdn.metcash.media/image/upload/f_auto,c_limit,w_300,q_auto/igashop/images/278328"
U By Kotex Feminine Pad Petite Ultrathin Regular Wing 14 Pack,$5.00,$0.36 each,"https://cdn.metcash.media/image/upload/f_auto,c_limit,w_300,q_auto/igashop/images/653366"
Maggie Beer Chicken Stock 500mL,$5.90,$1.18/100mL,"https://cdn.metcash.media/image/upload/f_auto,c_limit,w_300,q_auto/igashop/images/160000013739"
Heinz Big N Chunky Canned Soup Butter Chicken 535g,$4.40,$0.82/100g,"https://cdn.metcash.media/image/upload/f_auto,c_limit,w_300,q_auto/igashop/images/94287"
Kellogg's LCM's Split Stix Yoghurty 110g,$4.50,$4.09/100g,"https://cdn.metcash.media/image/upload/f_auto,c_limit,w_300,q_auto/igashop/images/349022"
Mutti Passata Gastronomia Baby Roma 400g,$4.80,$1.20/100g,"https://cdn.metcash.media/image/upload/f_auto,c_limit,w_300,q_auto/igashop/images/509033"
Piksters Interdental Brushes Pink Size 00 10 Pack,$5.65,$0.57 each,"https://cdn.metcash.media/image/upload/f_auto,c_limit,w_300,q_auto/igashop/images/523197"
Natures Organics Fruits Conditioner Apple Fresh 500mL,$2.00,$0.40/100mL,"https://cdn.metcash.media/image/upload/f_auto,c_limit,w_300,q_auto/igashop/images/690936"
Black & Gold Mat Non Slip 150cm 2 Pack,$4.15,$2.08 each,"https://cdn.metcash.media/image/upload/f_auto,c_limit,w_300,q_auto/igashop/images/190000010093"
Cheer Tasty Block 400g,$7.50,$1.88/100g,"https://cdn.metcash.media/image/upload/f_auto,c_limit,w_300,q_auto/igashop/images/535602"
Chobani Greek Yoghurt Vanilla 160g,$2.70,$1.69/100g,"https://cdn.metcash.media/image/upload/f_auto,c_limit,w_300,q_auto/igashop/images/20000007126"
St Ives Facial Cleanser Invigorating Apricot Scrub 150mL,$5.75,$3.83/100mL,"https://cdn.metcash.media/image/upload/f_auto,c_limit,w_300,q_auto/igashop/images/499958"
Doritos Corn Chips Street Art Chaos Cajun Pop Chicken 150g,$5.00,$3.33/100g,"https://cdn.metcash.media/image/upload/f_auto,c_limit,w_300,q_auto/igashop/images/543281"
Tasmanian Heritage Variety Selection 420g,$14.95,$3.56/100g,"https://cdn.metcash.media/image/upload/f_auto,c_limit,w_300,q_auto/igashop/images/686652"
Henderson Greetings Everyday Journal A5,$29.95,N/A,"https://cdn.metcash.media/image/upload/f_auto,c_limit,w_300,q_auto/igashop/images/180000006216"
Stevia Sweet Tablets 220 Pack,$8.60,$0.04 each,"https://cdn.metcash.media/image/upload/f_auto,c_limit,w_300,q_auto/igashop/images/265016"
Fresh Up Big Fizz Juicy Orange 500mL,$3.55,$0.71/100mL,"https://cdn.metcash.media/image/upload/f_auto,c_limit,w_300,q_auto/igashop/images/20000003788"
Oral-B 3D White Charcoal White Toothbrush,$3.00,N/A,"https://cdn.metcash.media/image/upload/f_auto,c_limit,w_300,q_auto/igashop/images/160000001787"
Vittoria Freeze Dried Instant Coffee Classic 100g,$13.50,$13.50/100g,"https://cdn.metcash.media/image/upload/f_auto,c_limit,w_300,q_auto/igashop/images/378461"
Peppercorn Extra Lean Chicken Chipolatas 450g,$9.25,$2.06/100g,"https://cdn.metcash.media/image/upload/f_auto,c_limit,w_300,q_auto/igashop/images/930828"
Fancy Feast Cat Food Chunky Chicken 85g,$1.60,$1.88/100g,"https://cdn.metcash.media/image/upload/f_auto,c_limit,w_300,q_auto/igashop/images/123418"
Primo Sous Vide Massaman Beef Meatballs 2kg,$34.40,$17.20/kg,https://www.igashop.com.au/static/default-product-image.png
Red Rock Deli Style Potato Chips Honey Soy Chicken 5 Pack,$4.50,$0.90 each,"https://cdn.metcash.media/image/upload/f_auto,c_limit,w_300,q_auto/igashop/images/946162"
Continental Cup A Soup Spring Vegetable 4 Pack,$3.00,$0.75 each,"https://cdn.metcash.media/image/upload/f_auto,c_limit,w_300,q_auto/igashop/images/17667"
Decor Form Cap Teats Medium Flow 2 Pack,$7.19,$3.60 each,"https://cdn.metcash.media/image/upload/f_auto,c_limit,w_300,q_auto/igashop/images/846964"
Uncle Tobys Plus Protein Breakfast Cereal 620g,$7.50,$1.21/100g,"https://cdn.metcash.media/image/upload/f_auto,c_limit,w_300,q_auto/igashop/images/301613"
Twix Pods Chocolate Share Pack 160g,$3.50,$2.19/100g,"https://cdn.metcash.media/image/upload/f_auto,c_limit,w_300,q_auto/igashop/images/620368"
Sirena Ready To Eat Meal Chicken Pesto Pasta 190g,$4.30,$2.26/100g,"https://cdn.metcash.media/image/upload/f_auto,c_limit,w_300,q_auto/igashop/images/639066"
Nestlé Nesquik Strawberry 250g,$4.00,$1.60/100g,"https://cdn.metcash.media/image/upload/f_auto,c_limit,w_300,q_auto/igashop/images/10275"
Chum Adult Dog Food Beef 700g,$2.95,$0.42/100g,"https://cdn.metcash.media/image/upload/f_auto,c_limit,w_300,q_auto/igashop/images/70568"
Maseur Footcare Odour Stop Extra Tough Insoles,$4.75,N/A,"https://cdn.metcash.media/image/upload/f_auto,c_limit,w_300,q_auto/igashop/images/706211"
White King Fabric Stain Remover Regular 1kg,$7.25,$7.25/kg,"https://cdn.metcash.media/image/upload/f_auto,c_limit,w_300,q_auto/igashop/images/90225"
Clairol Nice 'N Easy 3.5 Natural Darkest Brown,$9.00,N/A,"https://cdn.metcash.media/image/upload/f_auto,c_limit,w_300,q_auto/igashop/images/190000002194"
Balfours Premium Pizza Pie 400g,$9.35,$2.34/100g,"https://cdn.metcash.media/image/upload/f_auto,c_limit,w_300,q_auto/igashop/images/190000000052"
Vicks Vapodrops Lozenges Butter Menthol 24 Pack,$5.90,$0.25 each,"https://cdn.metcash.media/image/upload/f_auto,c_limit,w_300,q_auto/igashop/images/83613"
Sorbent Double Length Toilet Tissue 8 Pack,$12.00,$1.50 each,"https://cdn.metcash.media/image/upload/f_auto,c_limit,w_300,q_auto/igashop/images/778349"
Norco Real Double Iced Coffee No Added Sugar 500mL,$3.20,$0.64/100mL,"https://cdn.metcash.media/image/upload/f_auto,c_limit,w_300,q_auto/igashop/images/190000004756"
YoPRO Yoghurt Strawberry 160g,$3.20,$2.00/100g,"https://cdn.metcash.media/image/upload/f_auto,c_limit,w_300,q_auto/igashop/images/895735"
Handee Ultra Paper Towels 3 Pack,$5.00,$1.67 each,"https://cdn.metcash.media/image/upload/f_auto,c_limit,w_300,q_auto/igashop/images/821278"
Dove Women Deodorant Roll On Original Zero % Aluminum 50mL,$5.60,$11.20/100mL,https://www.igashop.com.au/static/default-product-image.png
Carnation Evaporated Full Cream Milk 340mL,$3.00,$0.88/100mL,"https://cdn.metcash.media/image/upload/f_auto,c_limit,w_300,q_auto/igashop/images/180000000278"
Big Lolly Halloween Scary Sours 600g,$12.25,$2.04/100g,"https://cdn.metcash.media/image/upload/f_auto,c_limit,w_300,q_auto/igashop/images/180000002931"
Mcvities Go Ahead Forest Fruits 174g,$5.00,$2.87/100g,"https://cdn.metcash.media/image/upload/f_auto,c_limit,w_300,q_auto/igashop/images/528469"
Darrell Lea Peppermint Whip Dark Block 170g,$7.00,$4.12/100g,"https://cdn.metcash.media/image/upload/f_auto,c_limit,w_300,q_auto/igashop/images/809946"
Uncle Tobys Muesli Bars Chewy Oh My Choc 185g,$2.75,$1.49/100g,"https://cdn.metcash.media/image/upload/f_auto,c_limit,w_300,q_auto/igashop/images/634105"
Nescafe Farmers Origins Colombia Coffee Espresso 44g,$5.90,$13.41/100g,"https://cdn.metcash.media/image/upload/f_auto,c_limit,w_300,q_auto/igashop/images/180000002316"
Black & Gold Sultanas 1kg,$8.00,$8.00/kg,"https://cdn.metcash.media/image/upload/f_auto,c_limit,w_300,q_auto/igashop/images/45319"
Kleenex Double Length Toilet Tissue 4 Pack,$7.50,$1.88 each,"https://cdn.metcash.media/image/upload/f_auto,c_limit,w_300,q_auto/igashop/images/734696"
Beerenberg Cranberry Sauce 175g,$5.50,$3.14/100g,"https://cdn.metcash.media/image/upload/f_auto,c_limit,w_300,q_auto/igashop/images/887698"
Uncle Tobys Protein Bars with Caramel & Dark Chocolate 5 Pack 175g,$4.70,$2.69/100g,"https://cdn.metcash.media/image/upload/f_auto,c_limit,w_300,q_auto/igashop/images/609684"
Atkins Milk Chocolate Swiss Roll 30g,$3.00,$10.00/100g,"https://cdn.metcash.media/image/upload/f_auto,c_limit,w_300,q_auto/igashop/images/256305"
D'Orsogna Danish Salami 250g,$8.10,$3.24/100g,"https://cdn.metcash.media/image/upload/f_auto,c_limit,w_300,q_auto/igashop/images/20000006569"
Steggles Frozen Turkey Buffet Small 3.4kg,$38.25,$11.25/kg,"https://cdn.metcash.media/image/upload/f_auto,c_limit,w_300,q_auto/igashop/images/900323"
Carman's Crispy Deluxe Fruit & Nut Muesli 400g,$8.50,$2.13/100g,"https://cdn.metcash.media/image/upload/f_auto,c_limit,w_300,q_auto/igashop/images/61132"
Youfoodz Juice Go-Go Greens 1L,$5.80,$5.80/1L,"https://cdn.metcash.media/image/upload/f_auto,c_limit,w_300,q_auto/igashop/images/180000006569"
SPC Apple Puree 4 Pack,$4.70,$1.18 each,"https://cdn.metcash.media/image/upload/f_auto,c_limit,w_300,q_auto/igashop/images/850552"
Aegean Cashews Salted 450g,$10.95,$2.43/100g,https://www.igashop.com.au/static/default-product-image.png
Pace Farm Fresher Eggs 1 Dozen 600g,$6.95,$1.16/100g,"https://cdn.metcash.media/image/upload/f_auto,c_limit,w_300,q_auto/igashop/images/194702"
DON Thinly Sliced Champagne Ham 200g,$5.90,$2.95/100g,"https://cdn.metcash.media/image/upload/f_auto,c_limit,w_300,q_auto/igashop/images/150000008023"
Suntory BOSS Coffee Iced Vanilla Latte 237mL,$2.50,$1.05/100mL,"https://cdn.metcash.media/image/upload/f_auto,c_limit,w_300,q_auto/igashop/images/984241"
Birds Eye Deli Whiting Crisp Light Batter 250g,$8.80,$3.52/100g,"https://cdn.metcash.media/image/upload/f_auto,c_limit,w_300,q_auto/igashop/images/930886"
Flora Margarine Spread Original 500g,$4.50,$0.90/100g,"https://cdn.metcash.media/image/upload/f_auto,c_limit,w_300,q_auto/igashop/images/101050"
Cadbury Biscoff 170g,$4.00,$2.35/100g,"https://cdn.metcash.media/image/upload/f_auto,c_limit,w_300,q_auto/igashop/images/374967"
Pepsi Max No Sugar Soda Bottle 4 Pack,$5.60,$1.40 each,"https://cdn.metcash.media/image/upload/f_auto,c_limit,w_300,q_auto/igashop/images/593812"
The Natural Confectionery Co. Zoo Crew 200g,$5.00,$2.50/100g,"https://cdn.metcash.media/image/upload/f_auto,c_limit,w_300,q_auto/igashop/images/156589"
Bulldog Sensitive Face Wash 150mL,$15.00,$10.00/100mL,"https://cdn.metcash.media/image/upload/f_auto,c_limit,w_300,q_auto/igashop/images/160000011097"
Cottee's Cordial Fruit Cup Cordial 1L,$5.50,$5.50/1L,"https://cdn.metcash.media/image/upload/f_auto,c_limit,w_300,q_auto/igashop/images/624202"
Stay Fresh Scour Sponge,$1.00,N/A,"https://cdn.metcash.media/image/upload/f_auto,c_limit,w_300,q_auto/igashop/images/448787"
V8 Vegetable Juice Pineapple Passion 1.25L,$2.75,$2.20/1L,"https://cdn.metcash.media/image/upload/f_auto,c_limit,w_300,q_auto/igashop/images/186741"
Crostoli King Nonna's Biscuits 300g,$7.95,$2.65/100g,"https://cdn.metcash.media/image/upload/f_auto,c_limit,w_300,q_auto/igashop/images/190000002657"
Carefree Organic Tampon Regular 16 Pack,$4.55,$0.28 each,https://www.igashop.com.au/static/default-product-image.png
Chang's Rice Vermicelli 250g,$1.50,$0.60/100g,"https://cdn.metcash.media/image/upload/f_auto,c_limit,w_300,q_auto/igashop/images/428664"
Eveready Super Heavy Duty Type C Batteries 4 Pack,$13.80,$3.45 each,"https://cdn.metcash.media/image/upload/f_auto,c_limit,w_300,q_auto/igashop/images/987891"
Lucas' Papaw Ointment 15g,$6.80,$45.33/100g,"https://cdn.metcash.media/image/upload/f_auto,c_limit,w_300,q_auto/igashop/images/190000000888"
Only Organic Baby Food Mango Coconut And Quinoa 120g,$2.30,$1.92/100g,https://www.igashop.com.au/static/default-product-image.png
Cadbury Dairy Milk Easter Egg Bag 803g,$25.50,$3.18/100g,"https://cdn.metcash.media/image/upload/f_auto,c_limit,w_300,q_auto/igashop/images/180000003539"
Mentos Pure Fresh Spearmint Bottle 68g,$3.80,$5.59/100g,"https://cdn.metcash.media/image/upload/f_auto,c_limit,w_300,q_auto/igashop/images/807232"
Air Wick Essential Oil Air Freshener Vanilla & Soft Cashmere Refill 3 Pack,$18.00,$6.00 each,"https://cdn.metcash.media/image/upload/f_auto,c_limit,w_300,q_auto/igashop/images/180000002833"
Angas Park Dried Apples 200g,$6.00,$3.00/100g,"https://cdn.metcash.media/image/upload/f_auto,c_limit,w_300,q_auto/igashop/images/404767"
Lindt Excellence Raspberry Intense 100g,$8.50,$8.50/100g,"https://cdn.metcash.media/image/upload/f_auto,c_limit,w_300,q_auto/igashop/images/317253"
Pedigree Dentastix Small Dog Dental Treat 28 Pack,$16.80,$0.60 each,"https://cdn.metcash.media/image/upload/f_auto,c_limit,w_300,q_auto/igashop/images/358623"
Macleans Extreme Clean Toothpaste Whitening 170g,$4.95,$2.91/100g,"https://cdn.metcash.media/image/upload/f_auto,c_limit,w_300,q_auto/igashop/images/20000005282"
Sirena Tuna Slices In Oil Italian Style 125g,$3.50,$2.80/100g,"https://cdn.metcash.media/image/upload/f_auto,c_limit,w_300,q_auto/igashop/images/160000012266"
Aunty Barbs Jaffa Cake 280g,$6.00,$2.14/100g,"https://cdn.metcash.media/image/upload/f_auto,c_limit,w_300,q_auto/igashop/images/180000001811"
Colgate Zig Zag Deep Interdental Clean 25% Recycled Plastic Toothbrush Soft Adult,$3.35,N/A,"https://cdn.metcash.media/image/upload/f_auto,c_limit,w_300,q_auto/igashop/images/484589"
Chux Dishwand Handle,$5.10,N/A,"https://cdn.metcash.media/image/upload/f_auto,c_limit,w_300,q_auto/igashop/images/251211"
Farmers Union Light Greek Yoghurt 1kg,$6.95,$6.95/kg,"https://cdn.metcash.media/image/upload/f_auto,c_limit,w_300,q_auto/igashop/images/148874"
Cleaver's Organic Lamb & Rosemary Sausages 480g,$13.00,$2.71/100g,"https://cdn.metcash.media/image/upload/f_auto,c_limit,w_300,q_auto/igashop/images/126631"
Marion's Kitchen Red Curry Paste 190g,$6.00,$3.16/100g,"https://cdn.metcash.media/image/upload/f_auto,c_limit,w_300,q_auto/igashop/images/928046"
Monster Energy Green Energy Drink 4 Pack,$11.20,$2.80 each,"https://cdn.metcash.media/image/upload/f_auto,c_limit,w_300,q_auto/igashop/images/58731_1"
Feel Good Foods Organic Pasta Sauce Basil Garlic 500g,$7.25,$1.45/100g,"https://cdn.metcash.media/image/upload/f_auto,c_limit,w_300,q_auto/igashop/images/190000002721"
The Confectionery House Honeycomb Dark Chocolate 400g,$6.80,$1.70/100g,https://www.igashop.com.au/static/default-product-image.png
Depend Adult Care Guards Level 3 Men,$9.50,N/A,"https://cdn.metcash.media/image/upload/f_auto,c_limit,w_300,q_auto/igashop/images/1800000067519"
Finish Ultimate All in 1 Dishwashing Tablets Lemon Sparkle 50 Pack,$25.00,$0.50 each,"https://cdn.metcash.media/image/upload/f_auto,c_limit,w_300,q_auto/igashop/images/550026"
Saxa Chicken Salt 100g,$2.75,$2.75/100g,"https://cdn.metcash.media/image/upload/f_auto,c_limit,w_300,q_auto/igashop/images/190000004555"
Economy Beef Rump Steak 1kg,Final cost based on weight,$29.00/$29.00,"https://cdn.metcash.media/image/upload/f_auto,c_limit,w_300,q_auto/igashop/images/80080122"
Community Co Dijon Mustard 190g,$2.75,$1.45/100g,"https://cdn.metcash.media/image/upload/f_auto,c_limit,w_300,q_auto/igashop/images/643138"
Bakers Collection Brandy Snaps 8 Pack,$2.00,$0.25 each,"https://cdn.metcash.media/image/upload/f_auto,c_limit,w_300,q_auto/igashop/images/20000000512"
McCain Mansize Southern Style Chicken With Mac 'n Cheese Peas & Corn 480g,$7.50,$1.56/100g,"https://cdn.metcash.media/image/upload/f_auto,c_limit,w_300,q_auto/igashop/images/594708"
Boulder Canyon Olive Oil Potato Chips Sea Salt 142g,$8.95,$6.30/100g,"https://cdn.metcash.media/image/upload/f_auto,c_limit,w_300,q_auto/igashop/images/20000003487"
On The Menu Butter Chicken Bowl 350g,$7.90,$2.26/100g,https://www.igashop.com.au/static/default-product-image.png
Tatua Dairy Whip Whipped Cream 250g,$6.00,$2.40/100g,"https://cdn.metcash.media/image/upload/f_auto,c_limit,w_300,q_auto/igashop/images/20000002105"
Glad Kitchen Tidy Wavetop Medium 34 Pack,$4.40,$0.13 each,"https://cdn.metcash.media/image/upload/f_auto,c_limit,w_300,q_auto/igashop/images/323429"
DJ&A Veggie Crisps Mixed Vegetables 90g,$6.00,$6.67/100g,"https://cdn.metcash.media/image/upload/f_auto,c_limit,w_300,q_auto/igashop/images/190000002129"
Bulla Crunch Selection Pack 8 Pack,$5.00,$0.63 each,"https://cdn.metcash.media/image/upload/f_auto,c_limit,w_300,q_auto/igashop/images/20000005859"
Norco Real Iced-Coffee Tripple Shot 500mL,$3.20,$0.64/100mL,"https://cdn.metcash.media/image/upload/f_auto,c_limit,w_300,q_auto/igashop/images/180000000299"
Continental Stock Pot Red Wine 104g,$4.50,$4.33/100g,"https://cdn.metcash.media/image/upload/f_auto,c_limit,w_300,q_auto/igashop/images/265595"
Eclipse Sugar Free Mints Grape 40g,$3.60,$9.00/100g,"https://cdn.metcash.media/image/upload/f_auto,c_limit,w_300,q_auto/igashop/images/662739"
Aerogard Odorless Spray 150g,$12.00,$8.00/100g,"https://cdn.metcash.media/image/upload/f_auto,c_limit,w_300,q_auto/igashop/images/356930"
Hunt And Brew Cold Brew Coffee Brazil 400mL,$4.95,$1.24/100mL,"https://cdn.metcash.media/image/upload/f_auto,c_limit,w_300,q_auto/igashop/images/841707"
Darrell Lea White Chocolate Raspberry Bullets 180g,$6.00,$3.33/100g,"https://cdn.metcash.media/image/upload/f_auto,c_limit,w_300,q_auto/igashop/images/809666"
M&Ms Milk Chocolate Pouch 180g,$7.00,$3.89/100g,"https://cdn.metcash.media/image/upload/f_auto,c_limit,w_300,q_auto/igashop/images/622572"
Calbee Hooleys Waves Original Salted 95g,$4.00,$4.21/100g,"https://cdn.metcash.media/image/upload/f_auto,c_limit,w_300,q_auto/igashop/images/558503"
Bega Snack Hp Lavosh 38g,$2.90,$7.63/100g,"https://cdn.metcash.media/image/upload/f_auto,c_limit,w_300,q_auto/igashop/images/1800000068213"
Nutrient Water A-Game Guava 575mL,$3.40,$0.59/100mL,https://www.igashop.com.au/static/default-product-image.png
Oreo Cookie Tops 4 Pack,$8.50,$2.13 each,"https://cdn.metcash.media/image/upload/f_auto,c_limit,w_300,q_auto/igashop/images/180000005991"
Peters Drumstick Classic Mixed Ice Creams 24 Pack,$36.70,$1.53 each,"https://cdn.metcash.media/image/upload/f_auto,c_limit,w_300,q_auto/igashop/images/923185"
Vegeta Vegetable Gourmet Stock Powder 500g,$7.50,$1.50/100g,"https://cdn.metcash.media/image/upload/f_auto,c_limit,w_300,q_auto/igashop/images/160000012528"
Optimum Grain Free Dry Dog Food With Chicken & Vegetables 2.5kg,$18.40,$7.36/kg,"https://cdn.metcash.media/image/upload/f_auto,c_limit,w_300,q_auto/igashop/images/897664_1"
Cadbury Dairy Milk Turkish Delight Milk Chocolate Block 180g,$4.00,$2.22/100g,"https://cdn.metcash.media/image/upload/f_auto,c_limit,w_300,q_auto/igashop/images/468465"
Lynx Antiperspirant Aerosol Apollo 165mL,$6.00,$3.64/100mL,"https://cdn.metcash.media/image/upload/f_auto,c_limit,w_300,q_auto/igashop/images/749117"
Balfours Mini Christmas Pudding 4 Pack,$10.00,$2.50 each,"https://cdn.metcash.media/image/upload/f_auto,c_limit,w_300,q_auto/igashop/images/190000000056"
D'Orsogna Ham Leg Portion Champagne 850g,$19.00,$2.24/100g,https://www.igashop.com.au/static/default-product-image.png
Huggies Ultra Dry Nappies Girls Size 6 (16kg+) 30 Pack,$22.00,$0.73 each,"https://cdn.metcash.media/image/upload/f_auto,c_limit,w_300,q_auto/igashop/images/85254"
SKYN Condoms Close Feel 10 Pack,$9.10,$0.91 each,"https://cdn.metcash.media/image/upload/f_auto,c_limit,w_300,q_auto/igashop/images/797267"
Dine Fresh And Fine Gravy Salmon Tuna And Trout 300g,$6.30,$2.10/100g,"https://cdn.metcash.media/image/upload/f_auto,c_limit,w_300,q_auto/igashop/images/1800000068686"
Bega Whipped Peanut Butter 600g,$6.80,$1.13/100g,"https://cdn.metcash.media/image/upload/f_auto,c_limit,w_300,q_auto/igashop/images/180000006556"
Norco Strawberry Flavoured Milk 500mL,$4.80,$0.96/100mL,https://www.igashop.com.au/static/default-product-image.png
Cadbury Rolls Mini Choc Rolls 5 Pack,$6.00,$1.20 each,"https://cdn.metcash.media/image/upload/f_auto,c_limit,w_300,q_auto/igashop/images/760037"
Fab Fresh Blossom Triple Capsules 30 Pack,$13.00,$0.43 each,https://www.igashop.com.au/static/default-product-image.png
Mirabella Pilot Dimmable Globe 15W BC Clear 2 Pack,$4.00,$2.00 each,"https://cdn.metcash.media/image/upload/f_auto,c_limit,w_300,q_auto/igashop/images/268849"
Community Co Sourdough Baguette 250g,$3.99,$1.60/100g,"https://cdn.metcash.media/image/upload/f_auto,c_limit,w_300,q_auto/igashop/images/20000006920"
Greenseas Tomato & Onion Tuna 95g,$1.70,$1.79/100g,"https://cdn.metcash.media/image/upload/f_auto,c_limit,w_300,q_auto/igashop/images/74180"
Mirabella LED 9W Cool White GLS Bayonet Cap Globe,$4.10,N/A,"https://cdn.metcash.media/image/upload/f_auto,c_limit,w_300,q_auto/igashop/images/223234"
Catalano's Salmon Skin On 4 Pack,$32.85,$8.21 each,"https://cdn.metcash.media/image/upload/f_auto,c_limit,w_300,q_auto/igashop/images/180000001429"
TRESemmé Shampoo Deep Cleansing 900mL,$10.50,$1.17/100mL,"https://cdn.metcash.media/image/upload/f_auto,c_limit,w_300,q_auto/igashop/images/410946"
Poise Pads Super 14 Pack,$7.70,$0.55 each,"https://cdn.metcash.media/image/upload/f_auto,c_limit,w_300,q_auto/igashop/images/373547"
Spice & Co Za'atar Spice Mix 40g,$3.75,$9.38/100g,"https://cdn.metcash.media/image/upload/f_auto,c_limit,w_300,q_auto/igashop/images/190000002428"
Flora ProActiv Cholesterol Lowering Spread Buttery 750g,$12.00,$1.60/100g,"https://cdn.metcash.media/image/upload/f_auto,c_limit,w_300,q_auto/igashop/images/174155"
Brownes Mature Cheddar Cheese 400g,$10.10,$2.53/100g,"https://cdn.metcash.media/image/upload/f_auto,c_limit,w_300,q_auto/igashop/images/892635"
Leggo's Tomato & Smoked Cheddar Gourmet Pasta Sauce with King Island Smoked Cheddar 390g,$4.80,$1.23/100g,"https://cdn.metcash.media/image/upload/f_auto,c_limit,w_300,q_auto/igashop/images/180000002399"
Whole Scotch Fillet 2.5kg,Final cost based on weight,$82.38/$32.95,"https://cdn.metcash.media/image/upload/f_auto,c_limit,w_300,q_auto/igashop/images/80080140"
Carefree Original Tampons Regular 16 Pack,$5.10,$0.32 each,"https://cdn.metcash.media/image/upload/f_auto,c_limit,w_300,q_auto/igashop/images/1600000011290"
Arnott's Shapes Biscuits Mini Chicken Crimpy Multipack 375g,$6.00,$1.60/100g,"https://cdn.metcash.media/image/upload/f_auto,c_limit,w_300,q_auto/igashop/images/705202"
Cenovis Centrum Vitamin C 1000Mg Berry 60 Pack,$2.95,$0.05 each,https://www.igashop.com.au/static/default-product-image.png
Dishmatic Refill General Purpose 6 Pack,$9.30,$1.55 each,"https://cdn.metcash.media/image/upload/f_auto,c_limit,w_300,q_auto/igashop/images/244858"
Aeroplane Jelly Pineapple Jelly Crystals 85g,$1.80,$2.12/100g,"https://cdn.metcash.media/image/upload/f_auto,c_limit,w_300,q_auto/igashop/images/180000000143"
V.I.P. Prota Pet Tender Chicken 1kg,$3.80,$3.80/kg,"https://cdn.metcash.media/image/upload/f_auto,c_limit,w_300,q_auto/igashop/images/170774"
Cottee's Plum Jam 250g,$2.75,$1.10/100g,"https://cdn.metcash.media/image/upload/f_auto,c_limit,w_300,q_auto/igashop/images/190000004561"
Marion's Kitchen Thai Green Curry Cooking Kit 419g,$5.95,$1.42/100g,"https://cdn.metcash.media/image/upload/f_auto,c_limit,w_300,q_auto/igashop/images/843987"
Prime Energy Drink Blue Raspberry 355mL,$5.10,$14.37/1L,https://www.igashop.com.au/static/default-product-image.png
Orchard Icing White 500g,$4.65,$0.93/100g,"https://cdn.metcash.media/image/upload/f_auto,c_limit,w_300,q_auto/igashop/images/20000005342"
Simply Tasty Beef Lasagne 1kg,$19.95,$19.95/kg,"https://cdn.metcash.media/image/upload/f_auto,c_limit,w_300,q_auto/igashop/images/180000005961"
Fantastic Delites Snacks Sweet Chilli & Sour Cream 100g,$2.80,$2.80/100g,"https://cdn.metcash.media/image/upload/f_auto,c_limit,w_300,q_auto/igashop/images/352025"
Beerenberg Orange Blossom Blossom 335g,$9.70,$2.90/100g,"https://cdn.metcash.media/image/upload/f_auto,c_limit,w_300,q_auto/igashop/images/879496"
Air Wick Botanica Candle Caribbean Vetiver & Sandalwood 205g,$20.00,$9.76/100g,"https://cdn.metcash.media/image/upload/f_auto,c_limit,w_300,q_auto/igashop/images/170177"
Bacon Middle Rasher 1kg,Final cost based on weight,$19.00/$19.00,"https://cdn.metcash.media/image/upload/f_auto,c_limit,w_300,q_auto/igashop/images/80072009"
Weis Sorbet Summer Berries 1L,$9.00,$9.00/1L,"https://cdn.metcash.media/image/upload/f_auto,c_limit,w_300,q_auto/igashop/images/110062"
Fruchocs Cream Filled Twist Wrapped Balls 200g,$10.20,$5.10/100g,"https://cdn.metcash.media/image/upload/f_auto,c_limit,w_300,q_auto/igashop/images/185790"
Mary Mack's Instant Batter Mix 150g,$2.25,$1.50/100g,"https://cdn.metcash.media/image/upload/f_auto,c_limit,w_300,q_auto/igashop/images/610091"
Maxine's Burn Cookies & Cream High Protein Cookie 40g,$4.00,$10.00/100g,"https://cdn.metcash.media/image/upload/f_auto,c_limit,w_300,q_auto/igashop/images/798"
Billson's Fruit Tangle Cordial 700mL,$11.95,$1.71/100mL,"https://cdn.metcash.media/image/upload/f_auto,c_limit,w_300,q_auto/igashop/images/150000007818"
McCain Supreme Pizza 500g,$8.80,$1.76/100g,"https://cdn.metcash.media/image/upload/f_auto,c_limit,w_300,q_auto/igashop/images/112289"
Temptations Cat Treat Tasty Chicken 350g,$13.50,$3.86/100g,"https://cdn.metcash.media/image/upload/f_auto,c_limit,w_300,q_auto/igashop/images/160000003440"
Dove Men Deodorant Roll On Clean Comfort Zero Aluminium 50mL,$3.40,$6.80/100mL,"https://cdn.metcash.media/image/upload/f_auto,c_limit,w_300,q_auto/igashop/images/170000003703"
Colgate Optic White Enamel White Teeth Whitening Toothpaste 140g,$10.00,$7.14/100g,"https://cdn.metcash.media/image/upload/f_auto,c_limit,w_300,q_auto/igashop/images/3749"
Decor Vent & Seal Glass 1L,$14.00,N/A,"https://cdn.metcash.media/image/upload/f_auto,c_limit,w_300,q_auto/igashop/images/875340"
Uncle Tobys Plus Iron Breakfast Cereal 630g,$7.50,$1.19/100g,"https://cdn.metcash.media/image/upload/f_auto,c_limit,w_300,q_auto/igashop/images/301485"
Arnott's Wagon Wheels Original 48g,$2.50,$5.21/100g,"https://cdn.metcash.media/image/upload/f_auto,c_limit,w_300,q_auto/igashop/images/170000000507"
Vileda Mop Bath Magic,$24.00,N/A,"https://cdn.metcash.media/image/upload/f_auto,c_limit,w_300,q_auto/igashop/images/245927"
Rose's Conserve Strawberry Jam 375g,$4.30,$1.15/100g,"https://cdn.metcash.media/image/upload/f_auto,c_limit,w_300,q_auto/igashop/images/267521"
My Dog Naturally Crafted Wet Dog Food Free Range Chicken With Carrots & Green Beans 400g,$3.60,$0.90/100g,"https://cdn.metcash.media/image/upload/f_auto,c_limit,w_300,q_auto/igashop/images/900658"
Little Bellies Organic Banana Date & Oat Bar 85g,$4.65,$5.47/100g,"https://cdn.metcash.media/image/upload/f_auto,c_limit,w_300,q_auto/igashop/images/604121"
CSR Unrefined Rapadura Sugar 250g,$4.00,$1.60/100g,"https://cdn.metcash.media/image/upload/f_auto,c_limit,w_300,q_auto/igashop/images/243307"
John West Deli Tuna Extra Virgin Oil And Pink Salt 90g,$2.50,$2.78/100g,"https://cdn.metcash.media/image/upload/f_auto,c_limit,w_300,q_auto/igashop/images/62248"
Arnott's Vita-Weat Cracker 9 Grain 250g,$3.50,$1.40/100g,"https://cdn.metcash.media/image/upload/f_auto,c_limit,w_300,q_auto/igashop/images/14554"
Christmas Gift Wrap 5 Metre,$0.50,N/A,"https://cdn.metcash.media/image/upload/f_auto,c_limit,w_300,q_auto/igashop/images/280082"
Old El Paso Regular Tortillas 16 Pack,$6.50,$0.41 each,"https://cdn.metcash.media/image/upload/f_auto,c_limit,w_300,q_auto/igashop/images/20000006142"
Chicken Loaf 1kg,Final cost based on weight,$16.30/$16.30,"https://cdn.metcash.media/image/upload/f_auto,c_limit,w_300,q_auto/igashop/images/80072019"
Bakers Collection Light Fruit Cake 700g,$3.00,$0.43/100g,"https://cdn.metcash.media/image/upload/f_auto,c_limit,w_300,q_auto/igashop/images/20000000514"
Chobani No Sugar Added Greek Yoghurt Vanilla Bean 150g,$2.70,$1.80/100g,"https://cdn.metcash.media/image/upload/f_auto,c_limit,w_300,q_auto/igashop/images/160000018312"
Dare Iced Coffee Espresso 750mL,$5.40,$0.72/100mL,"https://cdn.metcash.media/image/upload/f_auto,c_limit,w_300,q_auto/igashop/images/160517"
Purity Sensitive Fabric Softener 2L,$6.70,$3.35/1L,"https://cdn.metcash.media/image/upload/f_auto,c_limit,w_300,q_auto/igashop/images/822224"
Jack Hammer Precision Screwdriver Kit,$10.80,N/A,"https://cdn.metcash.media/image/upload/f_auto,c_limit,w_300,q_auto/igashop/images/223307"
Nescafe Gold Decaf 100g,$14.50,$14.50/100g,"https://cdn.metcash.media/image/upload/f_auto,c_limit,w_300,q_auto/igashop/images/416714"
Arnott's Softbake Cookies Biscuits Double Choc 150g,$6.10,$4.07/100g,"https://cdn.metcash.media/image/upload/f_auto,c_limit,w_300,q_auto/igashop/images/180000004801"
Glade Solid Air Freshener Floral Whisper 180g,$2.80,$1.56/100g,"https://cdn.metcash.media/image/upload/f_auto,c_limit,w_300,q_auto/igashop/images/522227"
Maggi Noodles 2-Minute Noodles Chicken 30 Pack,$14.00,$0.47 each,https://www.igashop.com.au/static/default-product-image.png
Sunbites Cracker Mix 288g,$5.50,$1.91/100g,https://www.igashop.com.au/static/default-product-image.png
Heinz Little Kids Chocolate Custard Pouch 1-3 years 120g,$1.70,$1.42/100g,"https://cdn.metcash.media/image/upload/f_auto,c_limit,w_300,q_auto/igashop/images/170000000868"
Baby Bellies Organic Softcorn Banana Sharebag 30g,$4.50,$15.00/100g,"https://cdn.metcash.media/image/upload/f_auto,c_limit,w_300,q_auto/igashop/images/604341"
Aveeno Active Naturals Stress Relief Moisturising Lotion 354mL,$15.50,$4.38/100mL,"https://cdn.metcash.media/image/upload/f_auto,c_limit,w_300,q_auto/igashop/images/38757"
Twinings Live Well Sleep Well 18 Pack,$6.50,$0.36 each,"https://cdn.metcash.media/image/upload/f_auto,c_limit,w_300,q_auto/igashop/images/160000005534"
Castrol GTX Ultraclean 15W-40 1L 1L,$12.00,$12.00/1L,"https://cdn.metcash.media/image/upload/f_auto,c_limit,w_300,q_auto/igashop/images/954597"
Pauls High Protein Strawberry Yoghurt Pouch 150g,$3.10,$2.07/100g,https://www.igashop.com.au/static/default-product-image.png
NIVEA Rich Nourishing Body Lotion 250mL,$3.90,$1.56/100mL,"https://cdn.metcash.media/image/upload/f_auto,c_limit,w_300,q_auto/igashop/images/13024"
Garnier Hydrabomb Vitamin C Mask 28g,$4.00,$14.29/100g,https://www.igashop.com.au/static/default-product-image.png
Betty Crocker Cake Mix Red Velvet Cake 450g,$6.00,$1.33/100g,https://www.igashop.com.au/static/default-product-image.png
Carman's Salted Dark Choc Almond Gourmet Protein Bars 5 Pack,$8.50,$1.70 each,"https://cdn.metcash.media/image/upload/f_auto,c_limit,w_300,q_auto/igashop/images/938795"
Simply Clean Lemon Myrtle Hand Wash 500mL,$24.99,$5.00/100mL,"https://cdn.metcash.media/image/upload/f_auto,c_limit,w_300,q_auto/igashop/images/150000008103"
The Cake Shop Biscuit Christmas Viennese Shortbread 6 Pack,$3.00,$0.50 each,https://www.igashop.com.au/static/default-product-image.png
Castello Fetta Cheese Cubes 430g,$6.00,$1.40/100g,"https://cdn.metcash.media/image/upload/f_auto,c_limit,w_300,q_auto/igashop/images/20000000287"
Lipton Tea Bags Quality 250g,$6.00,$2.40/100g,https://www.igashop.com.au/static/default-product-image.png
Nutty Bruce Ambient Oaty Milk 1L,$5.00,$5.00/1L,"https://cdn.metcash.media/image/upload/f_auto,c_limit,w_300,q_auto/igashop/images/160000017997"
Vitasoy Prebiotic Soy Milk 1L,$3.90,$3.90/1L,"https://cdn.metcash.media/image/upload/f_auto,c_limit,w_300,q_auto/igashop/images/736656"
Sanpellegrino Mineral Water Sparkling 500mL,$3.50,$0.70/100mL,"https://cdn.metcash.media/image/upload/f_auto,c_limit,w_300,q_auto/igashop/images/334412"
Comfort Laundry Fragrance Booster Tahiti 200g,$14.00,$7.00/100g,"https://cdn.metcash.media/image/upload/f_auto,c_limit,w_300,q_auto/igashop/images/180000006347"
Morning Fresh Dishwashing Peach & Nectarine 400mL,$6.00,$1.50/100mL,https://www.igashop.com.au/static/default-product-image.png
Farmers Union Greek Style Yogurt Vanilla 950g,$6.95,$0.73/100g,"https://cdn.metcash.media/image/upload/f_auto,c_limit,w_300,q_auto/igashop/images/624532"
Marion's Kitchen San Choy Bow Cooking Kit 342g,$8.50,$2.49/100g,"https://cdn.metcash.media/image/upload/f_auto,c_limit,w_300,q_auto/igashop/images/844129"
Manicare Nail Shapers Coarse/Medium 175mm 2 Pack,$7.80,$3.90 each,"https://cdn.metcash.media/image/upload/f_auto,c_limit,w_300,q_auto/igashop/images/160000002640"
Mutti Passata Gastronomia Cherry Tomatoes 400g,$5.10,$1.28/100g,"https://cdn.metcash.media/image/upload/f_auto,c_limit,w_300,q_auto/igashop/images/170000001178"
Birds Eye Plant Based Sweet Chilli Chicken Style Tenders 300g,$6.80,$2.27/100g,"https://cdn.metcash.media/image/upload/f_auto,c_limit,w_300,q_auto/igashop/images/413486"
Boston Bay Mussel Hot Pot In Tomato Broth 600g,$12.25,$2.04/100g,https://www.igashop.com.au/static/default-product-image.png
Mrs Mac's Crispy Microwave Pastie 165g,$2.50,$1.52/100g,"https://cdn.metcash.media/image/upload/f_auto,c_limit,w_300,q_auto/igashop/images/108264"
Morning Fresh Dishwashing Liquid Power Foam 500mL,$11.00,$2.20/100mL,"https://cdn.metcash.media/image/upload/f_auto,c_limit,w_300,q_auto/igashop/images/277296"
Posca Hydrate Grape 330mL,$5.00,$1.52/100mL,https://www.igashop.com.au/static/default-product-image.png
Heinz Soup Of The Day Pouch Thai Chicken Chilli And Lime 430g,$4.50,$1.05/100g,"https://cdn.metcash.media/image/upload/f_auto,c_limit,w_300,q_auto/igashop/images/3430"
Tofurky Tofurky Italian Sausages 250g,$7.29,$2.92/100g,"https://cdn.metcash.media/image/upload/f_auto,c_limit,w_300,q_auto/igashop/images/190000000942"
Orgran Gluten Free Vegan Egg Replacer 200g,$5.95,$2.98/100g,"https://cdn.metcash.media/image/upload/f_auto,c_limit,w_300,q_auto/igashop/images/180000000742"
"Sensodyne Repair & Protect, Sensitive Toothpaste 100g",$12.30,$12.30/100g,"https://cdn.metcash.media/image/upload/f_auto,c_limit,w_300,q_auto/igashop/images/313903"
Multix Greener Ocean Plastic Garbage Bags 10 Pack,$4.05,$0.41 each,"https://cdn.metcash.media/image/upload/f_auto,c_limit,w_300,q_auto/igashop/images/604820"
Bega Cream Cheese Spread Bold 500g,$7.00,$1.40/100g,"https://cdn.metcash.media/image/upload/f_auto,c_limit,w_300,q_auto/igashop/images/508422"
Logan Farm Frozen Premium Vegetable Mix 500g,$4.55,$0.91/100g,"https://cdn.metcash.media/image/upload/f_auto,c_limit,w_300,q_auto/igashop/images/128303"
Obela Classic Guacamole 220g,$6.30,$2.86/100g,"https://cdn.metcash.media/image/upload/f_auto,c_limit,w_300,q_auto/igashop/images/481662_1"
Ajax Divine Blends Floor Cleaner Tropical Breeze Slate 750mL,$4.00,$0.53/100mL,"https://cdn.metcash.media/image/upload/f_auto,c_limit,w_300,q_auto/igashop/images/669493"
Purina One Kitten Pet Food Chicken 70g,$1.40,$2.00/100g,"https://cdn.metcash.media/image/upload/f_auto,c_limit,w_300,q_auto/igashop/images/180000003191"
Chobani No Sugar Added Greek Yoghurt Mango Passion Fruit 680g,$6.80,$1.00/100g,"https://cdn.metcash.media/image/upload/f_auto,c_limit,w_300,q_auto/igashop/images/160000018308"
Redberry Black Comb 4 Pack,$3.00,$0.75 each,"https://cdn.metcash.media/image/upload/f_auto,c_limit,w_300,q_auto/igashop/images/247966"
DON Donskis Mild 40g,$2.90,$7.25/100g,"https://cdn.metcash.media/image/upload/f_auto,c_limit,w_300,q_auto/igashop/images/803319"
Temptations Spoons Salmon And Tuna 10g,$5.00,$50.00/100g,https://www.igashop.com.au/static/default-product-image.png
Angas Park Deglet Noor Pitted Dates 5 Pack,$6.00,$1.20 each,"https://cdn.metcash.media/image/upload/f_auto,c_limit,w_300,q_auto/igashop/images/1800000070922"
Cleaver's Organic Paleo Honey Beef Chipolatas 450g,$11.00,$2.44/100g,"https://cdn.metcash.media/image/upload/f_auto,c_limit,w_300,q_auto/igashop/images/920742"
Macros Lamb & Rosemary Shepherd's Pie 350g,$12.00,$3.43/100g,https://www.igashop.com.au/static/default-product-image.png
Dulwich Bakery Double Choc Chip Cookies 350g,$8.95,$2.56/100g,https://www.igashop.com.au/static/default-product-image.png
Masterfoods One Pan Rice Chicken Mushroom Risotto Pouch 250g,$4.00,$1.60/100g,"https://cdn.metcash.media/image/upload/f_auto,c_limit,w_300,q_auto/igashop/images/582272"
DON Hot Salami Twin Pack 40g,$2.90,$7.25/100g,"https://cdn.metcash.media/image/upload/f_auto,c_limit,w_300,q_auto/igashop/images/344640"
McCain Healthy Choice Honey Mustard Chicken 300g,$4.45,$1.48/100g,"https://cdn.metcash.media/image/upload/f_auto,c_limit,w_300,q_auto/igashop/images/128670"
Fussy Cat Slice & Jelly Fish Pouch 960g,$9.50,$0.99/100g,https://www.igashop.com.au/static/default-product-image.png
Orange Power Multipurpose Cleaner & Sanitiser 750mL,$5.20,$0.69/100mL,"https://cdn.metcash.media/image/upload/f_auto,c_limit,w_300,q_auto/igashop/images/978389"
Cadbury Mini Egg 246g,$12.00,$4.88/100g,"https://cdn.metcash.media/image/upload/f_auto,c_limit,w_300,q_auto/igashop/images/698120"
Mission Carb Balance Spinach Wraps 288g,$6.50,$2.26/100g,"https://cdn.metcash.media/image/upload/f_auto,c_limit,w_300,q_auto/igashop/images/180000005218"
Blue Ribbon Frozen Dessert Chocolate Toffee 2L,$6.50,$3.25/1L,"https://cdn.metcash.media/image/upload/f_auto,c_limit,w_300,q_auto/igashop/images/180000006255"
Cold Power Triple Capsule Sensitive Laundry Detergent 312g,$20.00,$6.41/100g,"https://cdn.metcash.media/image/upload/f_auto,c_limit,w_300,q_auto/igashop/images/630020"
BiC Brite Liner Grip Highlighters Assorted 5 Pack,$10.00,$2.00 each,"https://cdn.metcash.media/image/upload/f_auto,c_limit,w_300,q_auto/igashop/images/190000001512"
Mission Wraps Soft & Fluffy 450g,$4.50,$1.00/100g,"https://cdn.metcash.media/image/upload/f_auto,c_limit,w_300,q_auto/igashop/images/436921"
Great Temptations Fairy Cakes 300g,$10.75,$3.58/100g,"https://cdn.metcash.media/image/upload/f_auto,c_limit,w_300,q_auto/igashop/images/20000000704"
Peters Drumstick Classic Vanilla 4 Pack,$9.50,$2.38 each,"https://cdn.metcash.media/image/upload/f_auto,c_limit,w_300,q_auto/igashop/images/121822"
Tasmanian Heritage Triple Cream Brie 125g,$5.65,$4.52/100g,"https://cdn.metcash.media/image/upload/f_auto,c_limit,w_300,q_auto/igashop/images/993614"
Telfast Allergy Medication 180Mg Tablets 5 Pack,$7.20,$1.44 each,https://www.igashop.com.au/static/default-product-image.png
Simply Wize Napolitana Pasta Sauce Gluten Free 500g,$6.75,$1.35/100g,"https://cdn.metcash.media/image/upload/f_auto,c_limit,w_300,q_auto/igashop/images/160000012349"
L'Oreal Paris Elvive Dream Long Conditioner 340mL,$10.00,$2.94/100mL,"https://cdn.metcash.media/image/upload/f_auto,c_limit,w_300,q_auto/igashop/images/1800000068760"
Table Of Plenty Triple Berry Rice Crackers 60g,$4.90,$8.17/100g,"https://cdn.metcash.media/image/upload/f_auto,c_limit,w_300,q_auto/igashop/images/180000000187"
Baked Provisions Spinach Quiche 360g,$8.50,$2.36/100g,https://www.igashop.com.au/static/default-product-image.png
On The Menu Ready Go Eat Burgers Fried Chicken 165g,$4.50,$2.73/100g,"https://cdn.metcash.media/image/upload/f_auto,c_limit,w_300,q_auto/igashop/images/101712"
Cadbury Easter Eggs Cadbury Dairy Milk Egg 340g,$23.45,$6.90/100g,"https://cdn.metcash.media/image/upload/f_auto,c_limit,w_300,q_auto/igashop/images/180000003535"
BabyLove Cosifit Nappies Infant 24 Pack,$10.50,$0.44 each,"https://cdn.metcash.media/image/upload/f_auto,c_limit,w_300,q_auto/igashop/images/902480"
Coca-Cola Classic Soft Drink Multipack Glass Bottles 4 Pack,$7.00,$1.75 each,"https://cdn.metcash.media/image/upload/f_auto,c_limit,w_300,q_auto/igashop/images/215456"
Keen's Mustard Powder 50g,$5.40,$10.80/100g,"https://cdn.metcash.media/image/upload/f_auto,c_limit,w_300,q_auto/igashop/images/35039"
HRVST ST Cold Pressed Juice Super Greens 1L,$10.99,$10.99/1L,"https://cdn.metcash.media/image/upload/f_auto,c_limit,w_300,q_auto/igashop/images/20000002096"
Latina Fresh Creamy Sundried Tomato Pasta Sauce 425g,$5.50,$1.29/100g,"https://cdn.metcash.media/image/upload/f_auto,c_limit,w_300,q_auto/igashop/images/187276"
PureHarvest Organic Malt Free Soy Milk 1L,$2.20,$2.20/1L,"https://cdn.metcash.media/image/upload/f_auto,c_limit,w_300,q_auto/igashop/images/447"
Vitapet Jerhigh Chicken Sticks Dog Treats 400g,$20.00,$5.00/100g,"https://cdn.metcash.media/image/upload/f_auto,c_limit,w_300,q_auto/igashop/images/224976"
The Olive Branch Potato & Leek 560mL,$7.95,$1.42/100mL,https://www.igashop.com.au/static/default-product-image.png
Branston Pickle 310g,$6.20,$2.00/100g,"https://cdn.metcash.media/image/upload/f_auto,c_limit,w_300,q_auto/igashop/images/66349"
Simson's Pantry Roti Garlic 270g,$4.00,$1.48/100g,https://www.igashop.com.au/static/default-product-image.png
Carlton Zero Can 375mL,$2.57,$0.69/100mL,"https://cdn.metcash.media/image/upload/f_auto,c_limit,w_300,q_auto/igashop/images/190000008060"
Riviana Risotto Mushroom 240g,$8.00,$3.33/100g,"https://cdn.metcash.media/image/upload/f_auto,c_limit,w_300,q_auto/igashop/images/180000005727"
Chux Original Superwipes 10 Pack,$3.30,$0.33 each,"https://cdn.metcash.media/image/upload/f_auto,c_limit,w_300,q_auto/igashop/images/69397"
Heinz Soup of the Day Pumpkin & Cauliflower 430g,$4.50,$1.05/100g,"https://cdn.metcash.media/image/upload/f_auto,c_limit,w_300,q_auto/igashop/images/554724"
Piranha Vege Crackers Balsamic Vinegar & Sea Salt 100g,$4.50,$4.50/100g,"https://cdn.metcash.media/image/upload/f_auto,c_limit,w_300,q_auto/igashop/images/160000014148"
Vileda Mop Super Soft Yellow,$15.00,N/A,"https://cdn.metcash.media/image/upload/f_auto,c_limit,w_300,q_auto/igashop/images/710891"
Sandhurst Baby Capers In Wine Vinegar 110g,$3.00,$2.73/100g,"https://cdn.metcash.media/image/upload/f_auto,c_limit,w_300,q_auto/igashop/images/354360"
Wattle Valley Wraps Soft Sourdough 8 Pack,$5.10,$0.64 each,"https://cdn.metcash.media/image/upload/f_auto,c_limit,w_300,q_auto/igashop/images/190000004761"
Purina Total Care Gentle Shampoo for Dogs Melon Sorbet Scent 350mL,$16.00,$4.57/100mL,"https://cdn.metcash.media/image/upload/f_auto,c_limit,w_300,q_auto/igashop/images/150000000545"
Waxworks Insect Control Citronella Oil 1L,$7.50,$7.50/1L,"https://cdn.metcash.media/image/upload/f_auto,c_limit,w_300,q_auto/igashop/images/190000001480"
Nutrimate Lamb 'n' Rice with Vegetables 3kg,$11.10,$3.70/kg,"https://cdn.metcash.media/image/upload/f_auto,c_limit,w_300,q_auto/igashop/images/281350"
Musashi P30 Protein Strawberry Low Fat 375mL,$4.00,$1.07/100mL,"https://cdn.metcash.media/image/upload/f_auto,c_limit,w_300,q_auto/igashop/images/190000001771"
White Wings Donut Bites 250g,$6.00,$2.40/100g,"https://cdn.metcash.media/image/upload/f_auto,c_limit,w_300,q_auto/igashop/images/238357"
Delta Espresso Beans Coffee 1kg,$23.75,$23.75/kg,"https://cdn.metcash.media/image/upload/f_auto,c_limit,w_300,q_auto/igashop/images/927595_2"
Brookfarm Paleo Granola Macadamia Coconut 300g,$19.95,$6.65/100g,"https://cdn.metcash.media/image/upload/f_auto,c_limit,w_300,q_auto/igashop/images/150000008211"
South Cape Orange 3 Cheese Selection Cheese Platter 320g,$17.00,$5.31/100g,"https://cdn.metcash.media/image/upload/f_auto,c_limit,w_300,q_auto/igashop/images/703506"
Nobby's Porky Bits Original 25g,$2.00,$8.00/100g,"https://cdn.metcash.media/image/upload/f_auto,c_limit,w_300,q_auto/igashop/images/433677"
Sakana Catch Of The Day Rich Lobster Taste 110g,$6.50,$5.91/100g,"https://cdn.metcash.media/image/upload/f_auto,c_limit,w_300,q_auto/igashop/images/8063"
Huggies Ultimate Nappies Size 3 (6-11kg) 72 Pack,$39.00,$0.54 each,"https://cdn.metcash.media/image/upload/f_auto,c_limit,w_300,q_auto/igashop/images/928208"
Weis Ice Cream & Fruit Bar Macadamia Mango Cream 4 Pack,$9.50,$2.38 each,"https://cdn.metcash.media/image/upload/f_auto,c_limit,w_300,q_auto/igashop/images/195114"
Schweppes Classic Mixers Dry Ginger Ale 1.1L,$1.25,$1.14/1L,"https://cdn.metcash.media/image/upload/f_auto,c_limit,w_300,q_auto/igashop/images/852680"
Christmas Star Candy Cane Red & White 144g,$0.90,$0.62/100g,"https://cdn.metcash.media/image/upload/f_auto,c_limit,w_300,q_auto/igashop/images/708962"
Maybelline Fit Me Matte & Poreless Foundation- Pure Beige 235 30mL,$13.00,$43.33/100mL,"https://cdn.metcash.media/image/upload/f_auto,c_limit,w_300,q_auto/igashop/images/957037"
Ausfresh Antipasto Tuscan Mix 2kg,$25.50,$12.75/kg,https://www.igashop.com.au/static/default-product-image.png
Voss Sparkling Water 800mL,$3.99,$0.50/100mL,"https://cdn.metcash.media/image/upload/f_auto,c_limit,w_300,q_auto/igashop/images/613049"
Blue Dinosaur Lemon & Macadamia Paleo Bar 45g,$3.70,$8.22/100g,"https://cdn.metcash.media/image/upload/f_auto,c_limit,w_300,q_auto/igashop/images/190000001854"
Dari's Pea And Ham Soup 550g,$8.00,$1.45/100g,"https://cdn.metcash.media/image/upload/f_auto,c_limit,w_300,q_auto/igashop/images/657315"
Ardmona Rich & Thick Basil & Garlic Tomatoes 410g,$2.00,$0.49/100g,"https://cdn.metcash.media/image/upload/f_auto,c_limit,w_300,q_auto/igashop/images/415043"
Hans Striker Mild Salami 15g,$1.00,$6.67/100g,"https://cdn.metcash.media/image/upload/f_auto,c_limit,w_300,q_auto/igashop/images/189032"
Gippsland Dairy Crafted Yogurt Caramel 150g,$4.00,$2.67/100g,https://www.igashop.com.au/static/default-product-image.png
The Cheesecake Shop Stuffed Cookie Caramel Delight 100g,$7.15,$7.15/100g,https://www.igashop.com.au/static/default-product-image.png
Chupa Chup Faces Flat Lollipops 35 Pack,$5.00,$0.14 each,"https://cdn.metcash.media/image/upload/f_auto,c_limit,w_300,q_auto/igashop/images/415637"
Clif Bar Energy Bar Peanut Butter Banana with Dark Chocolate 68g,$3.40,$5.00/100g,"https://cdn.metcash.media/image/upload/f_auto,c_limit,w_300,q_auto/igashop/images/160000012141"
Gillette Skin Guard Handle Plus 5 Blades,$35.00,N/A,"https://cdn.metcash.media/image/upload/f_auto,c_limit,w_300,q_auto/igashop/images/903591"
Heinz Beanz in Tomato Sauce 4 Pack,$6.00,$1.50 each,"https://cdn.metcash.media/image/upload/f_auto,c_limit,w_300,q_auto/igashop/images/310489"
"Birds Eye Steam Fresh Broccoli, Carrots & Corn 750g",$5.50,$0.73/100g,"https://cdn.metcash.media/image/upload/f_auto,c_limit,w_300,q_auto/igashop/images/190000001203"
Country Delight Cakes Mother's Day 500g,$8.65,$1.73/100g,https://www.igashop.com.au/static/default-product-image.png
Finish Dishwasher Freshener Lemon & Lime,$4.50,N/A,"https://cdn.metcash.media/image/upload/f_auto,c_limit,w_300,q_auto/igashop/images/612506"
Nestlé Milkybar Chocolate Block 170g,$7.50,$4.41/100g,"https://cdn.metcash.media/image/upload/f_auto,c_limit,w_300,q_auto/igashop/images/370065"
Red Island Extra Virgin Olive Oil 1L,$17.50,$17.50/1L,"https://cdn.metcash.media/image/upload/f_auto,c_limit,w_300,q_auto/igashop/images/69392"
Blue Banner Onions Pickled 525g,$7.00,$1.33/100g,"https://cdn.metcash.media/image/upload/f_auto,c_limit,w_300,q_auto/igashop/images/321391"
Candy Market Dark Chocolate Licorice Bullets 200g,$1.90,$0.95/100g,"https://cdn.metcash.media/image/upload/f_auto,c_limit,w_300,q_auto/igashop/images/932524"
Chang's Light Soy Sauce 500mL,$3.50,$0.70/100mL,"https://cdn.metcash.media/image/upload/f_auto,c_limit,w_300,q_auto/igashop/images/96514"
SPC Mango In Juice 4 Pack,$4.70,$1.18 each,"https://cdn.metcash.media/image/upload/f_auto,c_limit,w_300,q_auto/igashop/images/849983"
Organic Care Naturals Antibacterial Hand Wash Lemongrass & Ginger 400mL,$5.10,$1.28/100mL,"https://cdn.metcash.media/image/upload/f_auto,c_limit,w_300,q_auto/igashop/images/887122"
Soothers Blackcurrant Stick Multipack 3 Pack,$6.50,$2.17 each,"https://cdn.metcash.media/image/upload/f_auto,c_limit,w_300,q_auto/igashop/images/638390"
Trill Cockatiel Mix 1.8kg,$6.00,$3.33/kg,"https://cdn.metcash.media/image/upload/f_auto,c_limit,w_300,q_auto/igashop/images/826723"
Decor Tellfresh Storer Oblong,$2.75,N/A,"https://cdn.metcash.media/image/upload/f_auto,c_limit,w_300,q_auto/igashop/images/227393"
Baker's Oven Milk Sliders 296g,$7.15,$2.42/100g,"https://cdn.metcash.media/image/upload/f_auto,c_limit,w_300,q_auto/igashop/images/180000002908"
The Cobbler Company Buffing Brush,$9.30,N/A,https://www.igashop.com.au/static/default-product-image.png
3M Scotchgard Fabric Protector Aerosol Can 350g,$13.00,$3.71/100g,"https://cdn.metcash.media/image/upload/f_auto,c_limit,w_300,q_auto/igashop/images/425747"
Rexona Women Antiperspirant Aerosol Sexy Bouquet 250mL,$6.00,$2.40/100mL,"https://cdn.metcash.media/image/upload/f_auto,c_limit,w_300,q_auto/igashop/images/336367"
Sard Super Power Stain Remover Refill For Spray Our Strongest Stain Remover Spray 420mL,$4.50,$1.07/100mL,"https://cdn.metcash.media/image/upload/f_auto,c_limit,w_300,q_auto/igashop/images/20000006517"
Mr Kipling Lemon Slices Snack Pack,$5.50,N/A,"https://cdn.metcash.media/image/upload/f_auto,c_limit,w_300,q_auto/igashop/images/759947"
Extra Lemon Lime Pellet Bottle 64g,$4.70,$7.34/100g,"https://cdn.metcash.media/image/upload/f_auto,c_limit,w_300,q_auto/igashop/images/1800000067548"
Sunsilk Keratin Shampoo Defeat Damage 200mL,$5.50,$2.75/100mL,"https://cdn.metcash.media/image/upload/f_auto,c_limit,w_300,q_auto/igashop/images/46784"
Helgas Plus Low Carb 5 Seeds 700g,$5.80,$0.83/100g,"https://cdn.metcash.media/image/upload/f_auto,c_limit,w_300,q_auto/igashop/images/180000006363"
Campbell's Chunky Canned Soup Potato & Bacon 505g,$3.50,$0.69/100g,"https://cdn.metcash.media/image/upload/f_auto,c_limit,w_300,q_auto/igashop/images/379190"
Vegeta Chicken Stock Powder 200g,$4.85,$2.43/100g,"https://cdn.metcash.media/image/upload/f_auto,c_limit,w_300,q_auto/igashop/images/939306"
Purina One Urinary Health Pet Food Adult Tract Chicken 70g,$1.90,$2.71/100g,"https://cdn.metcash.media/image/upload/f_auto,c_limit,w_300,q_auto/igashop/images/180000002353"
My Life Bio Cheese Dairy Free Cheddar Shred 200g,$9.00,$4.50/100g,"https://cdn.metcash.media/image/upload/f_auto,c_limit,w_300,q_auto/igashop/images/160000012555"
Palmolive Antibacterial Gentle Clean Liquid Hand Wash Refill 500mL,$4.50,$0.90/100mL,"https://cdn.metcash.media/image/upload/f_auto,c_limit,w_300,q_auto/igashop/images/341977"
Peters Drumstick Saucy Dulce De Leche 4 Pack,$9.50,$2.38 each,"https://cdn.metcash.media/image/upload/f_auto,c_limit,w_300,q_auto/igashop/images/180000005465"
Colgate Max White Toothbrush Medium with polishing star,$5.15,N/A,"https://cdn.metcash.media/image/upload/f_auto,c_limit,w_300,q_auto/igashop/images/14465"
Nature Valley Protein Bar Salted Caramel Nut 160g,$5.40,$3.38/100g,https://www.igashop.com.au/static/default-product-image.png
Angas Park Cranberry Soft & Juicy 140g,$5.10,$3.64/100g,"https://cdn.metcash.media/image/upload/f_auto,c_limit,w_300,q_auto/igashop/images/605208"
Libra Pads Extra Goodnights with Wings 10 Pack,$5.70,$0.57 each,"https://cdn.metcash.media/image/upload/f_auto,c_limit,w_300,q_auto/igashop/images/20000003325"
Cadbury Crunchie Chunks Bites Sharebag 260g,$7.50,$2.88/100g,"https://cdn.metcash.media/image/upload/f_auto,c_limit,w_300,q_auto/igashop/images/180000004516"
Nair Seaweed Leg Mask 227g,$16.85,$7.42/100g,"https://cdn.metcash.media/image/upload/f_auto,c_limit,w_300,q_auto/igashop/images/882952"
Pantene Miracles Keratin Smooth & Sleek Shampoo 375mL,$13.00,$3.47/100mL,"https://cdn.metcash.media/image/upload/f_auto,c_limit,w_300,q_auto/igashop/images/560827"
GARNIER Fructis Smoothing Macadamia Hair Food 390mL,$10.00,$2.56/100mL,"https://cdn.metcash.media/image/upload/f_auto,c_limit,w_300,q_auto/igashop/images/966963"
Philips Halogen Clear Round SBC Base 2 Pack,$8.00,$4.00 each,"https://cdn.metcash.media/image/upload/f_auto,c_limit,w_300,q_auto/igashop/images/712348"
Dolmio Extra Spicy Peppers Tomato Pasta Sauce 500g,$4.60,$0.92/100g,"https://cdn.metcash.media/image/upload/f_auto,c_limit,w_300,q_auto/igashop/images/390133"
Beerenberg Australian Orange Marmalade 300g,$6.15,$2.05/100g,"https://cdn.metcash.media/image/upload/f_auto,c_limit,w_300,q_auto/igashop/images/626775"
Chicken Tonight Sweet & Sour Simmer Sauce 520g,$3.50,$0.67/100g,"https://cdn.metcash.media/image/upload/f_auto,c_limit,w_300,q_auto/igashop/images/20000006825"
Mum Anti Perspirant Deodorant Dry Cool Pink All Day 50mL,$3.00,$6.00/100mL,"https://cdn.metcash.media/image/upload/f_auto,c_limit,w_300,q_auto/igashop/images/190000001342"
Cornetto Frozen Dessert Caramel 6 Pack,$5.90,$0.98 each,"https://cdn.metcash.media/image/upload/f_auto,c_limit,w_300,q_auto/igashop/images/1800000068352"
NIVEA MEN Invisible for Black and White Original Anti-Perspirant Roll-On 50mL,$2.50,$5.00/100mL,"https://cdn.metcash.media/image/upload/f_auto,c_limit,w_300,q_auto/igashop/images/302928"
Hercules Sustain Compostable Kitchen Tidy Bags Medium 18 Pack,$4.50,$0.25 each,https://www.igashop.com.au/static/default-product-image.png
Norco Lactose Free Milk 1L,$3.00,$3.00/1L,"https://cdn.metcash.media/image/upload/f_auto,c_limit,w_300,q_auto/igashop/images/8565"
Almond Medjool Date Rolls 227g,$9.90,$4.36/100g,https://www.igashop.com.au/static/default-product-image.png
Black & Gold Sardines In Tomato Sauce 125g,$1.00,$0.80/100g,"https://cdn.metcash.media/image/upload/f_auto,c_limit,w_300,q_auto/igashop/images/72332"
Tony's Chocolate Hazelnut Milk Chocolate 180g,$10.75,$5.97/100g,https://www.igashop.com.au/static/default-product-image.png
Sirena Tuna Marinated Vegetables 185g,$4.70,$2.54/100g,"https://cdn.metcash.media/image/upload/f_auto,c_limit,w_300,q_auto/igashop/images/306184"
Brut 72 Hour Original Anti Perspirant 130g,$9.50,$7.31/100g,https://www.igashop.com.au/static/default-product-image.png
Dulwich Bakery Lemon Surprise Cake 550g,$8.95,$1.63/100g,https://www.igashop.com.au/static/default-product-image.png
Werther's Original Chewy Toffees 135g,$5.20,$3.85/100g,"https://cdn.metcash.media/image/upload/f_auto,c_limit,w_300,q_auto/igashop/images/362473"
Golden Falafel Sesame Falafel 200g,$5.10,$2.55/100g,https://www.igashop.com.au/static/default-product-image.png
Armor All Air Freshener Island Oasis 2.5mL,$11.00,$440.00/100mL,"https://cdn.metcash.media/image/upload/f_auto,c_limit,w_300,q_auto/igashop/images/469432"
V Riise Energy Drink Blackcurrant 330mL,$3.00,$0.91/100mL,"https://cdn.metcash.media/image/upload/f_auto,c_limit,w_300,q_auto/igashop/images/180000005656"
Dari's Tomato Soup 550g,$8.00,$1.45/100g,https://www.igashop.com.au/static/default-product-image.png
Rafferty's Garden Strawberry Yoghurt Buttons 28g,$6.00,$21.43/100g,"https://cdn.metcash.media/image/upload/f_auto,c_limit,w_300,q_auto/igashop/images/345293"
Piksters Eco Bamboo Makeup Remover Pads 16 Pack,$16.30,$1.02 each,"https://cdn.metcash.media/image/upload/f_auto,c_limit,w_300,q_auto/igashop/images/522921"
The Pet Hub Pet Bowl Dual,$6.20,N/A,https://www.igashop.com.au/static/default-product-image.png
Rexona Travel Set For Women,$14.40,N/A,"https://cdn.metcash.media/image/upload/f_auto,c_limit,w_300,q_auto/igashop/images/45254"
Redheads Matches Handy Pack 90 Matches 3 Pack,$3.50,$1.17 each,"https://cdn.metcash.media/image/upload/f_auto,c_limit,w_300,q_auto/igashop/images/308610"
Diet Rite Pine Lime 1.25L,$1.50,$1.20/1L,"https://cdn.metcash.media/image/upload/f_auto,c_limit,w_300,q_auto/igashop/images/659176"
Hass Avocado,$2.00,N/A,"https://cdn.metcash.media/image/upload/f_auto,c_limit,w_300,q_auto/igashop/images/80050000"
Jase's Kitchen Drop Ins Garlic 90g,$4.00,$4.44/100g,"https://cdn.metcash.media/image/upload/f_auto,c_limit,w_300,q_auto/igashop/images/7147"
Bellamy's Organic Apple Snacks 6 Pack,$3.95,$0.66 each,"https://cdn.metcash.media/image/upload/f_auto,c_limit,w_300,q_auto/igashop/images/968177"
Cold Power Advanced Clean Clean & Smooth Washing Liquid Laundry Detergent 1.8L,$9.95,$5.53/1L,"https://cdn.metcash.media/image/upload/f_auto,c_limit,w_300,q_auto/igashop/images/806605"
Peckish Vegetable Rice Crackers Sweet Carrot 100g,$2.99,$2.99/100g,"https://cdn.metcash.media/image/upload/f_auto,c_limit,w_300,q_auto/igashop/images/20000007210"
Latina Fresh 8 Lasagne Sheets 375g,$6.00,$1.60/100g,"https://cdn.metcash.media/image/upload/f_auto,c_limit,w_300,q_auto/igashop/images/122014"
So Good Long Life Original Almond Milk 1L,$3.00,$3.00/1L,"https://cdn.metcash.media/image/upload/f_auto,c_limit,w_300,q_auto/igashop/images/321914"
McCormick Grill Mates Tennessee Smoke Rub 40g,$2.75,$6.88/100g,"https://cdn.metcash.media/image/upload/f_auto,c_limit,w_300,q_auto/igashop/images/190000003737"
Oates Microfibre Cleaning Kit 4 Pack,$7.50,$1.88 each,"https://cdn.metcash.media/image/upload/f_auto,c_limit,w_300,q_auto/igashop/images/317070"
Energizer Metal LED Torch,$11.00,N/A,"https://cdn.metcash.media/image/upload/f_auto,c_limit,w_300,q_auto/igashop/images/244065"
Half Pineapple,$2.95,N/A,"https://cdn.metcash.media/image/upload/f_auto,c_limit,w_300,q_auto/igashop/images/80050055"
Chobani No Sugar Added Greek Yogurt Strawberry 680g,$6.80,$1.00/100g,https://www.igashop.com.au/static/default-product-image.png
Lo Bros Not Soda Raspberry 375mL,$3.70,$0.99/100mL,"https://cdn.metcash.media/image/upload/f_auto,c_limit,w_300,q_auto/igashop/images/20000007182"
Cheer Cheese Light & Tasty Slices 750g,$14.00,$1.87/100g,"https://cdn.metcash.media/image/upload/f_auto,c_limit,w_300,q_auto/igashop/images/162014"
Dine Dome Chicken With Oceanfish In gavy 60g,$2.30,$3.83/100g,https://www.igashop.com.au/static/default-product-image.png
JC's Roasted Almonds 375g,$11.20,$2.99/100g,"https://cdn.metcash.media/image/upload/f_auto,c_limit,w_300,q_auto/igashop/images/180000000582"
Pea Beu Fast Killing Insect Spray Lemon 350g,$5.90,$1.69/100g,"https://cdn.metcash.media/image/upload/f_auto,c_limit,w_300,q_auto/igashop/images/64096"
Nestlé Milo Cereal 350g,$7.00,$2.00/100g,"https://cdn.metcash.media/image/upload/f_auto,c_limit,w_300,q_auto/igashop/images/642284"
SPC Two Fruits Diced in Juice 410g,$3.25,$0.79/100g,"https://cdn.metcash.media/image/upload/f_auto,c_limit,w_300,q_auto/igashop/images/391943"
Colgate Total Original Antibacterial Fluoride Toothpaste 200g,$6.00,$3.00/100g,"https://cdn.metcash.media/image/upload/f_auto,c_limit,w_300,q_auto/igashop/images/31187"
Original Source Tingly Mint & Tea Tree Shower Gel 250mL,$5.00,$2.00/100mL,"https://cdn.metcash.media/image/upload/f_auto,c_limit,w_300,q_auto/igashop/images/190000002239"
Smith's Baked Salt & Vinegar 130g,$4.80,$3.69/100g,"https://cdn.metcash.media/image/upload/f_auto,c_limit,w_300,q_auto/igashop/images/20000002476"
Purina One Adult Dry Coat & Hairball with Chicken Dry Cat Food Bag 450g,$7.80,$1.73/100g,"https://cdn.metcash.media/image/upload/f_auto,c_limit,w_300,q_auto/igashop/images/170000004697"
Fresh Press Laundry Bag,$3.00,N/A,"https://cdn.metcash.media/image/upload/f_auto,c_limit,w_300,q_auto/igashop/images/721779"
Mrs Brunts Chocolate Waffles 165g,$5.60,$3.39/100g,https://www.igashop.com.au/static/default-product-image.png
Herbert Adams Pies King Island Beef 2 Pack,$10.00,$5.00 each,"https://cdn.metcash.media/image/upload/f_auto,c_limit,w_300,q_auto/igashop/images/193471"
Nutino Hazelnut Spread Spread 220g,$5.10,$2.32/100g,"https://cdn.metcash.media/image/upload/f_auto,c_limit,w_300,q_auto/igashop/images/190000002927"
Kinder Easter Hollow figures 35g,$3.55,$10.14/100g,"https://cdn.metcash.media/image/upload/f_auto,c_limit,w_300,q_auto/igashop/images/190000009763"
Mother Energy Drink 4 Pack,$9.80,$2.45 each,"https://cdn.metcash.media/image/upload/f_auto,c_limit,w_300,q_auto/igashop/images/788970"
Mentos Mint 3 Pack,$3.10,$1.03 each,"https://cdn.metcash.media/image/upload/f_auto,c_limit,w_300,q_auto/igashop/images/657920"
Sandhurst Tomatoes Sundried Strips 125g,$4.50,$3.60/100g,"https://cdn.metcash.media/image/upload/f_auto,c_limit,w_300,q_auto/igashop/images/5493"
Sweet William Chocolate Dairy Free White Chocolate Delight 100g,$4.48,$4.48/100g,"https://cdn.metcash.media/image/upload/f_auto,c_limit,w_300,q_auto/igashop/images/160000014162"
La Zuppa Chicken & Veg with Rice 300g,$3.80,$1.27/100g,https://www.igashop.com.au/static/default-product-image.png
Bundaberg Sparkling Passionfruit Sparkling Drink 4 Pack,$6.30,$1.58 each,"https://cdn.metcash.media/image/upload/f_auto,c_limit,w_300,q_auto/igashop/images/388149"
Jasper Coffee Femenino Decaf Ground 250g,$22.50,$9.00/100g,https://www.igashop.com.au/static/default-product-image.png
Pilpel Hummous 200g,$5.50,$2.75/100g,"https://cdn.metcash.media/image/upload/f_auto,c_limit,w_300,q_auto/igashop/images/248"
Pacific West Samosas & Puffs 300g,$6.65,$2.22/100g,"https://cdn.metcash.media/image/upload/f_auto,c_limit,w_300,q_auto/igashop/images/315659"
Envirosafe Pantry Moth Trap 101g,$13.80,$13.66/100g,https://www.igashop.com.au/static/default-product-image.png
Pantene Pro-V Daily Moisture Renewal Conditioner 900mL,$20.00,$2.22/100mL,"https://cdn.metcash.media/image/upload/f_auto,c_limit,w_300,q_auto/igashop/images/343296"
Mr Chen's Prawn & Chive Wonton 240g,$8.50,$3.54/100g,"https://cdn.metcash.media/image/upload/f_auto,c_limit,w_300,q_auto/igashop/images/313597"
Mother Sugar Free Energy Drink 500mL,$3.30,$0.66/100mL,"https://cdn.metcash.media/image/upload/f_auto,c_limit,w_300,q_auto/igashop/images/357656"
Slape & Sons Texas Beef Burger 480g,$9.50,$1.98/100g,"https://cdn.metcash.media/image/upload/f_auto,c_limit,w_300,q_auto/igashop/images/20000004972"
Glad Snap Lock Sandwich Bags 30 Pack,$3.55,$0.12 each,"https://cdn.metcash.media/image/upload/f_auto,c_limit,w_300,q_auto/igashop/images/52340"
Colourhide Notebook Pocket 5 Pack,$7.25,$1.45 each,"https://cdn.metcash.media/image/upload/f_auto,c_limit,w_300,q_auto/igashop/images/180000006437"
Slush Puppie Blue Raspberry Pouch 250g,$3.90,$1.56/100g,https://www.igashop.com.au/static/default-product-image.png
MasterFoods Roast Lamb Seasoning 42g,$4.10,$9.76/100g,"https://cdn.metcash.media/image/upload/f_auto,c_limit,w_300,q_auto/igashop/images/170000002815"
Streets Bubble O'Bill Ice Cream Sticks 4 Pack,$6.00,$1.50 each,"https://cdn.metcash.media/image/upload/f_auto,c_limit,w_300,q_auto/igashop/images/20000004172"
Black & Gold Tape Sticky 66m,$1.50,N/A,https://www.igashop.com.au/static/default-product-image.png
Diet Rite Cordial Lemon 1L,$3.50,$3.50/1L,"https://cdn.metcash.media/image/upload/f_auto,c_limit,w_300,q_auto/igashop/images/861090"
Whiskas 1+ Wet Cat Food with Mixed Favourites In Jelly 12 Pack,$10.40,$0.87 each,"https://cdn.metcash.media/image/upload/f_auto,c_limit,w_300,q_auto/igashop/images/64698"
In A Biskit Sweet Chilli Philadelphia 145g,$2.50,$1.72/100g,"https://cdn.metcash.media/image/upload/f_auto,c_limit,w_300,q_auto/igashop/images/180000005606"
Palmer’s Cocoa Butter Formula with Vitamin E Body Lotion 250mL,$9.00,$3.60/100mL,"https://cdn.metcash.media/image/upload/f_auto,c_limit,w_300,q_auto/igashop/images/180000002019"
Colgate Peppa Pig Kids Toothbrush Extra Soft 2-5 Years,$3.50,N/A,"https://cdn.metcash.media/image/upload/f_auto,c_limit,w_300,q_auto/igashop/images/404262"
Darlac Tool Super Ratchet Pruner,$19.95,N/A,"https://cdn.metcash.media/image/upload/f_auto,c_limit,w_300,q_auto/igashop/images/874687"
Chobani No Sugar Added Greek Yoghurt Vanilla Bean 680g,$6.80,$1.00/100g,"https://cdn.metcash.media/image/upload/f_auto,c_limit,w_300,q_auto/igashop/images/160000018313"
Fry's Rice Protein & Chia Nugget 240g,$7.10,$2.96/100g,https://www.igashop.com.au/static/default-product-image.png
Jalna Whole Milk Yoghurt Lactose Free Natural 1kg,$8.90,$8.90/kg,"https://cdn.metcash.media/image/upload/f_auto,c_limit,w_300,q_auto/igashop/images/457058"
Lindt Fruit Sensation Blueberry & Acai 150g,$5.00,$3.33/100g,"https://cdn.metcash.media/image/upload/f_auto,c_limit,w_300,q_auto/igashop/images/375010"
McKenzie's Whole Mung Beans 375g,$2.25,$0.60/100g,"https://cdn.metcash.media/image/upload/f_auto,c_limit,w_300,q_auto/igashop/images/180000005531"
Nestlé Chokito Chocolate Block 170g,$7.50,$4.41/100g,"https://cdn.metcash.media/image/upload/f_auto,c_limit,w_300,q_auto/igashop/images/568529"
Eveready Black Super Heavy Duty 9V 2 Pack,$13.30,$6.65 each,"https://cdn.metcash.media/image/upload/f_auto,c_limit,w_300,q_auto/igashop/images/814771"
John West Salmon Fillets with Lemon Pepper 100g,$2.00,$2.00/100g,"https://cdn.metcash.media/image/upload/f_auto,c_limit,w_300,q_auto/igashop/images/180000003430"
Arnott's Biscuits Gluten Free Cookies & Cream 120g,$5.50,$4.58/100g,"https://cdn.metcash.media/image/upload/f_auto,c_limit,w_300,q_auto/igashop/images/180000005541"
Pine O Cleen Antibacterial Disinfectant Lemon Lime 1.25L,$5.40,$4.32/1L,"https://cdn.metcash.media/image/upload/f_auto,c_limit,w_300,q_auto/igashop/images/71569"
Carefree Organic Liner Original 30 Pack,$7.65,$0.25 each,https://www.igashop.com.au/static/default-product-image.png
Heinz 8 Months+ Mango & Vanilla Custard 120g,$1.70,$1.42/100g,"https://cdn.metcash.media/image/upload/f_auto,c_limit,w_300,q_auto/igashop/images/343458"
KitKat Kris Kringle Giftbox 227g,$10.00,$4.41/100g,"https://cdn.metcash.media/image/upload/f_auto,c_limit,w_300,q_auto/igashop/images/1800000070187"
Hemp Black Label 500mL,$4.00,$0.80/100mL,"https://cdn.metcash.media/image/upload/f_auto,c_limit,w_300,q_auto/igashop/images/20000003806"
Lays Sour Cream & Chives Stax 105g,$4.10,$3.90/100g,https://www.igashop.com.au/static/default-product-image.png
Devondale Mozzarella Cheese Shredded 600g,$10.80,$1.80/100g,"https://cdn.metcash.media/image/upload/f_auto,c_limit,w_300,q_auto/igashop/images/177674"
Mortein Powergard Multi Insect Spray Refill 154g,$10.00,$6.49/100g,"https://cdn.metcash.media/image/upload/f_auto,c_limit,w_300,q_auto/igashop/images/740545"
Nestlé Crunch Chocolate Block 170g,$5.25,$3.09/100g,"https://cdn.metcash.media/image/upload/f_auto,c_limit,w_300,q_auto/igashop/images/370036"
Korbond Balloon Smiley 20 Pack,$3.15,$0.16 each,"https://cdn.metcash.media/image/upload/f_auto,c_limit,w_300,q_auto/igashop/images/248616"
Gold Gourmet Seafood Cocktail Sauce 500mL,$10.50,$2.10/100mL,https://www.igashop.com.au/static/default-product-image.png
Nice & Natural Chocolate Nut Bars Salted Caramel 6 Pack,$5.50,$0.92 each,"https://cdn.metcash.media/image/upload/f_auto,c_limit,w_300,q_auto/igashop/images/180000004616"
Eclipse Spearmint Mints Sugar Free Large Tin 40g,$3.60,$9.00/100g,"https://cdn.metcash.media/image/upload/f_auto,c_limit,w_300,q_auto/igashop/images/440598"
Kenilworth Fetta Cheese 165g,$7.95,$4.82/100g,"https://cdn.metcash.media/image/upload/f_auto,c_limit,w_300,q_auto/igashop/images/20000004278"
Decor Match Ups Clips Tall Square 3L,$10.50,N/A,"https://cdn.metcash.media/image/upload/f_auto,c_limit,w_300,q_auto/igashop/images/946316"
Valcom Authentic Thai Red Curry Paste 210g,$4.30,$2.05/100g,"https://cdn.metcash.media/image/upload/f_auto,c_limit,w_300,q_auto/igashop/images/2997"
Chris' Dips Spring Onion 200g,$4.75,$2.38/100g,"https://cdn.metcash.media/image/upload/f_auto,c_limit,w_300,q_auto/igashop/images/118138"
Rosella Tomato Sauce Squeezie 500mL,$3.80,$0.76/100mL,"https://cdn.metcash.media/image/upload/f_auto,c_limit,w_300,q_auto/igashop/images/409848"
Bosisto's Bathroom & Shower Cleaner 500mL,$5.50,$1.10/100mL,"https://cdn.metcash.media/image/upload/f_auto,c_limit,w_300,q_auto/igashop/images/682598"
Bulla Goodness Vanilla Muesli 170g,$4.35,$2.56/100g,https://www.igashop.com.au/static/default-product-image.png
Simply Potato Chips Tangy Herb And Spice 120g,$3.75,$3.13/100g,"https://cdn.metcash.media/image/upload/f_auto,c_limit,w_300,q_auto/igashop/images/539863"
Arnott's Vita-Weat Cracker Multigrain 140g,$2.00,$1.43/100g,"https://cdn.metcash.media/image/upload/f_auto,c_limit,w_300,q_auto/igashop/images/10741"
Sorbent Toilet Tissue Ultra Air White 16 Pack,$10.80,$0.68 each,"https://cdn.metcash.media/image/upload/f_auto,c_limit,w_300,q_auto/igashop/images/561501"
Golden Circle Refreshers Berry Burst 1L,$3.55,$3.55/1L,"https://cdn.metcash.media/image/upload/f_auto,c_limit,w_300,q_auto/igashop/images/190000010305"
Ziploc Freezer Bag Medium 19 Pack,$4.55,$0.24 each,"https://cdn.metcash.media/image/upload/f_auto,c_limit,w_300,q_auto/igashop/images/649278"
Primo Reserve Ham Off The Bone 100g,$5.80,$5.80/100g,"https://cdn.metcash.media/image/upload/f_auto,c_limit,w_300,q_auto/igashop/images/180000005257"
MasterFoods Herbs & Spices Bay Leaves 2g,$3.90,$195.00/100g,"https://cdn.metcash.media/image/upload/f_auto,c_limit,w_300,q_auto/igashop/images/803610"
Byron Bay Muesli Gluten Free with Prebiotics 350g,$15.95,$4.56/100g,"https://cdn.metcash.media/image/upload/f_auto,c_limit,w_300,q_auto/igashop/images/160000012087"
Fanta Pineapple Zero Sugar 1.25L,$2.00,$1.60/1L,"https://cdn.metcash.media/image/upload/f_auto,c_limit,w_300,q_auto/igashop/images/180000002413"
Community Co Spotty Cookies 250g,$6.50,$2.60/100g,"https://cdn.metcash.media/image/upload/f_auto,c_limit,w_300,q_auto/igashop/images/245142"
Huggies Ultra Dry Nappy Pants Girl Size 3 (6-12kg) 36 Pack,$13.00,$0.36 each,"https://cdn.metcash.media/image/upload/f_auto,c_limit,w_300,q_auto/igashop/images/170000002417"
Brubecks Thai Beef & Noodle Salad 280g,$10.95,$3.91/100g,"https://cdn.metcash.media/image/upload/f_auto,c_limit,w_300,q_auto/igashop/images/20000006060"
Whiskas 1+ Years Favourites With Beef In Jelly Wet Cat Food Pouch 12 Pack,$13.00,$1.08 each,"https://cdn.metcash.media/image/upload/f_auto,c_limit,w_300,q_auto/igashop/images/845612"
Community Co Strawberry Flavoured Jelly Crystals 85g,$1.30,$1.53/100g,"https://cdn.metcash.media/image/upload/f_auto,c_limit,w_300,q_auto/igashop/images/414505"
Only Juice Co. Classic Apple 2L,$6.50,$3.25/1L,"https://cdn.metcash.media/image/upload/f_auto,c_limit,w_300,q_auto/igashop/images/160000017626"
Vileda Mop Super Microfibre Tx Handle,$16.00,N/A,"https://cdn.metcash.media/image/upload/f_auto,c_limit,w_300,q_auto/igashop/images/255396"
Mirabella LED Globe GLS Bayonet Cap 5.5W Cool White,$3.60,N/A,"https://cdn.metcash.media/image/upload/f_auto,c_limit,w_300,q_auto/igashop/images/223098"
Bundaberg Brewed Lemon & Watermelon 4 Pack,$4.95,$1.24 each,https://www.igashop.com.au/static/default-product-image.png
Movietime Popcorn Bag Multi Coloured 150g,$2.60,$1.73/100g,"https://cdn.metcash.media/image/upload/f_auto,c_limit,w_300,q_auto/igashop/images/341799"
Starbucks By Nespresso House Blend Coffee Pods 10 Pack,$6.50,$0.65 each,"https://cdn.metcash.media/image/upload/f_auto,c_limit,w_300,q_auto/igashop/images/926329"
Community Co Peach slices in Juice 410g,$1.65,$0.40/100g,"https://cdn.metcash.media/image/upload/f_auto,c_limit,w_300,q_auto/igashop/images/190000010627"
Schwarzkopf Got2B Glued 4 Brows & Edges 16mL,$25.00,$156.25/100mL,"https://cdn.metcash.media/image/upload/f_auto,c_limit,w_300,q_auto/igashop/images/218242"
Buderim Ginger Glacé 125g,$5.50,$4.40/100g,"https://cdn.metcash.media/image/upload/f_auto,c_limit,w_300,q_auto/igashop/images/8697"
McKenzie's Yeast 200g,$5.00,$2.50/100g,"https://cdn.metcash.media/image/upload/f_auto,c_limit,w_300,q_auto/igashop/images/529787"
Ingham's Marinated Frozen Whole Turkey 3.6kg,$35.20,$9.78/kg,https://www.igashop.com.au/static/default-product-image.png
CSR Raw Sugar 1kg,$2.50,$2.50/kg,"https://cdn.metcash.media/image/upload/f_auto,c_limit,w_300,q_auto/igashop/images/43090"
Pringles Minis Cheese 5 Pack 95g,$4.00,$4.21/100g,"https://cdn.metcash.media/image/upload/f_auto,c_limit,w_300,q_auto/igashop/images/1800000069654"
Cadbury Peanut Caramel Slice 170g,$4.00,$2.35/100g,"https://cdn.metcash.media/image/upload/f_auto,c_limit,w_300,q_auto/igashop/images/180000002384"
Mundella Honey Yoghurt 1kg,$7.50,$7.50/kg,"https://cdn.metcash.media/image/upload/f_auto,c_limit,w_300,q_auto/igashop/images/969762"
Jasper Coffee Nuigini Ground 250g,$15.95,$6.38/100g,https://www.igashop.com.au/static/default-product-image.png
Medihands Antibacterial Hand Sanitiser 250mL,$10.25,$4.10/100mL,"https://cdn.metcash.media/image/upload/f_auto,c_limit,w_300,q_auto/igashop/images/855780"
Philips Halogen Clear Candle SBC Base 2 Pack,$8.00,$4.00 each,"https://cdn.metcash.media/image/upload/f_auto,c_limit,w_300,q_auto/igashop/images/712262"
Trolli Christmas Stocking 220g,$6.00,$2.73/100g,https://www.igashop.com.au/static/default-product-image.png
Bondi Dairy Sesame Seed Bagels 400g,$6.65,$1.66/100g,https://www.igashop.com.au/static/default-product-image.png
Slape & Sons Directors Steak Sausages 480g,$9.00,$1.87/100g,"https://cdn.metcash.media/image/upload/f_auto,c_limit,w_300,q_auto/igashop/images/20000004967"
Sunbeam Pine Nuts 70g,$6.90,$9.86/100g,https://www.igashop.com.au/static/default-product-image.png
Cadbury Dairy Milk Marvellous Creations Jelly Popping Candy Chocolate Block 190g,$4.00,$2.11/100g,"https://cdn.metcash.media/image/upload/f_auto,c_limit,w_300,q_auto/igashop/images/461976"
Balfours Premium Apple & Spice Hot Cross Bun 6 Pack,$6.10,$1.02 each,"https://cdn.metcash.media/image/upload/f_auto,c_limit,w_300,q_auto/igashop/images/170355"
Kez's Kitchen Gluten Free Raspberry Moments 190g,$7.70,$4.05/100g,"https://cdn.metcash.media/image/upload/f_auto,c_limit,w_300,q_auto/igashop/images/9382"
Bosisto's Wool & Delicates Laundry Liquid 1.2L,$12.35,$10.29/1L,"https://cdn.metcash.media/image/upload/f_auto,c_limit,w_300,q_auto/igashop/images/936256"
Ben's Original Microwave Egg Fried Rice 250g,$2.00,$0.80/100g,"https://cdn.metcash.media/image/upload/f_auto,c_limit,w_300,q_auto/igashop/images/325646"
Fab Spice Desire Triple Capsules 48 Pack,$17.00,$0.35 each,https://www.igashop.com.au/static/default-product-image.png
Dim Sum & Co Pork Bun Steamed BBQ 225g,$10.99,$4.88/100g,"https://cdn.metcash.media/image/upload/f_auto,c_limit,w_300,q_auto/igashop/images/343021"
True Foods Garlic Naan Bread 250g,$4.00,$1.60/100g,"https://cdn.metcash.media/image/upload/f_auto,c_limit,w_300,q_auto/igashop/images/20000002500"
Yarrows Hot Cross Buns Chocolate 430g,$5.10,$1.19/100g,"https://cdn.metcash.media/image/upload/f_auto,c_limit,w_300,q_auto/igashop/images/20000002121"
Cheetos Cheese & Bacon Balls Party Bag 190g,$4.00,$2.11/100g,"https://cdn.metcash.media/image/upload/f_auto,c_limit,w_300,q_auto/igashop/images/780969"
Almo Almond Milk 1L,$7.95,$7.95/1L,"https://cdn.metcash.media/image/upload/f_auto,c_limit,w_300,q_auto/igashop/images/180000000657"
Chupa Chups Sugar Confectionery Advent Calendar 192g,$7.00,$3.65/100g,"https://cdn.metcash.media/image/upload/f_auto,c_limit,w_300,q_auto/igashop/images/790281"
Yates Zero Weed Kill Ready To Use 750mL,$17.15,$2.29/100mL,"https://cdn.metcash.media/image/upload/f_auto,c_limit,w_300,q_auto/igashop/images/251758"
Baker's Oven Dinner Roll White 6 Pack,$2.50,$0.42 each,"https://cdn.metcash.media/image/upload/f_auto,c_limit,w_300,q_auto/igashop/images/196916"
Red Bull Energy Drink Berry Sugar Free Edition 1000mL,$7.80,$0.78/100mL,https://www.igashop.com.au/static/default-product-image.png
Glad Snap Lock Resealable Large Sandwich Bags 30 Pack,$3.15,$0.10 each,"https://cdn.metcash.media/image/upload/f_auto,c_limit,w_300,q_auto/igashop/images/74444"
Nudie Juice Nothing But Tropical Breakfast Juice 2L,$7.60,$3.80/1L,"https://cdn.metcash.media/image/upload/f_auto,c_limit,w_300,q_auto/igashop/images/180000000074"
BabyLove Swim Pants Small 11 Pack,$12.00,$1.09 each,"https://cdn.metcash.media/image/upload/f_auto,c_limit,w_300,q_auto/igashop/images/966175"
Only Organic Bolognese Pasta 170g,$2.90,$1.71/100g,"https://cdn.metcash.media/image/upload/f_auto,c_limit,w_300,q_auto/igashop/images/937100"
Limes 90g,Final cost based on weight,$1.22/$13.50,"https://cdn.metcash.media/image/upload/f_auto,c_limit,w_300,q_auto/igashop/images/80060044"
Lamb Shanks 500g,Final cost based on weight,$7.50/$15.00,"https://cdn.metcash.media/image/upload/f_auto,c_limit,w_300,q_auto/igashop/images/80080034"
Twinings Extra Strong English Breakfast Tea Bags 80 Pack,$13.50,$0.17 each,"https://cdn.metcash.media/image/upload/f_auto,c_limit,w_300,q_auto/igashop/images/298132"
Activa Yoghurt Berries 4 Pack,$6.00,$1.50 each,"https://cdn.metcash.media/image/upload/f_auto,c_limit,w_300,q_auto/igashop/images/698625"
Kiwi Dubbin 80g,$4.15,$5.19/100g,"https://cdn.metcash.media/image/upload/f_auto,c_limit,w_300,q_auto/igashop/images/358762"
Ural Cranberry 20 Pack,$9.00,$0.45 each,"https://cdn.metcash.media/image/upload/f_auto,c_limit,w_300,q_auto/igashop/images/418465"
Harvest Snaps Salt & Vinegar 5 Pack,$3.00,$0.60 each,"https://cdn.metcash.media/image/upload/f_auto,c_limit,w_300,q_auto/igashop/images/150000007999"
OMO Sensitive Laundry Liquid Detergent Front & Top Loader 1L,$10.00,$10.00/1L,"https://cdn.metcash.media/image/upload/f_auto,c_limit,w_300,q_auto/igashop/images/625295"
Papa Joe's Banana Bread 500g,$7.30,$1.46/100g,"https://cdn.metcash.media/image/upload/f_auto,c_limit,w_300,q_auto/igashop/images/387868"
Pukka Elderberry & Echinacea with Elderflower 20 Pack,$9.00,$0.45 each,"https://cdn.metcash.media/image/upload/f_auto,c_limit,w_300,q_auto/igashop/images/190000002061"
Pedigree Casserole With Beef & Gravy Wet Dog Food Can 700g,$3.50,$0.50/100g,"https://cdn.metcash.media/image/upload/f_auto,c_limit,w_300,q_auto/igashop/images/316728"
Clearasil Ultra Rapid Treatment Cream 15mL,$14.80,$98.67/100mL,"https://cdn.metcash.media/image/upload/f_auto,c_limit,w_300,q_auto/igashop/images/13228"
King Island Dairy Lighthouse Blue Cheese 200g,$14.90,$7.45/100g,"https://cdn.metcash.media/image/upload/f_auto,c_limit,w_300,q_auto/igashop/images/422333"
Dilmah Extra Strength Tea 100 Pack,$8.40,$0.08 each,"https://cdn.metcash.media/image/upload/f_auto,c_limit,w_300,q_auto/igashop/images/630407"
Nestlé KitKat Milk Chocolate Block 160g,$7.50,$4.69/100g,"https://cdn.metcash.media/image/upload/f_auto,c_limit,w_300,q_auto/igashop/images/370117"
Four 'N Twenty Sausage Roll Party 12 Pack,$9.00,$0.75 each,"https://cdn.metcash.media/image/upload/f_auto,c_limit,w_300,q_auto/igashop/images/132700"
Chang's Long Life Noodles 250g,$1.90,$0.76/100g,"https://cdn.metcash.media/image/upload/f_auto,c_limit,w_300,q_auto/igashop/images/92560"
Double D Barley Sugar 200g,$2.45,$1.23/100g,https://www.igashop.com.au/static/default-product-image.png
Cadbury Freddo Cake 1.5L,$17.00,$11.33/1L,"https://cdn.metcash.media/image/upload/f_auto,c_limit,w_300,q_auto/igashop/images/731075"
Hubba Bubba Outrageously Original Bubble Gum Chunk 5 Piece 35g,$1.55,$4.43/100g,"https://cdn.metcash.media/image/upload/f_auto,c_limit,w_300,q_auto/igashop/images/396299"
Oak Rolo Flavoured Milk 600mL,$4.20,$0.70/100mL,"https://cdn.metcash.media/image/upload/f_auto,c_limit,w_300,q_auto/igashop/images/180000006364"
Rexona Advanced Protection Antiperspirant Roll On Invisible Pure 50mL,$2.75,$5.50/100mL,"https://cdn.metcash.media/image/upload/f_auto,c_limit,w_300,q_auto/igashop/images/325308"
Kellogg's Pop Tarts Frosted Chocotastic 384g,$7.00,$1.82/100g,"https://cdn.metcash.media/image/upload/f_auto,c_limit,w_300,q_auto/igashop/images/820942"
Sara Lee Ice Cream Rich Ultra Chocolate 1L,$7.20,$7.20/1L,"https://cdn.metcash.media/image/upload/f_auto,c_limit,w_300,q_auto/igashop/images/101767"
KB Seafood Raw Prawns Tail Off 500g,$17.00,$3.40/100g,https://www.igashop.com.au/static/default-product-image.png
Loco Dairy Free Sour Creamy 200mL,$3.80,$1.90/100mL,"https://cdn.metcash.media/image/upload/f_auto,c_limit,w_300,q_auto/igashop/images/20000005142"
Mighty Soft White Toast 700g,$3.90,$0.56/100g,"https://cdn.metcash.media/image/upload/f_auto,c_limit,w_300,q_auto/igashop/images/860418"
Gimme Organic Roasted Seaweed Teriyaki 6 Pack,$10.95,$1.83 each,"https://cdn.metcash.media/image/upload/f_auto,c_limit,w_300,q_auto/igashop/images/180000001575"
Philadelphia Cream Cheese Sriracha Spread 130g,$3.60,$2.77/100g,"https://cdn.metcash.media/image/upload/f_auto,c_limit,w_300,q_auto/igashop/images/1800000069071"
The Juice Lab Wellness Shot Digest 60mL,$2.50,$4.17/100mL,"https://cdn.metcash.media/image/upload/f_auto,c_limit,w_300,q_auto/igashop/images/180000005878"
Nice & Natural Dark Chocolate Protein Bar 165g,$6.50,$3.94/100g,"https://cdn.metcash.media/image/upload/f_auto,c_limit,w_300,q_auto/igashop/images/977883"
Tabasco Chilli Sauce Sweet & Spicy 256mL,$1.80,$0.70/100mL,https://www.igashop.com.au/static/default-product-image.png
Tyrrell's Salt & Vinegar Potato Chips 165g,$3.80,$2.30/100g,"https://cdn.metcash.media/image/upload/f_auto,c_limit,w_300,q_auto/igashop/images/675258"
Fussy Cat Mince & Jelly 12 Pack,$11.00,$0.92 each,"https://cdn.metcash.media/image/upload/f_auto,c_limit,w_300,q_auto/igashop/images/32947"
Gotzinger American Rindless Bacon 400g,$12.55,$3.14/100g,"https://cdn.metcash.media/image/upload/f_auto,c_limit,w_300,q_auto/igashop/images/225707"
Thomas Salt & Pepper Squid 500g,$15.90,$3.18/100g,"https://cdn.metcash.media/image/upload/f_auto,c_limit,w_300,q_auto/igashop/images/180000001671"
ViledaAnsell Siverlined Pink Gloves Medium,$3.60,N/A,"https://cdn.metcash.media/image/upload/f_auto,c_limit,w_300,q_auto/igashop/images/274308"
Buderim Ginger Original Ginger Beer 4 Pack,$7.29,$1.82 each,"https://cdn.metcash.media/image/upload/f_auto,c_limit,w_300,q_auto/igashop/images/20000005191"
Valley Produce Co. Artisan Crackers Beetroot 130g,$5.00,$3.85/100g,"https://cdn.metcash.media/image/upload/f_auto,c_limit,w_300,q_auto/igashop/images/20000007261"
Bakers Oven Croissants 189g,$2.60,$1.38/100g,"https://cdn.metcash.media/image/upload/f_auto,c_limit,w_300,q_auto/igashop/images/646908"
Lenards Chicken Mild Mexican Enchiladas 500g,$16.00,$3.20/100g,"https://cdn.metcash.media/image/upload/f_auto,c_limit,w_300,q_auto/igashop/images/581941"
Street Kitchen Coconut Chicken Chettinad 255g,$5.90,$2.31/100g,"https://cdn.metcash.media/image/upload/f_auto,c_limit,w_300,q_auto/igashop/images/742209"
Black & Gold Caster Sugar 1kg,$2.20,$2.20/kg,"https://cdn.metcash.media/image/upload/f_auto,c_limit,w_300,q_auto/igashop/images/43155"
Handee Pro Paper Towels Double Length White 2 Pack,$8.00,$4.00 each,"https://cdn.metcash.media/image/upload/f_auto,c_limit,w_300,q_auto/igashop/images/642386"
Tetley Extra Strong 50 Pack,$4.30,$0.09 each,https://www.igashop.com.au/static/default-product-image.png
Copyright A4 Copy Paper,$6.00,N/A,"https://cdn.metcash.media/image/upload/f_auto,c_limit,w_300,q_auto/igashop/images/766740"
Mr Chen's Beef Teriyaki Dumplings 300g,$7.30,$2.43/100g,https://www.igashop.com.au/static/default-product-image.png
Youfoodz Shredded Beef Ravioli With Tomato Ragu 310g,$11.00,$3.55/100g,"https://cdn.metcash.media/image/upload/f_auto,c_limit,w_300,q_auto/igashop/images/655606"
Queen Vanilla Extract 99% Sugar Free Alcohol Free 100mL,$8.00,$8.00/100mL,https://www.igashop.com.au/static/default-product-image.png
Maggie Beer Products Cheddar Caramelised Onion 150g,$6.50,$4.33/100g,"https://cdn.metcash.media/image/upload/f_auto,c_limit,w_300,q_auto/igashop/images/337313"
Ribena Fruit Drink Blackcurrant 2.4L,$6.00,$2.50/1L,"https://cdn.metcash.media/image/upload/f_auto,c_limit,w_300,q_auto/igashop/images/953994"
Cobram Estate Garlic Infused Extra Virgin Olive Oil 225g,$9.50,$4.22/100g,"https://cdn.metcash.media/image/upload/f_auto,c_limit,w_300,q_auto/igashop/images/413729"
Glad To Be Green 50% Plant Based Cling Wrap 50m,$6.00,N/A,"https://cdn.metcash.media/image/upload/f_auto,c_limit,w_300,q_auto/igashop/images/884755"
Fitzco Home Style Chicken Burgers 500g,$6.20,$1.24/100g,"https://cdn.metcash.media/image/upload/f_auto,c_limit,w_300,q_auto/igashop/images/442281"
Dine Classic Collection Chunks In Gravy Meat 24 Pack,$26.00,$1.08 each,"https://cdn.metcash.media/image/upload/f_auto,c_limit,w_300,q_auto/igashop/images/410006"
Thomas Prawn Cutlet 500g,$19.40,$3.88/100g,"https://cdn.metcash.media/image/upload/f_auto,c_limit,w_300,q_auto/igashop/images/180000001681"
Listerine Pocketmist Coolmint 7.7mL,$9.50,$123.38/100mL,"https://cdn.metcash.media/image/upload/f_auto,c_limit,w_300,q_auto/igashop/images/522235"
Cracker Barrel Block Extra Sharp 250g,$7.00,$2.80/100g,"https://cdn.metcash.media/image/upload/f_auto,c_limit,w_300,q_auto/igashop/images/100575"
Jen's Traditional Jam Drops 300g,$10.50,$3.50/100g,https://www.igashop.com.au/static/default-product-image.png
Marbig Name Pencil Case,$4.65,N/A,"https://cdn.metcash.media/image/upload/f_auto,c_limit,w_300,q_auto/igashop/images/271156"
Nature Valley Bar Oaty & Crispy Honey 5 Pack,$5.60,$1.12 each,"https://cdn.metcash.media/image/upload/f_auto,c_limit,w_300,q_auto/igashop/images/180000004598"
Community Co Coleslaw Salad Kit 500g,$5.00,$1.00/100g,"https://cdn.metcash.media/image/upload/f_auto,c_limit,w_300,q_auto/igashop/images/614794"
Mortein Peaceful Nights Automatic Plug In Refill Mosquito and Fly Repellent 2.57mL,$14.00,$544.75/100mL,"https://cdn.metcash.media/image/upload/f_auto,c_limit,w_300,q_auto/igashop/images/419319"
Pantene Pro-V Sheer Volume Conditioner 375mL,$5.00,$1.33/100mL,"https://cdn.metcash.media/image/upload/f_auto,c_limit,w_300,q_auto/igashop/images/780613"
Tena Pads Extra Standard Length 12 Pack,$6.30,$0.52 each,"https://cdn.metcash.media/image/upload/f_auto,c_limit,w_300,q_auto/igashop/images/680834"
Praise Dressings Thousand Island 330mL,$3.00,$0.91/100mL,"https://cdn.metcash.media/image/upload/f_auto,c_limit,w_300,q_auto/igashop/images/365086"
Huy Fong Sriracha Hot Chilli Sauce 740mL,$9.80,$1.32/100mL,"https://cdn.metcash.media/image/upload/f_auto,c_limit,w_300,q_auto/igashop/images/600363"
Continental Snack Pot Cheesy Rice 79g,$3.00,$3.80/100g,"https://cdn.metcash.media/image/upload/f_auto,c_limit,w_300,q_auto/igashop/images/886210"
Praise Caesar Salad Croutons 150g,$4.00,$2.67/100g,"https://cdn.metcash.media/image/upload/f_auto,c_limit,w_300,q_auto/igashop/images/75071"
Isocol Rubbing Alcohol Antiseptic 75mL,$6.50,$8.67/100mL,"https://cdn.metcash.media/image/upload/f_auto,c_limit,w_300,q_auto/igashop/images/727911"
Community Co Microwave Basmati Rice 250g,$1.80,$0.72/100g,"https://cdn.metcash.media/image/upload/f_auto,c_limit,w_300,q_auto/igashop/images/936560"
Queen Rose Pink Food Colour 50mL,$1.20,$2.40/100mL,"https://cdn.metcash.media/image/upload/f_auto,c_limit,w_300,q_auto/igashop/images/352279"
Maximus Sports Drink Grape Flavour 1L,$2.80,$2.80/1L,"https://cdn.metcash.media/image/upload/f_auto,c_limit,w_300,q_auto/igashop/images/468740"
Carman's Muesli Original 875g,$9.90,$1.13/100g,"https://cdn.metcash.media/image/upload/f_auto,c_limit,w_300,q_auto/igashop/images/866935"
Mr Sheen Surface Cleaner Polish Trigger Spray 375mL,$8.00,$2.13/100mL,"https://cdn.metcash.media/image/upload/f_auto,c_limit,w_300,q_auto/igashop/images/485381"
Cocobella Coffee Coconut Water 1L,$2.75,$2.75/1L,https://www.igashop.com.au/static/default-product-image.png
Piksters Junior Basic Oral Care Kit,$6.99,N/A,"https://cdn.metcash.media/image/upload/f_auto,c_limit,w_300,q_auto/igashop/images/832562"
"Mount Franklin Lightly Sparkling Water Raspberry, Multipack Cans 10 Pack",$10.50,$1.05 each,"https://cdn.metcash.media/image/upload/f_auto,c_limit,w_300,q_auto/igashop/images/757974"
Fussy Cat With Fish Crunchers Dry Cat Food 100g,$3.00,$3.00/100g,"https://cdn.metcash.media/image/upload/f_auto,c_limit,w_300,q_auto/igashop/images/413198"
Palmolive Naturals Vibrant Colour Conditioner Avocado 350mL,$6.00,$1.71/100mL,"https://cdn.metcash.media/image/upload/f_auto,c_limit,w_300,q_auto/igashop/images/160000001987"
Dine Melting Soup Tuna & Chicken Wet Cat Food Treat 40g,$1.70,$4.25/100g,"https://cdn.metcash.media/image/upload/f_auto,c_limit,w_300,q_auto/igashop/images/409712"
Handee Anti-Bacterial Wipes Orange Scent 100 Pack,$10.30,$0.10 each,"https://cdn.metcash.media/image/upload/f_auto,c_limit,w_300,q_auto/igashop/images/170000000844"
Devondale Semi Skim Long Life Milk 1L,$2.20,$2.20/1L,"https://cdn.metcash.media/image/upload/f_auto,c_limit,w_300,q_auto/igashop/images/315510"
Primo Reserve Tuscan Salami & Gouda 45g,$4.50,$10.00/100g,"https://cdn.metcash.media/image/upload/f_auto,c_limit,w_300,q_auto/igashop/images/1800000068251"
Praise Balsamic Dressing Fat Free & 25% Less Sugar 330mL,$3.60,$1.09/100mL,"https://cdn.metcash.media/image/upload/f_auto,c_limit,w_300,q_auto/igashop/images/20000003096"
Jumpy's Chicken Chips 5 Pack,$3.50,$0.70 each,"https://cdn.metcash.media/image/upload/f_auto,c_limit,w_300,q_auto/igashop/images/798637"
Piranha Vege Crackers Barbeque 100g,$4.50,$4.50/100g,"https://cdn.metcash.media/image/upload/f_auto,c_limit,w_300,q_auto/igashop/images/160000014145"
Jelly Belly Hanging 3D Gel Very Cherry,$7.00,N/A,https://www.igashop.com.au/static/default-product-image.png
PureHarvest Almond Milk Unsweetened 1L,$3.40,$3.40/1L,"https://cdn.metcash.media/image/upload/f_auto,c_limit,w_300,q_auto/igashop/images/828050"
LifeStyle Bakery Soft'n'Light Gluten Free Fruit Loaf 500g,$6.50,$1.30/100g,"https://cdn.metcash.media/image/upload/f_auto,c_limit,w_300,q_auto/igashop/images/716355"
Elastoplast Plastic Strips 40 Pack,$3.90,$0.10 each,"https://cdn.metcash.media/image/upload/f_auto,c_limit,w_300,q_auto/igashop/images/620290"
Ayam Plum Sauce 210mL,$3.60,$1.71/100mL,"https://cdn.metcash.media/image/upload/f_auto,c_limit,w_300,q_auto/igashop/images/456803"
Viva Select-A-Size Paper Towel 3 Pack,$3.50,$1.17 each,"https://cdn.metcash.media/image/upload/f_auto,c_limit,w_300,q_auto/igashop/images/160000003607"
Ayam Coconut Milk Light 270mL,$4.00,$1.48/100mL,"https://cdn.metcash.media/image/upload/f_auto,c_limit,w_300,q_auto/igashop/images/984911"
Green's Mini Chocolate Chip Biscuits 8 Pack,$4.20,$0.53 each,"https://cdn.metcash.media/image/upload/f_auto,c_limit,w_300,q_auto/igashop/images/321516"
"Cockle Bay Steak, Cheese & Bacon Pie 2 Pack",$9.20,$4.60 each,"https://cdn.metcash.media/image/upload/f_auto,c_limit,w_300,q_auto/igashop/images/180000002542"
Darrell Lea Mum's Gift Pack 900g,$17.29,$1.92/100g,https://www.igashop.com.au/static/default-product-image.png
Deeko Bendu Paper Straws 40 Pack,$4.20,$0.11 each,"https://cdn.metcash.media/image/upload/f_auto,c_limit,w_300,q_auto/igashop/images/180000004736"
Tommee Tippee Transition Cup,$12.30,N/A,"https://cdn.metcash.media/image/upload/f_auto,c_limit,w_300,q_auto/igashop/images/979788"
Razzamatazz Ladder Resist Black Size XTall,$6.00,N/A,"https://cdn.metcash.media/image/upload/f_auto,c_limit,w_300,q_auto/igashop/images/959474"
Kikkoman Gluten Free Sauce Oyster Flavoured 245g,$3.40,$1.39/100g,https://www.igashop.com.au/static/default-product-image.png
Uncle Tobys Chewy White Choc Chip Bars 6 Pack,$5.50,$0.92 each,"https://cdn.metcash.media/image/upload/f_auto,c_limit,w_300,q_auto/igashop/images/435190"
Continental Cup A Soup Creamy Chicken With Croutons 2 Pack,$2.80,$1.40 each,"https://cdn.metcash.media/image/upload/f_auto,c_limit,w_300,q_auto/igashop/images/9012"
The Natural Confectionery Co. 50% Low Sugar Snakes 130g,$3.50,$2.69/100g,"https://cdn.metcash.media/image/upload/f_auto,c_limit,w_300,q_auto/igashop/images/668183"
Sunsilk Biotin Conditioner Longer & Stronger 350mL,$7.50,$2.14/100mL,"https://cdn.metcash.media/image/upload/f_auto,c_limit,w_300,q_auto/igashop/images/618167"
Fantastic Delites Snacks Sea Salt & Balsamic Vinegar 100g,$2.80,$2.80/100g,"https://cdn.metcash.media/image/upload/f_auto,c_limit,w_300,q_auto/igashop/images/351930"
Moccona Coffee Sachets Double Shot Latte 10 Pack,$3.95,$0.40 each,"https://cdn.metcash.media/image/upload/f_auto,c_limit,w_300,q_auto/igashop/images/20000000149"
Chris' Dips Spicy Capsicum 200g,$4.75,$2.38/100g,"https://cdn.metcash.media/image/upload/f_auto,c_limit,w_300,q_auto/igashop/images/118104"
Youfoodz Pink Collagen Glow 350mL,$4.40,$1.26/100mL,"https://cdn.metcash.media/image/upload/f_auto,c_limit,w_300,q_auto/igashop/images/180000006567"
Kirks Lime & Soda Multipack Cans 6 Pack,$6.20,$1.03 each,"https://cdn.metcash.media/image/upload/f_auto,c_limit,w_300,q_auto/igashop/images/210757"
Sour Patch Kids Watermelon Lollies 190g,$5.00,$2.63/100g,"https://cdn.metcash.media/image/upload/f_auto,c_limit,w_300,q_auto/igashop/images/694317"
The Cobbler Company Boot Laces Athletic White 1 Pair 120cm 8/10 Eyelets,$3.30,N/A,https://www.igashop.com.au/static/default-product-image.png
La Tosca Spinach & Ricotta Gnocchi 500g,$6.30,$1.26/100g,"https://cdn.metcash.media/image/upload/f_auto,c_limit,w_300,q_auto/igashop/images/8560"
Toblerone Orange Twist 360g,$10.00,$2.78/100g,"https://cdn.metcash.media/image/upload/f_auto,c_limit,w_300,q_auto/igashop/images/611584"
Heinz Garlic Aioli Lovers 500mL,$5.00,$1.00/100mL,"https://cdn.metcash.media/image/upload/f_auto,c_limit,w_300,q_auto/igashop/images/661181"
Icare Wipex Absorbent Recycled Pick A Size Paper Towel 3 Pack,$4.50,$1.50 each,"https://cdn.metcash.media/image/upload/f_auto,c_limit,w_300,q_auto/igashop/images/150000007986"
John West Pink Salmon 105g,$4.00,$3.81/100g,"https://cdn.metcash.media/image/upload/f_auto,c_limit,w_300,q_auto/igashop/images/17803"
Dilmah Earl Grey Tea Bags 50 Pack,$7.00,$0.14 each,"https://cdn.metcash.media/image/upload/f_auto,c_limit,w_300,q_auto/igashop/images/63626"
John West Skin & Boneless Salmon In Oil 130g,$3.80,$2.92/100g,"https://cdn.metcash.media/image/upload/f_auto,c_limit,w_300,q_auto/igashop/images/360706"
Community Co Garlic Aioli 250mL,$2.50,$1.00/100mL,"https://cdn.metcash.media/image/upload/f_auto,c_limit,w_300,q_auto/igashop/images/190000010599"
Only Organic Banana Biscotti 100g,$5.00,$5.00/100g,"https://cdn.metcash.media/image/upload/f_auto,c_limit,w_300,q_auto/igashop/images/936939"
Glad Snap Lock Snack Bags 60 Pack,$3.15,$0.05 each,"https://cdn.metcash.media/image/upload/f_auto,c_limit,w_300,q_auto/igashop/images/636623"
Roza's Gourmet Red Pesto 240mL,$10.50,$4.38/100mL,"https://cdn.metcash.media/image/upload/f_auto,c_limit,w_300,q_auto/igashop/images/160000012420"
Campbell's Soup Condensed Rich Tomato 430g,$2.20,$0.51/100g,"https://cdn.metcash.media/image/upload/f_auto,c_limit,w_300,q_auto/igashop/images/339051"
Nestlé Butter-Menthol Liquid Centres Honey & Lemon 10 Pack,$2.70,$0.27 each,"https://cdn.metcash.media/image/upload/f_auto,c_limit,w_300,q_auto/igashop/images/38985"
Annabel Karmel Spaghetti & Meatballs 200g,$4.30,$2.15/100g,"https://cdn.metcash.media/image/upload/f_auto,c_limit,w_300,q_auto/igashop/images/957074"
MasterFoods Creamy Herb Garlic Potato Bake 175g,$2.70,$1.54/100g,"https://cdn.metcash.media/image/upload/f_auto,c_limit,w_300,q_auto/igashop/images/371786"
Great Northern Brewing Co. Zero Can 6 Pack,$11.70,$1.95 each,"https://cdn.metcash.media/image/upload/f_auto,c_limit,w_300,q_auto/igashop/images/6600589"
Impressed Green Supreme Juice 1L,$4.80,$4.80/1L,"https://cdn.metcash.media/image/upload/f_auto,c_limit,w_300,q_auto/igashop/images/8868"
Ajax Eco Antibacterial Disinfectant Cleaning Wipes Lavender 110 Pack,$9.00,$0.08 each,"https://cdn.metcash.media/image/upload/f_auto,c_limit,w_300,q_auto/igashop/images/815141"
BSc Bodyscience High Protein Low Carb Mousse Bar G Caramel Hokey Pokey 55g,$5.00,$9.09/100g,"https://cdn.metcash.media/image/upload/f_auto,c_limit,w_300,q_auto/igashop/images/321697"
Mission Pita Bread White 6 Pack,$3.20,$0.53 each,"https://cdn.metcash.media/image/upload/f_auto,c_limit,w_300,q_auto/igashop/images/622187"
Uncle Tobys Roll-Ups Rainbow Fruit Salad 6 Pack,$2.75,$0.46 each,"https://cdn.metcash.media/image/upload/f_auto,c_limit,w_300,q_auto/igashop/images/417320"
Ajitas Vege Chips Sea Salt & Vinegar 100g,$5.95,$5.95/100g,"https://cdn.metcash.media/image/upload/f_auto,c_limit,w_300,q_auto/igashop/images/360175"
Old El Paso Stand 'n Stuff Mini Tortillas 12 Pack,$6.00,$0.50 each,"https://cdn.metcash.media/image/upload/f_auto,c_limit,w_300,q_auto/igashop/images/673947"
The Natural Chip Co Potato Chips Sweet Chilli & Sour Cream 175g,$5.00,$2.86/100g,"https://cdn.metcash.media/image/upload/f_auto,c_limit,w_300,q_auto/igashop/images/1800000067883"
Slape & Sons Beef Brisket Burgers 480g,$9.95,$2.07/100g,https://www.igashop.com.au/static/default-product-image.png
Dairy Free Down Under Cheddar Cheese Slice Vegan 200g,$8.00,$4.00/100g,"https://cdn.metcash.media/image/upload/f_auto,c_limit,w_300,q_auto/igashop/images/20000006211"
Crest 4 Socket Surge Protected 1.2m Power Board,$33.00,N/A,"https://cdn.metcash.media/image/upload/f_auto,c_limit,w_300,q_auto/igashop/images/899718"
Aunt Betty Steam Puds Vanilla Butterscotch 190g,$4.90,$2.58/100g,https://www.igashop.com.au/static/default-product-image.png
Palmolive Naturals Bar Soap Nourishing Softness Shea Butter Extracts & Vitamin E 4 Pack,$5.00,$1.25 each,"https://cdn.metcash.media/image/upload/f_auto,c_limit,w_300,q_auto/igashop/images/350159"
Normandie Pate Pods Mixed 4 Pack 4 Pack,$8.00,$2.00 each,"https://cdn.metcash.media/image/upload/f_auto,c_limit,w_300,q_auto/igashop/images/53529"
Blue Wave Crispy Battered Fish Bites 1kg,$20.00,$20.00/kg,https://www.igashop.com.au/static/default-product-image.png
Cheetos Cheddar Jalapeno Crunch 250g,$4.00,$1.60/100g,https://www.igashop.com.au/static/default-product-image.png
Temole Cauliflower Puffs Sea Salt 56g,$5.45,$9.73/100g,"https://cdn.metcash.media/image/upload/f_auto,c_limit,w_300,q_auto/igashop/images/160000013718"
Papa Joe's Chocolate Brownie Bread 500g,$7.30,$1.46/100g,"https://cdn.metcash.media/image/upload/f_auto,c_limit,w_300,q_auto/igashop/images/920425"
Bluebird Originals Potato Chips Ready Salted 150g,$4.95,$3.30/100g,"https://cdn.metcash.media/image/upload/f_auto,c_limit,w_300,q_auto/igashop/images/190000005217"
Ecostore Glass Cleaner 500mL,$6.50,$1.30/100mL,"https://cdn.metcash.media/image/upload/f_auto,c_limit,w_300,q_auto/igashop/images/190000001922"
Cottee's Breakfast Marmalade 500g,$4.35,$0.87/100g,"https://cdn.metcash.media/image/upload/f_auto,c_limit,w_300,q_auto/igashop/images/29478"
Cadbury Dairy Milk Vanilla Mini Ice Cream 6 Pack,$12.00,$2.00 each,"https://cdn.metcash.media/image/upload/f_auto,c_limit,w_300,q_auto/igashop/images/180000005992"
The Spice Tailor Thai Massaman Curry 275g,$6.70,$2.44/100g,"https://cdn.metcash.media/image/upload/f_auto,c_limit,w_300,q_auto/igashop/images/160000003491"
Aptamil Gold+ 3 Pronutra Biotik Toddler Nutritional Supplement From 1 Year 900g,$26.50,$2.94/100g,"https://cdn.metcash.media/image/upload/f_auto,c_limit,w_300,q_auto/igashop/images/89211"
Schick Quattro for Women Kit 2 Pack,$9.50,$4.75 each,"https://cdn.metcash.media/image/upload/f_auto,c_limit,w_300,q_auto/igashop/images/73891"
Blue Wave Salt & Pepper Squid Spirals 1kg,$21.00,$21.00/kg,https://www.igashop.com.au/static/default-product-image.png
Pantene 3 Minute Miracle Collagen Repair & Protect Conditioner 350mL,$13.00,$3.71/100mL,"https://cdn.metcash.media/image/upload/f_auto,c_limit,w_300,q_auto/igashop/images/561226"
Napro Palette Hair Colour 8-0 Medium Blonde,$9.50,N/A,"https://cdn.metcash.media/image/upload/f_auto,c_limit,w_300,q_auto/igashop/images/602195"
TRESemmé Conditioner Cleanse & Replenish 350mL,$8.50,$2.43/100mL,https://www.igashop.com.au/static/default-product-image.png
Elastoplast Wound Pad Non Stick 5 Pack,$6.40,$1.28 each,"https://cdn.metcash.media/image/upload/f_auto,c_limit,w_300,q_auto/igashop/images/413855"
Mortein Fast Knockdown Odourless Aerosol Fly & Mosquito Killer 250g,$6.50,$2.60/100g,"https://cdn.metcash.media/image/upload/f_auto,c_limit,w_300,q_auto/igashop/images/409652"
Community Co Tomato Sauce 500mL,$2.00,$0.40/100mL,"https://cdn.metcash.media/image/upload/f_auto,c_limit,w_300,q_auto/igashop/images/425946"
EZ Life Candle Tealight 9HR White 10 Pack,$3.00,$0.30 each,https://www.igashop.com.au/static/default-product-image.png
Cancer Council Active Tube SPF 50 110mL,$15.90,$14.45/100mL,"https://cdn.metcash.media/image/upload/f_auto,c_limit,w_300,q_auto/igashop/images/397070"
NIVEA Protect & Moisture Moisture Lock SPF50+ Sunscreen 400mL,$14.00,$3.50/100mL,"https://cdn.metcash.media/image/upload/f_auto,c_limit,w_300,q_auto/igashop/images/667001"
V Guarana Energy Drink 4 Pack,$11.70,$2.93 each,"https://cdn.metcash.media/image/upload/f_auto,c_limit,w_300,q_auto/igashop/images/17882"
Duck Foaming Bleach Gel Marine 750mL,$6.80,$0.91/100mL,"https://cdn.metcash.media/image/upload/f_auto,c_limit,w_300,q_auto/igashop/images/16629"
"Larder Fresh Brown Rice, Mushroom and Seaweed Burgers 250g",$7.99,$3.20/100g,"https://cdn.metcash.media/image/upload/f_auto,c_limit,w_300,q_auto/igashop/images/20000002031"
Rexona Women Antiperspirant Aerosol Deodorant Classic with Antibacterial Protection 250mL,$6.00,$2.40/100mL,"https://cdn.metcash.media/image/upload/f_auto,c_limit,w_300,q_auto/igashop/images/427448"
San Remo Fresh Tortellini Cheese and Spinach 350g,$8.10,$2.31/100g,"https://cdn.metcash.media/image/upload/f_auto,c_limit,w_300,q_auto/igashop/images/173337"
Nestlé Milkybar Chocolate Cookies Incredible Easter Egg 200g,$20.40,$10.20/100g,"https://cdn.metcash.media/image/upload/f_auto,c_limit,w_300,q_auto/igashop/images/180000004605"
Schwarzkopf Extra Care 6 Miracles Oil Essence 100mL,$11.00,$11.00/100mL,"https://cdn.metcash.media/image/upload/f_auto,c_limit,w_300,q_auto/igashop/images/160000010169"
Fluffy Ultra Spice Allure Fabric Softener 500mL,$4.75,$0.95/100mL,"https://cdn.metcash.media/image/upload/f_auto,c_limit,w_300,q_auto/igashop/images/68265"
Perfect Italiano Ricotta Cheese 500g,$5.60,$1.12/100g,"https://cdn.metcash.media/image/upload/f_auto,c_limit,w_300,q_auto/igashop/images/188793"
Billy Tea Cup Bags 100 Pack,$5.90,$0.06 each,"https://cdn.metcash.media/image/upload/f_auto,c_limit,w_300,q_auto/igashop/images/397384"
Cadbury Christmas Scorched Almonds Deluxe 190g,$12.00,$6.32/100g,"https://cdn.metcash.media/image/upload/f_auto,c_limit,w_300,q_auto/igashop/images/190127"
Breaka Strawberry 300mL,$2.75,$0.92/100mL,"https://cdn.metcash.media/image/upload/f_auto,c_limit,w_300,q_auto/igashop/images/160000011689"
Sorbent Everyday Facial Tissues Family White 5 Pack,$6.50,$1.30 each,https://www.igashop.com.au/static/default-product-image.png
Chi Sparkling Water Herbal Original 1.25L,$5.50,$4.40/1L,"https://cdn.metcash.media/image/upload/f_auto,c_limit,w_300,q_auto/igashop/images/190000003998"
Rexona Men Advanced Protection Antiperspirant Roll On Sport Antibacterial 50mL,$2.75,$5.50/100mL,"https://cdn.metcash.media/image/upload/f_auto,c_limit,w_300,q_auto/igashop/images/325395"
Watties Frozen Baby Carrots 500g,$4.30,$0.86/100g,https://www.igashop.com.au/static/default-product-image.png
Dairy Farmers Full Cream Milk Lactose Free 2L,$5.60,$2.80/1L,"https://cdn.metcash.media/image/upload/f_auto,c_limit,w_300,q_auto/igashop/images/258140"
Purina Total Care Shampoo Shampoo Flea Control 350mL,$13.50,$3.86/100mL,"https://cdn.metcash.media/image/upload/f_auto,c_limit,w_300,q_auto/igashop/images/1800000069798"
Fibre One Raspberry & White Choc Squares 120g,$5.50,$4.58/100g,"https://cdn.metcash.media/image/upload/f_auto,c_limit,w_300,q_auto/igashop/images/180000006341"
Lays Original Stax 105g,$4.10,$3.90/100g,https://www.igashop.com.au/static/default-product-image.png
McCain Pizza Pepperoni Family 490g,$8.80,$1.80/100g,"https://cdn.metcash.media/image/upload/f_auto,c_limit,w_300,q_auto/igashop/images/20000005921"
Gotzinger Rookworst 300g,$9.20,$3.07/100g,"https://cdn.metcash.media/image/upload/f_auto,c_limit,w_300,q_auto/igashop/images/190000004972"
Codral Relief Cold & Flu & Decongestant 10 Pack,$9.50,$0.95 each,"https://cdn.metcash.media/image/upload/f_auto,c_limit,w_300,q_auto/igashop/images/332282"
Multix Garbage Bags 50 Pack,$4.50,$0.09 each,"https://cdn.metcash.media/image/upload/f_auto,c_limit,w_300,q_auto/igashop/images/70602"
Gimme Organic Roasted Seaweed Olive Oil 6 Pack,$10.95,$1.83 each,"https://cdn.metcash.media/image/upload/f_auto,c_limit,w_300,q_auto/igashop/images/180000001574"
Redberry Tweezer Straight,$5.40,N/A,"https://cdn.metcash.media/image/upload/f_auto,c_limit,w_300,q_auto/igashop/images/20000005393"
Aeroplane Jelly Original Lemon 85g,$1.80,$2.12/100g,"https://cdn.metcash.media/image/upload/f_auto,c_limit,w_300,q_auto/igashop/images/180000000144"
My Muscle Chef Beef Ravioli With Napolitana Sauce 380g,$11.95,$3.14/100g,"https://cdn.metcash.media/image/upload/f_auto,c_limit,w_300,q_auto/igashop/images/150000007540"
NIVEA SUN UV Face BB Cream SPF50+ 50mL,$14.50,$29.00/100mL,"https://cdn.metcash.media/image/upload/f_auto,c_limit,w_300,q_auto/igashop/images/180000006657"
Ritz Mini Cheese Crackers 155g,$4.00,$2.58/100g,"https://cdn.metcash.media/image/upload/f_auto,c_limit,w_300,q_auto/igashop/images/398830"
Cheese Board Fetta Bay Leaves 335g,$10.95,$3.27/100g,"https://cdn.metcash.media/image/upload/f_auto,c_limit,w_300,q_auto/igashop/images/20000002580"
Nyal Cough Medicine For Dry Coughs 200mL,$11.00,$5.50/100mL,"https://cdn.metcash.media/image/upload/f_auto,c_limit,w_300,q_auto/igashop/images/89630"
Wet Ones Antibacterial Hand Wipes Be Fresh 80 Pack,$4.90,$0.06 each,"https://cdn.metcash.media/image/upload/f_auto,c_limit,w_300,q_auto/igashop/images/448287"
Hoyt's Cardamom Pods 10g,$3.10,$31.00/100g,"https://cdn.metcash.media/image/upload/f_auto,c_limit,w_300,q_auto/igashop/images/937294"
Spice & Co Baharat Spice Mix 45g,$3.75,$8.33/100g,"https://cdn.metcash.media/image/upload/f_auto,c_limit,w_300,q_auto/igashop/images/190000002429"
White Peaches 150g,Final cost based on weight,$0.53/$3.50,"https://cdn.metcash.media/image/upload/f_auto,c_limit,w_300,q_auto/igashop/images/80060088"
Pantene Pro-V Classic Clean Conditioner 375mL,$5.00,$1.33/100mL,"https://cdn.metcash.media/image/upload/f_auto,c_limit,w_300,q_auto/igashop/images/781805"
Youfoodz Hp American-Style Chicken & Potato Salad With Buffalo Sauce 370g,$11.95,$3.23/100g,https://www.igashop.com.au/static/default-product-image.png
MasterFoods Garlic & Herb Salt 62g,$3.50,$5.65/100g,"https://cdn.metcash.media/image/upload/f_auto,c_limit,w_300,q_auto/igashop/images/683094"
Strepsils Herbal Cough Lozenges Fresh Menthol 16 Pack,$9.00,$0.56 each,"https://cdn.metcash.media/image/upload/f_auto,c_limit,w_300,q_auto/igashop/images/523422"
Ceres Organics Organic Seaweed Snack 8 Pack,$7.00,$0.88 each,"https://cdn.metcash.media/image/upload/f_auto,c_limit,w_300,q_auto/igashop/images/20000001599"
Green's Vanilla Cupcakes 490g,$5.50,$1.12/100g,"https://cdn.metcash.media/image/upload/f_auto,c_limit,w_300,q_auto/igashop/images/497451"
Jack Link's Beef Jerky Bbq 50g,$6.30,$12.60/100g,"https://cdn.metcash.media/image/upload/f_auto,c_limit,w_300,q_auto/igashop/images/689309"
Korbond Baloon Round Assorted 100 Pack,$7.50,$0.08 each,"https://cdn.metcash.media/image/upload/f_auto,c_limit,w_300,q_auto/igashop/images/202296"
Youfoodz Multivitamin Boosta 100mL,$3.00,$30.00/1L,"https://cdn.metcash.media/image/upload/f_auto,c_limit,w_300,q_auto/igashop/images/260477"
Oso Easy Resealable Sandwich Bags 40 Pack,$2.40,$0.06 each,"https://cdn.metcash.media/image/upload/f_auto,c_limit,w_300,q_auto/igashop/images/160000001897"
Helga's Gluten Free Bread Traditional Wholemeal 500g,$7.80,$1.56/100g,"https://cdn.metcash.media/image/upload/f_auto,c_limit,w_300,q_auto/igashop/images/405072"
Difflam Soothing Immune Be Drop 20 Pack,$6.50,$0.33 each,"https://cdn.metcash.media/image/upload/f_auto,c_limit,w_300,q_auto/igashop/images/528579"
Garofalo #831 Schiaffoni Pasta 500g,$5.60,$1.12/100g,"https://cdn.metcash.media/image/upload/f_auto,c_limit,w_300,q_auto/igashop/images/160000013918"
Maggi Recipe Base - Dry Culinary Chinese Fried Rice 28g,$1.70,$6.07/100g,"https://cdn.metcash.media/image/upload/f_auto,c_limit,w_300,q_auto/igashop/images/238946"
Leggo's Pasta Sauce Bolognese Red Wine 500g,$2.30,$0.46/100g,"https://cdn.metcash.media/image/upload/f_auto,c_limit,w_300,q_auto/igashop/images/612488"
Rafferty's Garden Blueberry & Banana No Added Sugar Custard 120g,$1.90,$1.58/100g,"https://cdn.metcash.media/image/upload/f_auto,c_limit,w_300,q_auto/igashop/images/288658"
McCain Pub Style Extra Crispy Chips 750g,$4.20,$0.56/100g,"https://cdn.metcash.media/image/upload/f_auto,c_limit,w_300,q_auto/igashop/images/798970"
Nescafe Coffee Sachets Skim Cappucino 26 Pack,$11.00,$0.42 each,"https://cdn.metcash.media/image/upload/f_auto,c_limit,w_300,q_auto/igashop/images/663803"
Redberry Small Black Hair Pins 72 Pack,$4.20,$0.06 each,"https://cdn.metcash.media/image/upload/f_auto,c_limit,w_300,q_auto/igashop/images/248417"
McKenzie's Pepper Black Corns Blended 200g,$5.95,$2.98/100g,"https://cdn.metcash.media/image/upload/f_auto,c_limit,w_300,q_auto/igashop/images/22675"
Philips LED Edison Screw Cool Daylight 9W,$7.20,N/A,"https://cdn.metcash.media/image/upload/f_auto,c_limit,w_300,q_auto/igashop/images/20000000478"
Monster Energy Juice Mango Loco 4 Pack,$11.20,$2.80 each,"https://cdn.metcash.media/image/upload/f_auto,c_limit,w_300,q_auto/igashop/images/713103_1"
Ceres Organics Seaweed Original Snack 5g,$2.30,$46.00/100g,"https://cdn.metcash.media/image/upload/f_auto,c_limit,w_300,q_auto/igashop/images/20000001597"
Community Co Garden Salad Bowl 180g,$6.00,$3.33/100g,"https://cdn.metcash.media/image/upload/f_auto,c_limit,w_300,q_auto/igashop/images/190000001532"
Du Jour Pack Pain Au Chocolat 4 Pack,$4.25,$1.06 each,https://www.igashop.com.au/static/default-product-image.png
McCain Pizza Ham & Pineapple 500g,$8.80,$1.76/100g,"https://cdn.metcash.media/image/upload/f_auto,c_limit,w_300,q_auto/igashop/images/112297"
Green Beans 250g,Final cost based on weight,$1.88/$7.50,"https://cdn.metcash.media/image/upload/f_auto,c_limit,w_300,q_auto/igashop/images/80060086"
Toscano Chocolate Truffle 450g,$10.00,$2.22/100g,"https://cdn.metcash.media/image/upload/f_auto,c_limit,w_300,q_auto/igashop/images/190000009875"
Mutti Sugo Semplice Basil Pasta Sauce 400g,$4.80,$1.20/100g,"https://cdn.metcash.media/image/upload/f_auto,c_limit,w_300,q_auto/igashop/images/509651"
Vaseline Body Lotion Gluta-Hya Pro-Age Restore 200mL,$5.50,$2.75/100mL,"https://cdn.metcash.media/image/upload/f_auto,c_limit,w_300,q_auto/igashop/images/1800000069700"
Mr Beast Feastables Milk Chocolate Crunch 60g,$4.00,$6.67/100g,"https://cdn.metcash.media/image/upload/f_auto,c_limit,w_300,q_auto/igashop/images/516425"
Devondale Skim Long Life Milk 6 Pack,$4.60,$0.77 each,"https://cdn.metcash.media/image/upload/f_auto,c_limit,w_300,q_auto/igashop/images/402278"
Dare Iced Coffee Mocha 500mL,$2.95,$0.59/100mL,"https://cdn.metcash.media/image/upload/f_auto,c_limit,w_300,q_auto/igashop/images/704345"
Carman's Natural Bircher Muesli 500g,$6.00,$1.20/100g,"https://cdn.metcash.media/image/upload/f_auto,c_limit,w_300,q_auto/igashop/images/975551"
Jack Hammer Hook Removable 2 Med 2 Small,$12.00,N/A,https://www.igashop.com.au/static/default-product-image.png
Odyssey Silver Face Washer 2 Pack,$5.70,$2.85 each,"https://cdn.metcash.media/image/upload/f_auto,c_limit,w_300,q_auto/igashop/images/358851"
Duracell Battery Ultra AAA 8 Pack,$22.50,$2.81 each,"https://cdn.metcash.media/image/upload/f_auto,c_limit,w_300,q_auto/igashop/images/245804"
McCain Beans Baby 500g,$4.00,$0.80/100g,"https://cdn.metcash.media/image/upload/f_auto,c_limit,w_300,q_auto/igashop/images/101929"
That's Amore Cheese Bocconcini 200g,$7.50,$3.75/100g,"https://cdn.metcash.media/image/upload/f_auto,c_limit,w_300,q_auto/igashop/images/190000005102"
Green's Pudding Lemon Sponge 260g,$3.00,$1.15/100g,"https://cdn.metcash.media/image/upload/f_auto,c_limit,w_300,q_auto/igashop/images/483525"
Allen's Jaffas Chocolate 300g,$8.00,$2.67/100g,"https://cdn.metcash.media/image/upload/f_auto,c_limit,w_300,q_auto/igashop/images/525026"
The Man Bar Protein Chunky Chocolate 50g,$4.50,$9.00/100g,"https://cdn.metcash.media/image/upload/f_auto,c_limit,w_300,q_auto/igashop/images/180000000384"
Dolmio Extra Tomato Onion & Roast Garlic Pasta Sauce 500g,$4.60,$0.92/100g,"https://cdn.metcash.media/image/upload/f_auto,c_limit,w_300,q_auto/igashop/images/390167"
Ultimates Indulge Adult Cat Food Variety Pack 7 Pack,$9.50,$1.36 each,"https://cdn.metcash.media/image/upload/f_auto,c_limit,w_300,q_auto/igashop/images/329522"
Leggos Gourmet Tomato & Umamipapi Chilli Oil 390g,$4.80,$1.23/100g,"https://cdn.metcash.media/image/upload/f_auto,c_limit,w_300,q_auto/igashop/images/1800000067668"
Cancer Council Sunscreen Moisturizing SPF50+ 200mL,$18.00,$9.00/100mL,"https://cdn.metcash.media/image/upload/f_auto,c_limit,w_300,q_auto/igashop/images/747026"
Comfort Sun Shiny Days Fabric Conditioner 900mL,$8.25,$0.92/100mL,"https://cdn.metcash.media/image/upload/f_auto,c_limit,w_300,q_auto/igashop/images/20000004983"
Big Lou's Donuts Choc Hazelnut Berliner 200g,$7.90,$3.95/100g,https://www.igashop.com.au/static/default-product-image.png
Bref Scent Switch Lotus & Bamboo Rim Block Toilet Cleaner 50g,$7.00,$14.00/100g,"https://cdn.metcash.media/image/upload/f_auto,c_limit,w_300,q_auto/igashop/images/272550"
Dove Deodorant Aerosol Raspberry Rose 230mL,$7.00,$3.04/100mL,"https://cdn.metcash.media/image/upload/f_auto,c_limit,w_300,q_auto/igashop/images/1800000068136"
Cadbury Flake Sharepack 12 Pack,$5.00,$0.42 each,"https://cdn.metcash.media/image/upload/f_auto,c_limit,w_300,q_auto/igashop/images/90437"
Riviana Arborio Rice 1kg,$7.00,$7.00/kg,"https://cdn.metcash.media/image/upload/f_auto,c_limit,w_300,q_auto/igashop/images/435831"
Tommee Tippee Natural Start Baby Bottle Teats Fast Flow 6+ Months 2 Pack,$13.00,$6.50 each,https://www.igashop.com.au/static/default-product-image.png
Ridiculously Delicious Peanut Butter Crunchy 375g,$9.15,$2.44/100g,"https://cdn.metcash.media/image/upload/f_auto,c_limit,w_300,q_auto/igashop/images/5189"
San Remo Traditional Gnocchi 500g,$3.30,$0.66/100g,"https://cdn.metcash.media/image/upload/f_auto,c_limit,w_300,q_auto/igashop/images/497472"
Community Co Chicken Bacon Pasta Bake 1kg,$18.00,$18.00/kg,"https://cdn.metcash.media/image/upload/f_auto,c_limit,w_300,q_auto/igashop/images/20000003995"
Tic Tac Orange Mints Bigbox 49g,$3.20,$6.53/100g,"https://cdn.metcash.media/image/upload/f_auto,c_limit,w_300,q_auto/igashop/images/405349"
Community Co Reusable Bowls 4 Pack,$4.60,$1.15 each,"https://cdn.metcash.media/image/upload/f_auto,c_limit,w_300,q_auto/igashop/images/1800000068412"
Kez's Kitchen Gluten Free Choc Peanut Florentines 185g,$7.70,$4.16/100g,https://www.igashop.com.au/static/default-product-image.png
Jelly Belly Hanging 3D Gel Pina Colada,$5.00,N/A,https://www.igashop.com.au/static/default-product-image.png
Banana Boat Simply Protect Kids Sunscreen Lotion Spray SPF 50+ 175g,$24.50,$14.00/100g,"https://cdn.metcash.media/image/upload/f_auto,c_limit,w_300,q_auto/igashop/images/190000000066"
Don Shredded Ham 1.25kg,Final cost based on weight,$20.00/$16.00,"https://cdn.metcash.media/image/upload/f_auto,c_limit,w_300,q_auto/igashop/images/642381"
Papa Joe's Bread Mango & Coconut 100g,$1.55,$1.55/100g,https://www.igashop.com.au/static/default-product-image.png
Crisp Starch Spray 385g,$9.20,$2.39/100g,"https://cdn.metcash.media/image/upload/f_auto,c_limit,w_300,q_auto/igashop/images/379412"
Yoplait Yoghurt Vanilla 1kg,$4.95,$4.95/kg,"https://cdn.metcash.media/image/upload/f_auto,c_limit,w_300,q_auto/igashop/images/152446"
Maggi Fish Sauce 300mL,$3.60,$1.20/100mL,"https://cdn.metcash.media/image/upload/f_auto,c_limit,w_300,q_auto/igashop/images/160000014012"
Nescafe Coffee Hazelnut Praline Iced Latte 8 Pack,$8.00,$1.00 each,"https://cdn.metcash.media/image/upload/f_auto,c_limit,w_300,q_auto/igashop/images/1800000068876"
Active Expert Laundry Powder 2kg,$6.00,$3.00/kg,"https://cdn.metcash.media/image/upload/f_auto,c_limit,w_300,q_auto/igashop/images/190000011601"
Farmers Co. Toasted Cereal Bush Foods 500g,$6.00,$1.20/100g,https://www.igashop.com.au/static/default-product-image.png
Lipton Peach Ice Tea 500mL,$3.50,$0.70/100mL,"https://cdn.metcash.media/image/upload/f_auto,c_limit,w_300,q_auto/igashop/images/605070"
San Marino Continental Platter 220g,$15.00,$6.82/100g,https://www.igashop.com.au/static/default-product-image.png
Huon Premium Blackened Spice Wood Roasted Salmon 150g,$13.50,$9.00/100g,"https://cdn.metcash.media/image/upload/f_auto,c_limit,w_300,q_auto/igashop/images/7509"
Maggi Mince Cottage Pie Recipe Base 37g,$1.85,$5.00/100g,"https://cdn.metcash.media/image/upload/f_auto,c_limit,w_300,q_auto/igashop/images/624833"
Lindt Lindor Casket Children 93g,$15.00,$16.13/100g,https://www.igashop.com.au/static/default-product-image.png
Food Guru Kitchen Scissors Soft Grip,$10.00,N/A,"https://cdn.metcash.media/image/upload/f_auto,c_limit,w_300,q_auto/igashop/images/832672"
Macquarie Valley Orange Juice 500mL,$3.10,$6.20/1L,"https://cdn.metcash.media/image/upload/f_auto,c_limit,w_300,q_auto/igashop/images/120766"
Edenvale Sauvignon Blanc Non Alcoholic 750mL,$11.50,$1.53/100mL,"https://cdn.metcash.media/image/upload/f_auto,c_limit,w_300,q_auto/igashop/images/671709"
GARNIER Micellar Cleansing Water 700mL,$28.00,$4.00/100mL,"https://cdn.metcash.media/image/upload/f_auto,c_limit,w_300,q_auto/igashop/images/967485"
Impressed Essentials Apple Juice 1L,$4.80,$4.80/1L,"https://cdn.metcash.media/image/upload/f_auto,c_limit,w_300,q_auto/igashop/images/180000003593"
Lindt Easter Gift Box 230g,$32.65,$14.20/100g,"https://cdn.metcash.media/image/upload/f_auto,c_limit,w_300,q_auto/igashop/images/923326"
Suntory BOSS Iced Latte Flash Brew Coffee 237mL,$4.00,$1.69/100mL,"https://cdn.metcash.media/image/upload/f_auto,c_limit,w_300,q_auto/igashop/images/703085"
Solo Zero Sugar Lemon Soft Drink 10 Pack,$9.50,$0.95 each,"https://cdn.metcash.media/image/upload/f_auto,c_limit,w_300,q_auto/igashop/images/871757"
Candy Market Party Mix 200g,$2.50,$1.25/100g,"https://cdn.metcash.media/image/upload/f_auto,c_limit,w_300,q_auto/igashop/images/930899"
Hawaiian Tropic Silk Hydration Sunscreen Face Fragance Free SPF50 100mL,$13.30,$13.30/100mL,"https://cdn.metcash.media/image/upload/f_auto,c_limit,w_300,q_auto/igashop/images/180000003584"
Jacaranda Coffee 600mL,$3.99,$6.65/1L,https://www.igashop.com.au/static/default-product-image.png
Darrell Lea Cheesecake Shop Caramel Cheesecake 160g,$7.00,$4.38/100g,"https://cdn.metcash.media/image/upload/f_auto,c_limit,w_300,q_auto/igashop/images/221342"
McCain P!Ckers Italian Herb Mini Mozzarella Sticks 230g,$5.00,$2.17/100g,https://www.igashop.com.au/static/default-product-image.png
Air Wick Essential Oil Candle Mountain Berry Blossom 105g,$6.00,$5.71/100g,"https://cdn.metcash.media/image/upload/f_auto,c_limit,w_300,q_auto/igashop/images/644040"
Rocca's Sesame & Poppy Sead Crispbread 100g,$5.00,$5.00/100g,"https://cdn.metcash.media/image/upload/f_auto,c_limit,w_300,q_auto/igashop/images/190000004891"
Sam's Pelmeni Beef & Pork Dumplings 800g,$17.90,$2.24/100g,"https://cdn.metcash.media/image/upload/f_auto,c_limit,w_300,q_auto/igashop/images/694029"
Pancetta 1kg,Final cost based on weight,$59.95/$59.95,"https://cdn.metcash.media/image/upload/f_auto,c_limit,w_300,q_auto/igashop/images/80072088"
Community Co Spring Water 1.5L,$7.15,$4.77/1L,"https://cdn.metcash.media/image/upload/f_auto,c_limit,w_300,q_auto/igashop/images/180000004998"
Monster Energy Drink Pipeline Punch 500mL,$4.45,$0.89/100mL,"https://cdn.metcash.media/image/upload/f_auto,c_limit,w_300,q_auto/igashop/images/449500_1"
Oral-B Pro-Health Protect All Around Protection Toothpaste 200g,$4.50,$2.25/100g,"https://cdn.metcash.media/image/upload/f_auto,c_limit,w_300,q_auto/igashop/images/160000001765"
The Natural Confectionery Co. Jelly Babies 220g,$3.50,$1.59/100g,"https://cdn.metcash.media/image/upload/f_auto,c_limit,w_300,q_auto/igashop/images/696092"
Mid Coast Cage Eggs Jumbo 800g,$7.95,$0.99/100g,"https://cdn.metcash.media/image/upload/f_auto,c_limit,w_300,q_auto/igashop/images/190000005308"
Jack Link's Original Beef Jerky 50g,$6.30,$12.60/100g,"https://cdn.metcash.media/image/upload/f_auto,c_limit,w_300,q_auto/igashop/images/324454"
Grannys Muffin Apple & Cinnamon 6 Pack,$7.10,$1.18 each,https://www.igashop.com.au/static/default-product-image.png
Pro Live Probiotic Drink 10 Pack,$6.95,$0.70 each,"https://cdn.metcash.media/image/upload/f_auto,c_limit,w_300,q_auto/igashop/images/614663"
Derwent Dual Eraser,$4.20,N/A,"https://cdn.metcash.media/image/upload/f_auto,c_limit,w_300,q_auto/igashop/images/276952"
Fifya Vegan Dip Roasted Sweet Potato 250g,$8.50,$3.40/100g,"https://cdn.metcash.media/image/upload/f_auto,c_limit,w_300,q_auto/igashop/images/20000001857"
Twinings Infusions Pure Peppermint Tea Bags 40 Pack,$8.50,$0.21 each,"https://cdn.metcash.media/image/upload/f_auto,c_limit,w_300,q_auto/igashop/images/344768"
Noah's Crushed Apple Juice 260mL,$5.00,$1.92/100mL,"https://cdn.metcash.media/image/upload/f_auto,c_limit,w_300,q_auto/igashop/images/20000003359"
Arnott's Sourdough Crisps Cheddar & Roasted Garlic 150g,$4.50,$3.00/100g,"https://cdn.metcash.media/image/upload/f_auto,c_limit,w_300,q_auto/igashop/images/517845"
Baked Provision Log Carrot Cake 500g,$9.45,$1.89/100g,"https://cdn.metcash.media/image/upload/f_auto,c_limit,w_300,q_auto/igashop/images/305510"
MasterFoods Celery Salt 57g,$3.50,$6.14/100g,"https://cdn.metcash.media/image/upload/f_auto,c_limit,w_300,q_auto/igashop/images/363814"
Community Co Semi Dried Tomato 280g,$4.60,$1.64/100g,"https://cdn.metcash.media/image/upload/f_auto,c_limit,w_300,q_auto/igashop/images/825109"
Royal Kerry Apricot Halves In Syrup 1kg,$10.95,$10.95/kg,"https://cdn.metcash.media/image/upload/f_auto,c_limit,w_300,q_auto/igashop/images/20000002466"
GARNIER Fructis Normal Strength & Shine Shampoo 315mL,$4.00,$1.27/100mL,"https://cdn.metcash.media/image/upload/f_auto,c_limit,w_300,q_auto/igashop/images/271800"
Arnott's Shapes Originals Cracker Biscuits Pizza 190g,$4.00,$2.11/100g,"https://cdn.metcash.media/image/upload/f_auto,c_limit,w_300,q_auto/igashop/images/660148"
Beerenberg Australian Lemon Lime Curd 300g,$7.50,$2.50/100g,"https://cdn.metcash.media/image/upload/f_auto,c_limit,w_300,q_auto/igashop/images/481133"
Valcom Authentic Thai Green Curry Paste 210g,$4.30,$2.05/100g,"https://cdn.metcash.media/image/upload/f_auto,c_limit,w_300,q_auto/igashop/images/2921"
Scotts Osmocote Plus Organics 800g,$12.90,$1.61/100g,"https://cdn.metcash.media/image/upload/f_auto,c_limit,w_300,q_auto/igashop/images/634498"
Three Threes Gherkins Sweet Spiced 540g,$4.30,$0.80/100g,"https://cdn.metcash.media/image/upload/f_auto,c_limit,w_300,q_auto/igashop/images/363856"
Optimum Wet Dog Food Beef & Rice 700g,$4.20,$0.60/100g,"https://cdn.metcash.media/image/upload/f_auto,c_limit,w_300,q_auto/igashop/images/444733_1"
Vittoria Coffee Bean Mountain Grown 1kg,$42.00,$42.00/kg,"https://cdn.metcash.media/image/upload/f_auto,c_limit,w_300,q_auto/igashop/images/358437"
From Good Roots Creamy Potato Salad 300g,$5.20,$1.73/100g,"https://cdn.metcash.media/image/upload/f_auto,c_limit,w_300,q_auto/igashop/images/20000004819"
Aquacheck Accessory Test Strips,$13.99,N/A,"https://cdn.metcash.media/image/upload/f_auto,c_limit,w_300,q_auto/igashop/images/768970"
Campbell's Real Chicken Liquid Stock 1L,$4.50,$4.50/1L,"https://cdn.metcash.media/image/upload/f_auto,c_limit,w_300,q_auto/igashop/images/325484"
Heinz Big N Chunky Ravioli with Beef & Tomato 535g,$4.40,$0.82/100g,"https://cdn.metcash.media/image/upload/f_auto,c_limit,w_300,q_auto/igashop/images/344763"
Empire Pizza Peri Peri 600g,$9.99,$1.67/100g,https://www.igashop.com.au/static/default-product-image.png
SunRice White Long Grain Rice Pouch 250g,$3.00,$1.20/100g,"https://cdn.metcash.media/image/upload/f_auto,c_limit,w_300,q_auto/igashop/images/441395"
Health Lab Protein Bar Cookies & Creme 50g,$4.50,$9.00/100g,https://www.igashop.com.au/static/default-product-image.png
Salmon Fillet Skin Off Pin Boned 1kg,Final cost based on weight,$59.95/$59.95,"https://cdn.metcash.media/image/upload/f_auto,c_limit,w_300,q_auto/igashop/images/80072120"
Sustagen Dutch Chocolate Ready To Drink 3 Pack,$6.70,$2.23 each,"https://cdn.metcash.media/image/upload/f_auto,c_limit,w_300,q_auto/igashop/images/237461"
Continental Pasta & Sauce Sour Cream & Chives 80g,$2.25,$2.81/100g,https://www.igashop.com.au/static/default-product-image.png
Milton Anti Bacterial Tablets 30 Pack,$10.50,$0.35 each,"https://cdn.metcash.media/image/upload/f_auto,c_limit,w_300,q_auto/igashop/images/392075"
Musashi Energy Bar Banana Bread 58g,$4.90,$8.45/100g,"https://cdn.metcash.media/image/upload/f_auto,c_limit,w_300,q_auto/igashop/images/180000003135"
Arnott's TeeVee Snack Strawberry Sprinkle 165g,$4.00,$2.42/100g,"https://cdn.metcash.media/image/upload/f_auto,c_limit,w_300,q_auto/igashop/images/239808"
Healtheries Potato Stix Chicken Flavour 6 Pack,$4.50,$0.75 each,"https://cdn.metcash.media/image/upload/f_auto,c_limit,w_300,q_auto/igashop/images/975459"
Bega Smooth Peanut Butter 375g,$4.90,$1.31/100g,"https://cdn.metcash.media/image/upload/f_auto,c_limit,w_300,q_auto/igashop/images/31904"
Supafry Solid Frying Oil 500g,$4.50,$0.90/100g,"https://cdn.metcash.media/image/upload/f_auto,c_limit,w_300,q_auto/igashop/images/100274"
Tony's Chocolonely Bar Milk Chocolate 47g,$4.75,$10.11/100g,https://www.igashop.com.au/static/default-product-image.png
Sirena Ready To Eat Meal Brown Rice & Quinoa With Chicken 190g,$3.40,$1.79/100g,"https://cdn.metcash.media/image/upload/f_auto,c_limit,w_300,q_auto/igashop/images/444738"
Golden Circle Apple Juice No Added Sugar 6 Pack,$4.70,$0.78 each,"https://cdn.metcash.media/image/upload/f_auto,c_limit,w_300,q_auto/igashop/images/445983"
Saxa Table Salt Plain 750g,$4.50,$0.60/100g,"https://cdn.metcash.media/image/upload/f_auto,c_limit,w_300,q_auto/igashop/images/40822"
Parker's Pretzels Twists 200g,$3.50,$1.75/100g,"https://cdn.metcash.media/image/upload/f_auto,c_limit,w_300,q_auto/igashop/images/457980"
Lemnos Sweet Chilli Cream Cheese 125g,$4.50,$3.60/100g,"https://cdn.metcash.media/image/upload/f_auto,c_limit,w_300,q_auto/igashop/images/20000001823"
Clif Bar Energy Bar Chocolate Chip 68g,$3.40,$5.00/100g,"https://cdn.metcash.media/image/upload/f_auto,c_limit,w_300,q_auto/igashop/images/160000012137"
Edgell Edamame Bean Cans 4 Pack,$5.00,$1.25 each,"https://cdn.metcash.media/image/upload/f_auto,c_limit,w_300,q_auto/igashop/images/621903"
Uncle Tobys Le Snak Tasty Cheese Dip & Crackers 6 Pack,$2.75,$0.46 each,"https://cdn.metcash.media/image/upload/f_auto,c_limit,w_300,q_auto/igashop/images/434788"
Heinz Lamb Pumpkin & Sweet Potato Baby Food Jar 6+ Months 170g,$1.60,$0.94/100g,"https://cdn.metcash.media/image/upload/f_auto,c_limit,w_300,q_auto/igashop/images/341134"
Harvest Snaps Pea Sour Cream And Chives Flavour 5 Pack,$3.00,$0.60 each,"https://cdn.metcash.media/image/upload/f_auto,c_limit,w_300,q_auto/igashop/images/293679"
Whiskas Adult Wet Cat Food Beef Casserole 400g,$2.70,$0.68/100g,"https://cdn.metcash.media/image/upload/f_auto,c_limit,w_300,q_auto/igashop/images/346511"
Maltesers Honeycomb Chocolate Medium Bag 140g,$3.50,$2.50/100g,"https://cdn.metcash.media/image/upload/f_auto,c_limit,w_300,q_auto/igashop/images/884200"
Laucke German Grain Bread Mix 2.4kg,$10.90,$4.54/kg,"https://cdn.metcash.media/image/upload/f_auto,c_limit,w_300,q_auto/igashop/images/34407"
Black & Gold Fire Lighters 24 Pack,$3.60,$0.15 each,"https://cdn.metcash.media/image/upload/f_auto,c_limit,w_300,q_auto/igashop/images/615237"
Nutty Bay Vegan Butter 170g,$10.95,$6.44/100g,"https://cdn.metcash.media/image/upload/f_auto,c_limit,w_300,q_auto/igashop/images/160000013556"
I&J Whiting Fish Fillets 500g,$11.00,$2.20/100g,"https://cdn.metcash.media/image/upload/f_auto,c_limit,w_300,q_auto/igashop/images/190000002774"
Cadbury Easter Eggs Chocolate Dairy Milk Pineapple Egg Bag 118g,$4.50,$3.81/100g,"https://cdn.metcash.media/image/upload/f_auto,c_limit,w_300,q_auto/igashop/images/180000003523"
NIVEA MEN Deep Espresso Aerosol 250mL,$4.75,$1.90/100mL,"https://cdn.metcash.media/image/upload/f_auto,c_limit,w_300,q_auto/igashop/images/190000009980"
Maleny Dairies Lactose Free Full Cream Milk 1L,$3.50,$3.50/1L,"https://cdn.metcash.media/image/upload/f_auto,c_limit,w_300,q_auto/igashop/images/20000007018"
Schwarzkopf Extra Care Body & Teture Hairspray 250g,$11.00,$4.40/100g,"https://cdn.metcash.media/image/upload/f_auto,c_limit,w_300,q_auto/igashop/images/631482"
Birds Eye Deli Roast Rosemary & Garlic 600g,$4.95,$0.83/100g,"https://cdn.metcash.media/image/upload/f_auto,c_limit,w_300,q_auto/igashop/images/301786"
Cadbury Cherry Ripe Double Dipped Chocolate Bar 47g,$2.50,$5.32/100g,"https://cdn.metcash.media/image/upload/f_auto,c_limit,w_300,q_auto/igashop/images/343584"
Red Tulip Mixed Easter Bag 420g,$10.00,$2.38/100g,"https://cdn.metcash.media/image/upload/f_auto,c_limit,w_300,q_auto/igashop/images/916502"
Kleenex Ultimate 6ply Tissues 70 Pack,$2.95,$0.04 each,"https://cdn.metcash.media/image/upload/f_auto,c_limit,w_300,q_auto/igashop/images/180000006734"
Mutti Peeled San Marzano Tomatoes 400g,$3.35,$0.84/100g,"https://cdn.metcash.media/image/upload/f_auto,c_limit,w_300,q_auto/igashop/images/190000001975"
Community Co Gluten Free Focaccia 510g,$6.80,$1.33/100g,"https://cdn.metcash.media/image/upload/f_auto,c_limit,w_300,q_auto/igashop/images/439990"
Pepsi Cola Soda Cans 10 Pack,$19.00,$1.90 each,"https://cdn.metcash.media/image/upload/f_auto,c_limit,w_300,q_auto/igashop/images/597581"
Weight Watchers Classic Beef Bolognese 320g,$6.65,$2.08/100g,"https://cdn.metcash.media/image/upload/f_auto,c_limit,w_300,q_auto/igashop/images/891126"
Three Threes Olives Stuffed 500g,$5.25,$1.05/100g,"https://cdn.metcash.media/image/upload/f_auto,c_limit,w_300,q_auto/igashop/images/345183"
Bundaberg Blood Orange 6 Pack,$6.30,$1.05 each,"https://cdn.metcash.media/image/upload/f_auto,c_limit,w_300,q_auto/igashop/images/224667"
Ferrero Rondnoir Premium Dark Chocolate Frozen Dessert Sticks 4 Pack,$12.00,$3.00 each,"https://cdn.metcash.media/image/upload/f_auto,c_limit,w_300,q_auto/igashop/images/387428"
Cadbury Dairy Milk Peppermint Bites 142g,$7.00,$4.93/100g,"https://cdn.metcash.media/image/upload/f_auto,c_limit,w_300,q_auto/igashop/images/156440"
Jase's Kitchen Jase’S Kitchen Gluten Free Pizza Bases 380g,$10.00,$2.63/100g,"https://cdn.metcash.media/image/upload/f_auto,c_limit,w_300,q_auto/igashop/images/834323"
Moccona Freeze Dried Instant Coffee Classic Medium Roast 100g,$14.50,$14.50/100g,"https://cdn.metcash.media/image/upload/f_auto,c_limit,w_300,q_auto/igashop/images/10144"
Band-aid Waterproof Tough Strips 20 Pack,$4.50,$0.23 each,"https://cdn.metcash.media/image/upload/f_auto,c_limit,w_300,q_auto/igashop/images/60924"
Dine Wet Cat Food Tender Turkey Slices Tray 85g,$1.60,$1.88/100g,"https://cdn.metcash.media/image/upload/f_auto,c_limit,w_300,q_auto/igashop/images/49708"
CSR White Sugar 1kg,$2.60,$2.60/kg,"https://cdn.metcash.media/image/upload/f_auto,c_limit,w_300,q_auto/igashop/images/42971"
Ashgrove Wine Lovers Cheese Selection 250g,$15.95,$6.38/100g,"https://cdn.metcash.media/image/upload/f_auto,c_limit,w_300,q_auto/igashop/images/190000004887"
Cottee's Cordial Orange Cordial 1L,$2.75,$2.75/1L,https://www.igashop.com.au/static/default-product-image.png
Honest Sea Salt Seaweed 6 Pack,$12.00,$2.00 each,"https://cdn.metcash.media/image/upload/f_auto,c_limit,w_300,q_auto/igashop/images/190000005066"
Creative Confectionary Baronie Sticks Mint 75g,$2.00,$2.67/100g,https://www.igashop.com.au/static/default-product-image.png
Honest Sea Roasted Seaweed Snack Sea Salt 5g,$2.30,$46.00/100g,"https://cdn.metcash.media/image/upload/f_auto,c_limit,w_300,q_auto/igashop/images/20000002025"
Cadbury Crunchie Bites Tub 340g,$12.40,$3.65/100g,"https://cdn.metcash.media/image/upload/f_auto,c_limit,w_300,q_auto/igashop/images/338631"
Lifestyles Silky Smooth Water Based Lubricant 100g,$8.50,$8.50/100g,"https://cdn.metcash.media/image/upload/f_auto,c_limit,w_300,q_auto/igashop/images/477760"
Continental Pasta & Sauce Family Four Cheese 170g,$2.75,$1.62/100g,"https://cdn.metcash.media/image/upload/f_auto,c_limit,w_300,q_auto/igashop/images/397266"
Menz Jelichocs Turkish Delight 150g,$5.00,$3.33/100g,"https://cdn.metcash.media/image/upload/f_auto,c_limit,w_300,q_auto/igashop/images/461272"
Feline Friend Clumping Cat Litter 5kg,$3.90,$0.78/kg,"https://cdn.metcash.media/image/upload/f_auto,c_limit,w_300,q_auto/igashop/images/418902"
The Happy Cake Co Cake Loaf Carrot 500g,$6.10,$1.22/100g,"https://cdn.metcash.media/image/upload/f_auto,c_limit,w_300,q_auto/igashop/images/20000004264"
Your Bakery Hedgehog Slice 6 Pack,$7.45,$1.24 each,"https://cdn.metcash.media/image/upload/f_auto,c_limit,w_300,q_auto/igashop/images/606500"
Four 'N Twenty Sausage Roll Jumbo 6 Pack,$9.50,$1.58 each,"https://cdn.metcash.media/image/upload/f_auto,c_limit,w_300,q_auto/igashop/images/137035"
Jasper Coffee Femenino Beans 250g,$17.95,$7.18/100g,https://www.igashop.com.au/static/default-product-image.png
Heinz Big N Chunky Canned Soup Chicken & Corn 535g,$3.50,$0.65/100g,"https://cdn.metcash.media/image/upload/f_auto,c_limit,w_300,q_auto/igashop/images/331532"
Darrell Lea Milk Chocolate Rocklea Road 145g,$6.10,$4.21/100g,"https://cdn.metcash.media/image/upload/f_auto,c_limit,w_300,q_auto/igashop/images/370379"
Purina Fancy Feast Kitten Pet Food Classic Chicken 85g,$1.45,$1.71/100g,"https://cdn.metcash.media/image/upload/f_auto,c_limit,w_300,q_auto/igashop/images/580966"
Orgran Quinoa Pasta Penne 350g,$6.50,$1.86/100g,"https://cdn.metcash.media/image/upload/f_auto,c_limit,w_300,q_auto/igashop/images/20000007205"
Life Savers Blue Raspberry Stix 200g,$5.00,$2.50/100g,https://www.igashop.com.au/static/default-product-image.png
Streets Water Ice Icy Icons 16 Pack,$22.45,$1.40 each,https://www.igashop.com.au/static/default-product-image.png
Pyrex 2L Mixing Bowl,$13.00,N/A,"https://cdn.metcash.media/image/upload/f_auto,c_limit,w_300,q_auto/igashop/images/236059"
Aeroplane Jelly Lite Vanilla Berry 2 Pack,$2.40,$1.20 each,"https://cdn.metcash.media/image/upload/f_auto,c_limit,w_300,q_auto/igashop/images/180000000167"
Suimin Thins Rice Crackers Cheese 100g,$2.20,$2.20/100g,"https://cdn.metcash.media/image/upload/f_auto,c_limit,w_300,q_auto/igashop/images/1800000068973"
Buderim Traveller's Friend Ginger Chewy Ginger Treats 50g,$2.60,$5.20/100g,"https://cdn.metcash.media/image/upload/f_auto,c_limit,w_300,q_auto/igashop/images/8622"
Difflam Soothing Immune Honey Lemon Drop 20 Pack,$6.50,$0.33 each,"https://cdn.metcash.media/image/upload/f_auto,c_limit,w_300,q_auto/igashop/images/533105"
Community Co Two Fruit In Juice 4 Pack,$2.60,$0.65 each,"https://cdn.metcash.media/image/upload/f_auto,c_limit,w_300,q_auto/igashop/images/20000002602"
Sara Lee Pain Au Chocolat Pain Au Chocolat 225g,$4.95,$2.20/100g,https://www.igashop.com.au/static/default-product-image.png
Devondale Extra Soft Butter Blend 750g,$9.95,$1.33/100g,"https://cdn.metcash.media/image/upload/f_auto,c_limit,w_300,q_auto/igashop/images/696322"
Ice Break Iced Coffee Regular Strength 2L,$6.90,$3.45/1L,"https://cdn.metcash.media/image/upload/f_auto,c_limit,w_300,q_auto/igashop/images/875756"
Up & Go Liquid Breakfast Vanilla Ice 250g,$1.95,$0.78/100g,"https://cdn.metcash.media/image/upload/f_auto,c_limit,w_300,q_auto/igashop/images/20000003904"
Renuzit Air Freshener Blissful Hawaiian Oasis 198g,$4.50,$2.27/100g,"https://cdn.metcash.media/image/upload/f_auto,c_limit,w_300,q_auto/igashop/images/190000000027"
True Thai Coconut Milk 400mL,$2.50,$0.63/100mL,"https://cdn.metcash.media/image/upload/f_auto,c_limit,w_300,q_auto/igashop/images/160000012453"
Mutti Passata Tomato Puree 700g,$4.80,$0.69/100g,"https://cdn.metcash.media/image/upload/f_auto,c_limit,w_300,q_auto/igashop/images/180000000378"
Aerogard Home Insecticides Crawling Insect Killer 300mL,$14.30,$4.77/100mL,"https://cdn.metcash.media/image/upload/f_auto,c_limit,w_300,q_auto/igashop/images/341503"
SPC Peaches Halved in Juice 825g,$5.30,$0.64/100g,"https://cdn.metcash.media/image/upload/f_auto,c_limit,w_300,q_auto/igashop/images/403868"
Undivided Food Co. Good Sauce Tomato Ketchup 270g,$9.00,$3.33/100g,"https://cdn.metcash.media/image/upload/f_auto,c_limit,w_300,q_auto/igashop/images/160000013658"
The Olive Branch Heavenly Spicy Dip 250g,$7.50,$3.00/100g,"https://cdn.metcash.media/image/upload/f_auto,c_limit,w_300,q_auto/igashop/images/20000001856"
Jack Hammer Nail Screw Nuts & Bolts 164 Pack,$6.30,$0.04 each,https://www.igashop.com.au/static/default-product-image.png
Black & Gold Scotch Finger Biscuit 250g,$1.25,$0.50/100g,"https://cdn.metcash.media/image/upload/f_auto,c_limit,w_300,q_auto/igashop/images/94203"
Queen Natural Food Colouring Rainbow 28mL,$7.75,$27.68/100mL,"https://cdn.metcash.media/image/upload/f_auto,c_limit,w_300,q_auto/igashop/images/982493"
Penotti Duo Hazelnut & Vanilla 350g,$7.50,$2.14/100g,"https://cdn.metcash.media/image/upload/f_auto,c_limit,w_300,q_auto/igashop/images/180000006166"
Bega Cheese So Light Block 500g,$9.50,$1.90/100g,"https://cdn.metcash.media/image/upload/f_auto,c_limit,w_300,q_auto/igashop/images/1800000068276"
KB Seafood Prawn Garlic Marinated 280g,$13.50,$4.82/100g,https://www.igashop.com.au/static/default-product-image.png
Glad Oven Bag Regular 5 Pack,$2.85,$0.57 each,"https://cdn.metcash.media/image/upload/f_auto,c_limit,w_300,q_auto/igashop/images/49127"
Pauls Smarter White Milk 3L,$6.90,$2.30/1L,"https://cdn.metcash.media/image/upload/f_auto,c_limit,w_300,q_auto/igashop/images/160000000966"
Pine O Cleen Anti-Bacterial Laundry Sanitiser Fresh Cotton 1.5L,$12.00,$8.00/1L,"https://cdn.metcash.media/image/upload/f_auto,c_limit,w_300,q_auto/igashop/images/991793"
U By Kotex Regular Ultrathins 14 Pack,$5.60,$0.40 each,"https://cdn.metcash.media/image/upload/f_auto,c_limit,w_300,q_auto/igashop/images/384899"
Curash Baby Wipes Fragrance Free 3 Pack,$13.80,$4.60 each,"https://cdn.metcash.media/image/upload/f_auto,c_limit,w_300,q_auto/igashop/images/613905"
Palmolive For Men Shave Cream Lather Regular 65g,$2.80,$4.31/100g,"https://cdn.metcash.media/image/upload/f_auto,c_limit,w_300,q_auto/igashop/images/58223"
TRESemmé Conditioner Keratin Smooth 500mL,$17.00,$3.40/100mL,"https://cdn.metcash.media/image/upload/f_auto,c_limit,w_300,q_auto/igashop/images/186131"
Gillette Venus Extra Smooth Women's Razor Blade Refills 4 Pack,$19.99,$5.00 each,"https://cdn.metcash.media/image/upload/f_auto,c_limit,w_300,q_auto/igashop/images/312619"
Deeko 1 Ply Printed Lunch Napkins 80 Pack,$3.15,$0.04 each,"https://cdn.metcash.media/image/upload/f_auto,c_limit,w_300,q_auto/igashop/images/449539"
Butter Menthol Honey Centre 3 Pack,$6.50,$2.17 each,"https://cdn.metcash.media/image/upload/f_auto,c_limit,w_300,q_auto/igashop/images/20000006644"
Rexona Antiperspirant Aerosol Men Advanced Lime Cool 220mL,$10.50,$4.77/100mL,"https://cdn.metcash.media/image/upload/f_auto,c_limit,w_300,q_auto/igashop/images/697035"
Vitasoy Rice Milk 1L,$3.30,$3.30/1L,"https://cdn.metcash.media/image/upload/f_auto,c_limit,w_300,q_auto/igashop/images/123578"
Great Temptations Choc Speckles Cupcakes 260g,$10.75,$4.13/100g,"https://cdn.metcash.media/image/upload/f_auto,c_limit,w_300,q_auto/igashop/images/20000000701"
Energizer Max AA Batteries 16 Pack,$28.50,$1.78 each,"https://cdn.metcash.media/image/upload/f_auto,c_limit,w_300,q_auto/igashop/images/824941"
Duracell Coppertop Batteries AAA 14 Pack,$27.65,$1.97 each,"https://cdn.metcash.media/image/upload/f_auto,c_limit,w_300,q_auto/igashop/images/636181"
Oso Easy-Tie Kitchen Tidy Bags Medium 30 Pack,$2.55,$0.08 each,"https://cdn.metcash.media/image/upload/f_auto,c_limit,w_300,q_auto/igashop/images/160000001899"
Jack Hammer Gloves Garden Mltp XL,$6.65,N/A,https://www.igashop.com.au/static/default-product-image.png
Beerenberg Caramelised Fig Jam 300g,$6.15,$2.05/100g,"https://cdn.metcash.media/image/upload/f_auto,c_limit,w_300,q_auto/igashop/images/709764"
Max's Super Shred Low Carb High Protein Bar Chocolate 60g,$5.50,$9.17/100g,"https://cdn.metcash.media/image/upload/f_auto,c_limit,w_300,q_auto/igashop/images/160000014307"
Up & Go Protein Energize Vanilla 6 Pack,$14.00,$2.33 each,"https://cdn.metcash.media/image/upload/f_auto,c_limit,w_300,q_auto/igashop/images/380536"
Sard Power Stain Remover Soaker Powder 1kg,$11.00,$11.00/kg,"https://cdn.metcash.media/image/upload/f_auto,c_limit,w_300,q_auto/igashop/images/97251"
Cenovis St John's Wort 2000mg Tablets 60 Pack,$8.50,$0.14 each,"https://cdn.metcash.media/image/upload/f_auto,c_limit,w_300,q_auto/igashop/images/61098"
Wattie's Creamed Rice Vanilla 420g,$4.75,$1.13/100g,"https://cdn.metcash.media/image/upload/f_auto,c_limit,w_300,q_auto/igashop/images/20000006838"
PopBox Microwave Popcorn Mega Butter Flavour 100g,$4.00,$4.00/100g,"https://cdn.metcash.media/image/upload/f_auto,c_limit,w_300,q_auto/igashop/images/20000007218"
Keitt Mango,$2.95,N/A,"https://cdn.metcash.media/image/upload/f_auto,c_limit,w_300,q_auto/igashop/images/80050082"
Arnott's Cruskits 98% Fat Free 125g,$4.00,$3.20/100g,"https://cdn.metcash.media/image/upload/f_auto,c_limit,w_300,q_auto/igashop/images/922545"
Mylanta Antacid Heartburn Relief Fast Chews 24 Pack,$10.00,$0.42 each,"https://cdn.metcash.media/image/upload/f_auto,c_limit,w_300,q_auto/igashop/images/625698"
Hashbrown Final cost based on weight,$0.50,N/A,"https://cdn.metcash.media/image/upload/f_auto,c_limit,w_300,q_auto/igashop/images/80075004"
Dettol Antibacterial Liquid Hand Wash Pump Refresh 250mL,$3.20,$1.28/100mL,"https://cdn.metcash.media/image/upload/f_auto,c_limit,w_300,q_auto/igashop/images/336003"
Chux Magic Eraser Handle with Refill Sheet,$5.10,N/A,"https://cdn.metcash.media/image/upload/f_auto,c_limit,w_300,q_auto/igashop/images/310170"
Whiskas 1+ Dry Cat Food Chicken & Turkey Flavours 1.8kg,$11.00,$6.11/kg,"https://cdn.metcash.media/image/upload/f_auto,c_limit,w_300,q_auto/igashop/images/150000006373"
Abbott's Bakery Bread Lower Carb White 600g,$5.80,$0.97/100g,https://www.igashop.com.au/static/default-product-image.png
Youfoodz Honey Mustard Chicken with Garlic Veg 318g,$10.95,$3.44/100g,"https://cdn.metcash.media/image/upload/f_auto,c_limit,w_300,q_auto/igashop/images/150000007572"
Strangelove Coastal Tonic 4 Pack,$11.00,$2.75 each,https://www.igashop.com.au/static/default-product-image.png
Schweppes Classic Mixers Bitter Lemon 4 Pack,$7.50,$1.88 each,"https://cdn.metcash.media/image/upload/f_auto,c_limit,w_300,q_auto/igashop/images/460381"
Coco Earth Butter Chicken Curry 500g,$7.65,$1.53/100g,"https://cdn.metcash.media/image/upload/f_auto,c_limit,w_300,q_auto/igashop/images/540872"
Sirena Sicilian Style Pasta With Tuna 170g,$3.40,$2.00/100g,"https://cdn.metcash.media/image/upload/f_auto,c_limit,w_300,q_auto/igashop/images/279379"
Country Delight Assorted Tarts 4 Pack,$3.00,$0.75 each,"https://cdn.metcash.media/image/upload/f_auto,c_limit,w_300,q_auto/igashop/images/441528"
VitaPet Chews Rawhide Barrels Filled With Chicken Liver 400g,$15.60,$3.90/100g,"https://cdn.metcash.media/image/upload/f_auto,c_limit,w_300,q_auto/igashop/images/160000006180"
Atkins Endulge Caramilsed White Chocolate 5 Pack,$13.95,$2.79 each,"https://cdn.metcash.media/image/upload/f_auto,c_limit,w_300,q_auto/igashop/images/255812"
Karma Drinks Karma Cola 300mL,$3.95,$1.32/100mL,"https://cdn.metcash.media/image/upload/f_auto,c_limit,w_300,q_auto/igashop/images/190000005240"
Community Co Paper Cups Compostable 10 Pack,$1.30,$0.13 each,https://www.igashop.com.au/static/default-product-image.png
Steggles Split Chicken Marinated Peri Peri 1.3kg,$11.00,$8.46/kg,"https://cdn.metcash.media/image/upload/f_auto,c_limit,w_300,q_auto/igashop/images/259853"
V Energy Drink Blue 6 Pack,$12.80,$2.13 each,"https://cdn.metcash.media/image/upload/f_auto,c_limit,w_300,q_auto/igashop/images/891540"
Corelle Winter Frost White Noodle Bowl,$9.50,N/A,"https://cdn.metcash.media/image/upload/f_auto,c_limit,w_300,q_auto/igashop/images/284191"
Community Co Sliced Colby Cheese 500g,$7.90,$1.58/100g,"https://cdn.metcash.media/image/upload/f_auto,c_limit,w_300,q_auto/igashop/images/693094"
Dove Men Antiperspirant Aerosol Deodorant Invisible Dry 50mL,$4.50,$9.00/100mL,"https://cdn.metcash.media/image/upload/f_auto,c_limit,w_300,q_auto/igashop/images/8676"
Curash Family Medicated Powder 100g,$8.25,$8.25/100g,"https://cdn.metcash.media/image/upload/f_auto,c_limit,w_300,q_auto/igashop/images/409000"
Dencorub Self Adhesive Heat Patches 3 Pack,$12.30,$4.10 each,"https://cdn.metcash.media/image/upload/f_auto,c_limit,w_300,q_auto/igashop/images/42968"
Samboy Potato Chips Salt & Vinegar 45g,$1.45,$3.22/100g,"https://cdn.metcash.media/image/upload/f_auto,c_limit,w_300,q_auto/igashop/images/843296"
Air Wick Mini Scents Decorative Air Fresheners Frangipani 2 Pack,$5.00,$2.50 each,"https://cdn.metcash.media/image/upload/f_auto,c_limit,w_300,q_auto/igashop/images/60254"
Huggies Ultra Dry Nappies Boys Size 5 (13-18kg) 32 Pack,$13.00,$0.41 each,"https://cdn.metcash.media/image/upload/f_auto,c_limit,w_300,q_auto/igashop/images/2719"
Bulla Creamy Classics Boysenberry Sundae Cone 4 Pack,$12.75,$3.19 each,"https://cdn.metcash.media/image/upload/f_auto,c_limit,w_300,q_auto/igashop/images/1800000067415"
Ruffled Feathers & Co Hollandaise Sauce 120g,$2.95,$2.46/100g,"https://cdn.metcash.media/image/upload/f_auto,c_limit,w_300,q_auto/igashop/images/190000005064"
Multix Disposable Bag Kitchen Tidy Large 40 Pack,$4.15,$0.10 each,"https://cdn.metcash.media/image/upload/f_auto,c_limit,w_300,q_auto/igashop/images/372009"
Mil Lel Shaved Parmesan 170g,$5.50,$3.24/100g,"https://cdn.metcash.media/image/upload/f_auto,c_limit,w_300,q_auto/igashop/images/894637"
Boulder Canyon Jalapeno Cheddar Potato Chips 142g,$9.00,$6.34/100g,"https://cdn.metcash.media/image/upload/f_auto,c_limit,w_300,q_auto/igashop/images/20000001619"
Nudie Juice Nothing But Orange Juice With Pulp 2L,$9.50,$4.75/1L,"https://cdn.metcash.media/image/upload/f_auto,c_limit,w_300,q_auto/igashop/images/180000000068"
Dine Creamy Treats Tuna & Salmon Flavour Cat Treat 4 Pack,$3.20,$0.80 each,"https://cdn.metcash.media/image/upload/f_auto,c_limit,w_300,q_auto/igashop/images/658955"
Grevity Bone Broth Body Glue 260g,$35.95,$13.83/100g,"https://cdn.metcash.media/image/upload/f_auto,c_limit,w_300,q_auto/igashop/images/190000002294"
OMO Active Clean Laundry Detergent Washing Powder Front & Top Loader 5kg,$37.50,$7.50/kg,"https://cdn.metcash.media/image/upload/f_auto,c_limit,w_300,q_auto/igashop/images/629582"
Wel-Pac Batter Mix Tempura 300g,$2.99,$1.00/100g,https://www.igashop.com.au/static/default-product-image.png
Aeroplane Ready To Eat Jelly Blackcurrant 120g,$1.50,$1.25/100g,"https://cdn.metcash.media/image/upload/f_auto,c_limit,w_300,q_auto/igashop/images/180000000134"
OB Finest Sour Dough Natural 110g,$5.50,$5.00/100g,"https://cdn.metcash.media/image/upload/f_auto,c_limit,w_300,q_auto/igashop/images/991727"
Allen's Big Red Frogs Family Size 420g,$5.50,$1.31/100g,"https://cdn.metcash.media/image/upload/f_auto,c_limit,w_300,q_auto/igashop/images/659257"
Philips LED Warm WHite GU10 4.6W,$12.00,N/A,"https://cdn.metcash.media/image/upload/f_auto,c_limit,w_300,q_auto/igashop/images/20000000489"
Karicare Plus 3 Milk for Toddlers 12+ Months 900g,$20.00,$2.22/100g,"https://cdn.metcash.media/image/upload/f_auto,c_limit,w_300,q_auto/igashop/images/372834"
Moccona Liquid Espresso Medium Roast 8 Pack,$4.30,$0.54 each,"https://cdn.metcash.media/image/upload/f_auto,c_limit,w_300,q_auto/igashop/images/1800000067715"
Heinz Baked Beans English Recipe 300g,$2.90,$0.97/100g,"https://cdn.metcash.media/image/upload/f_auto,c_limit,w_300,q_auto/igashop/images/891223"
Brussel Sprouts 250g,Final cost based on weight,$5.63/$22.50,"https://cdn.metcash.media/image/upload/f_auto,c_limit,w_300,q_auto/igashop/images/80060097"
Organic Care Shampoo Dry Nourish 400mL,$3.45,$0.86/100mL,"https://cdn.metcash.media/image/upload/f_auto,c_limit,w_300,q_auto/igashop/images/428428"
King Island Brie Cape Wickham 200g,$14.90,$7.45/100g,"https://cdn.metcash.media/image/upload/f_auto,c_limit,w_300,q_auto/igashop/images/160000018265"
Continental Cup A Soup Dutch Curry With Rice 2 Pack,$2.80,$1.40 each,"https://cdn.metcash.media/image/upload/f_auto,c_limit,w_300,q_auto/igashop/images/48024"
Purina Fancy Feast Adult Pet Food Petite Delights Tuna 50g,$1.20,$2.40/100g,"https://cdn.metcash.media/image/upload/f_auto,c_limit,w_300,q_auto/igashop/images/189922"
Chupa Chup Best Of Bag Bun 8 Pack,$2.80,$0.35 each,"https://cdn.metcash.media/image/upload/f_auto,c_limit,w_300,q_auto/igashop/images/3582"
Rexona Antiperspirant Aerosol Advanced Invisible Ice Fresh with Antibacterial Protection 220mL,$5.25,$2.39/100mL,"https://cdn.metcash.media/image/upload/f_auto,c_limit,w_300,q_auto/igashop/images/719764"
Nestlé Sweetened Condensed Milk Tube 170g,$3.20,$1.88/100g,"https://cdn.metcash.media/image/upload/f_auto,c_limit,w_300,q_auto/igashop/images/160000013001"
Vileda SuperMocio 3 Action Mop Refill Extra Large,$14.88,N/A,"https://cdn.metcash.media/image/upload/f_auto,c_limit,w_300,q_auto/igashop/images/1800000071224"
Cadbury Dairy Milk Breakaway 180g,$4.00,$2.22/100g,"https://cdn.metcash.media/image/upload/f_auto,c_limit,w_300,q_auto/igashop/images/160000012096"
Helga's Traditional White Bread 750g,$5.20,$0.69/100g,"https://cdn.metcash.media/image/upload/f_auto,c_limit,w_300,q_auto/igashop/images/445145"
Temptations Catnip 85g,$5.50,$6.47/100g,"https://cdn.metcash.media/image/upload/f_auto,c_limit,w_300,q_auto/igashop/images/1800000068696"
Cheetos Flamin Hot Puffs 80g,$1.95,$2.44/100g,"https://cdn.metcash.media/image/upload/f_auto,c_limit,w_300,q_auto/igashop/images/798116"
L'Or Espresso Ristretto Capsules 50 Pack,$29.00,$0.58 each,"https://cdn.metcash.media/image/upload/f_auto,c_limit,w_300,q_auto/igashop/images/1800000067680"
Tip Top Sandwich Wholemeal Thins 240g,$3.90,$1.63/100g,"https://cdn.metcash.media/image/upload/f_auto,c_limit,w_300,q_auto/igashop/images/810065"
Schmackos Strapz Dog Treat Chicken Bag 500g,$11.50,$2.30/100g,"https://cdn.metcash.media/image/upload/f_auto,c_limit,w_300,q_auto/igashop/images/367664"
Vegie Delights Thai Chilli & Lime Cake 280g,$6.70,$2.39/100g,"https://cdn.metcash.media/image/upload/f_auto,c_limit,w_300,q_auto/igashop/images/844792"
Pana Organic Double Chocolate Frozen Dessert 950mL,$13.00,$1.37/100mL,"https://cdn.metcash.media/image/upload/f_auto,c_limit,w_300,q_auto/igashop/images/73697"
Doritos Nacho Cheese 170g,$2.50,$1.47/100g,"https://cdn.metcash.media/image/upload/f_auto,c_limit,w_300,q_auto/igashop/images/298158"
Belladotti Salad Toppers Tuscan Garden 90g,$3.95,$4.39/100g,"https://cdn.metcash.media/image/upload/f_auto,c_limit,w_300,q_auto/igashop/images/20000003140"
Peters Skinny Cow Vanilla Caramel & Double Chocolate Ice Cream Sundaes 4 Pack,$9.55,$2.39 each,"https://cdn.metcash.media/image/upload/f_auto,c_limit,w_300,q_auto/igashop/images/20000007306"
Thursday Plantation Peppermint Oil Headache Relief 25mL,$14.00,$56.00/100mL,"https://cdn.metcash.media/image/upload/f_auto,c_limit,w_300,q_auto/igashop/images/837004"
Olay Total Effects Touch of Foundation Face Cream Moisturiser SPF 15 50g,$32.00,$64.00/100g,"https://cdn.metcash.media/image/upload/f_auto,c_limit,w_300,q_auto/igashop/images/32659"
Community Co Frozen Entertainment Snacks 1kg,$10.00,$10.00/kg,"https://cdn.metcash.media/image/upload/f_auto,c_limit,w_300,q_auto/igashop/images/534855"
Sunkist Fruit Snacks Mixed Fruit 184g,$4.50,$2.45/100g,"https://cdn.metcash.media/image/upload/f_auto,c_limit,w_300,q_auto/igashop/images/452493"
Sweetworld Fairy Floss 15g,$1.45,$9.67/100g,"https://cdn.metcash.media/image/upload/f_auto,c_limit,w_300,q_auto/igashop/images/20000004724"
Jalna Sweet & Creamy Greek Yoghurt 2kg,$13.50,$6.75/kg,"https://cdn.metcash.media/image/upload/f_auto,c_limit,w_300,q_auto/igashop/images/190000004765"
Starbucks Caramel Macchiato 12 Pack,$10.00,$0.83 each,"https://cdn.metcash.media/image/upload/f_auto,c_limit,w_300,q_auto/igashop/images/865523"
Mother Epic Swell Energy Drink 500mL,$2.85,$0.57/100mL,"https://cdn.metcash.media/image/upload/f_auto,c_limit,w_300,q_auto/igashop/images/780401"
Palmolive Ultra Australian Lemon Myrtle Dishwashing Liquid 750mL,$8.00,$1.07/100mL,"https://cdn.metcash.media/image/upload/f_auto,c_limit,w_300,q_auto/igashop/images/218019"
Palmolive Divine Blends Ultra Dish Washing Liquid Lotus Flower 375mL,$3.50,$0.93/100mL,"https://cdn.metcash.media/image/upload/f_auto,c_limit,w_300,q_auto/igashop/images/853128"
Frank Cooper's Original Marmalade 454g,$8.35,$1.84/100g,"https://cdn.metcash.media/image/upload/f_auto,c_limit,w_300,q_auto/igashop/images/739696"
Mutti Tomato Sauce Sweet Datterini 268mL,$3.15,$1.18/100mL,"https://cdn.metcash.media/image/upload/f_auto,c_limit,w_300,q_auto/igashop/images/251282"
San Remo La Pasta Creamy Bacon Pasta & Sauce 80g,$1.40,$1.75/100g,"https://cdn.metcash.media/image/upload/f_auto,c_limit,w_300,q_auto/igashop/images/328678"
Bref Purple Active Lavender Rim Block Toilet Cleaner 50g,$3.50,$7.00/100g,"https://cdn.metcash.media/image/upload/f_auto,c_limit,w_300,q_auto/igashop/images/722209"
Pedigree Medium AdultDry Dog Food With Real Turkey 3kg,$12.00,$4.00/kg,"https://cdn.metcash.media/image/upload/f_auto,c_limit,w_300,q_auto/igashop/images/27858"
Glen 20 Pure Disinfectant Spray Morning Breeze 283g,$11.50,$4.06/100g,"https://cdn.metcash.media/image/upload/f_auto,c_limit,w_300,q_auto/igashop/images/160000011441"
Black & Gold Forks Wooden 50 Pack,$4.50,$0.09 each,https://www.igashop.com.au/static/default-product-image.png
Queensland Yoghurt Co Apple and Cinnamon 500g,$6.50,$1.30/100g,"https://cdn.metcash.media/image/upload/f_auto,c_limit,w_300,q_auto/igashop/images/20000005953"
Ecostore Bathroom & Shower Cleaner Citrus 500mL,$6.00,$1.20/100mL,"https://cdn.metcash.media/image/upload/f_auto,c_limit,w_300,q_auto/igashop/images/892928"
John West Deli Tuna Zesty Lemon & Italian Herb 90g,$2.50,$2.78/100g,"https://cdn.metcash.media/image/upload/f_auto,c_limit,w_300,q_auto/igashop/images/62515"
Tasmanian Heritage Blue Cheese Snack 80g,$4.00,$5.00/100g,"https://cdn.metcash.media/image/upload/f_auto,c_limit,w_300,q_auto/igashop/images/760870"
Fresh Fare Duck & Orange Pate 125g,$5.99,$4.79/100g,"https://cdn.metcash.media/image/upload/f_auto,c_limit,w_300,q_auto/igashop/images/20000002722"
Goulburn Valley Peaches In Juice 2 Pack,$4.80,$2.40 each,"https://cdn.metcash.media/image/upload/f_auto,c_limit,w_300,q_auto/igashop/images/850659"
BSc Body Science High Protein Low Carb Bar Cookie Dough 60g,$5.00,$8.33/100g,"https://cdn.metcash.media/image/upload/f_auto,c_limit,w_300,q_auto/igashop/images/160000012076"
Uncle Tobys Le Snak Snacks for Kids Vegemite 132g,$5.50,$4.17/100g,"https://cdn.metcash.media/image/upload/f_auto,c_limit,w_300,q_auto/igashop/images/190000011695"
Multix Non Stick Bake 30m x 30cm,$7.65,N/A,"https://cdn.metcash.media/image/upload/f_auto,c_limit,w_300,q_auto/igashop/images/381558"
Edgell Snack Time Red Kidney Bean And Corn With Capsicum And Pepper 70g,$1.60,$2.29/100g,"https://cdn.metcash.media/image/upload/f_auto,c_limit,w_300,q_auto/igashop/images/580089"
McCain Pub Style Extra Crispy Chips 750g,$6.00,$0.80/100g,"https://cdn.metcash.media/image/upload/f_auto,c_limit,w_300,q_auto/igashop/images/798970"
Combat Clothing Moth Protector 2 In 1 Action 4mL,$12.50,$312.50/100mL,"https://cdn.metcash.media/image/upload/f_auto,c_limit,w_300,q_auto/igashop/images/676144"
Brookfarm Chocolate Almond & Coconut Prebiotic Wholefood Bar 40g,$3.00,$7.50/100g,"https://cdn.metcash.media/image/upload/f_auto,c_limit,w_300,q_auto/igashop/images/150000008214"
Hershey's Chocolate Syrup Squeeze 680g,$6.00,$0.88/100g,"https://cdn.metcash.media/image/upload/f_auto,c_limit,w_300,q_auto/igashop/images/16000001584"
Half Honeydew,$3.95,N/A,"https://cdn.metcash.media/image/upload/f_auto,c_limit,w_300,q_auto/igashop/images/80050037"
Pandaroo Coconut Milk 400mL,$2.25,$0.56/100mL,"https://cdn.metcash.media/image/upload/f_auto,c_limit,w_300,q_auto/igashop/images/378055"
Jack Hammer Brass Padlock 40mm,$6.50,N/A,"https://cdn.metcash.media/image/upload/f_auto,c_limit,w_300,q_auto/igashop/images/213815"
Gold Gourmet Garlic Aioli 500mL,$10.50,$2.10/100mL,https://www.igashop.com.au/static/default-product-image.png
Terry's Chocolate Orange Milk Ball 157g,$7.00,$4.46/100g,"https://cdn.metcash.media/image/upload/f_auto,c_limit,w_300,q_auto/igashop/images/150000007740"
Waterfords Mineral Water Tahitian Lime 1L,$1.75,$1.75/1L,"https://cdn.metcash.media/image/upload/f_auto,c_limit,w_300,q_auto/igashop/images/647768"
Ready Chef Creamy Tomato & Bacon Pasta Bake 1.2kg,$12.50,$10.42/kg,"https://cdn.metcash.media/image/upload/f_auto,c_limit,w_300,q_auto/igashop/images/180000002601"
Shale Point Brie 200g,$11.00,$5.50/100g,"https://cdn.metcash.media/image/upload/f_auto,c_limit,w_300,q_auto/igashop/images/7341"
Musashi High Protein Shake Iced Chocolate 375mL,$5.50,$1.47/100mL,"https://cdn.metcash.media/image/upload/f_auto,c_limit,w_300,q_auto/igashop/images/61543"
Community Co Original Marmalade 500g,$2.80,$0.56/100g,"https://cdn.metcash.media/image/upload/f_auto,c_limit,w_300,q_auto/igashop/images/610216"
Cadbury Old Gold Affogato 180g,$4.00,$2.22/100g,"https://cdn.metcash.media/image/upload/f_auto,c_limit,w_300,q_auto/igashop/images/180000005352"
Optimum Adult Wet Dog Food with Lamb & Rice Can 700g,$4.20,$0.60/100g,"https://cdn.metcash.media/image/upload/f_auto,c_limit,w_300,q_auto/igashop/images/444872_1"
Arnott’s Fun Sticks Rolled Wafer Vanilla Flavour 180g,$4.75,$2.64/100g,"https://cdn.metcash.media/image/upload/f_auto,c_limit,w_300,q_auto/igashop/images/1800000071296"
McCain Peas 1kg,$6.00,$6.00/kg,"https://cdn.metcash.media/image/upload/f_auto,c_limit,w_300,q_auto/igashop/images/106733"
Remedy Kombucha Pink Grapefruit 330mL,$4.30,$1.30/100mL,https://www.igashop.com.au/static/default-product-image.png
Natures Goodness Grain Free Radiant Coat with Chicken and Garden Vegetables Adult Wet Dog Food 400g,$3.10,$0.78/100g,"https://cdn.metcash.media/image/upload/f_auto,c_limit,w_300,q_auto/igashop/images/180000001529"
Sprite Zero Sugar Lemonade Soft Drink 600mL,$4.00,$0.67/100mL,"https://cdn.metcash.media/image/upload/f_auto,c_limit,w_300,q_auto/igashop/images/9300675087117_1"
Gotzinger Knackwurst 450g,$10.70,$2.38/100g,"https://cdn.metcash.media/image/upload/f_auto,c_limit,w_300,q_auto/igashop/images/875073"
Chum Beef & Vegetable 700g,$2.95,$0.42/100g,"https://cdn.metcash.media/image/upload/f_auto,c_limit,w_300,q_auto/igashop/images/34902"
Selleys Spakfilla Rapid Gap Filler 180g,$13.65,$7.58/100g,"https://cdn.metcash.media/image/upload/f_auto,c_limit,w_300,q_auto/igashop/images/202157"
Pepsi Max Vanilla 1.25L,$3.50,$2.80/1L,"https://cdn.metcash.media/image/upload/f_auto,c_limit,w_300,q_auto/igashop/images/766842"
Community Co Salty & Sweet Popcorn 120g,$2.30,$1.92/100g,"https://cdn.metcash.media/image/upload/f_auto,c_limit,w_300,q_auto/igashop/images/412155"
Orgran Crispbread Buckwheat 125g,$4.00,$3.20/100g,"https://cdn.metcash.media/image/upload/f_auto,c_limit,w_300,q_auto/igashop/images/20000005051"
The Spice Tailor Thai Red Curry 275g,$6.70,$2.44/100g,"https://cdn.metcash.media/image/upload/f_auto,c_limit,w_300,q_auto/igashop/images/160000003483"
TRESemmé Violet Blonde Shine Conditioner 675mL,$13.00,$1.93/100mL,"https://cdn.metcash.media/image/upload/f_auto,c_limit,w_300,q_auto/igashop/images/809899"
Bulla Creamy Classics Caramel Sundae Cone 4 Pack,$6.25,$1.56 each,"https://cdn.metcash.media/image/upload/f_auto,c_limit,w_300,q_auto/igashop/images/1800000067416"
Black & Gold Soy Sauce 500mL,$1.90,$0.38/100mL,"https://cdn.metcash.media/image/upload/f_auto,c_limit,w_300,q_auto/igashop/images/29606"
Fresh Pasta Co Vegetable Lasagne 1.4kg,$33.95,$24.25/kg,"https://cdn.metcash.media/image/upload/f_auto,c_limit,w_300,q_auto/igashop/images/20000005226"
Maybelline Fit Me Natural Coverage Concealer - Light 15,$10.50,N/A,"https://cdn.metcash.media/image/upload/f_auto,c_limit,w_300,q_auto/igashop/images/331765"
Nice & Natural Nut Bar Peanut 175g,$5.00,$2.86/100g,"https://cdn.metcash.media/image/upload/f_auto,c_limit,w_300,q_auto/igashop/images/190000005216"
Heather Brea Pastry Flan 160g,$5.75,$3.59/100g,https://www.igashop.com.au/static/default-product-image.png
Arnott's Chocolate Ripple 250g,$2.90,$1.16/100g,"https://cdn.metcash.media/image/upload/f_auto,c_limit,w_300,q_auto/igashop/images/344365"
Toscano Pizza Bruschettina 270g,$6.00,$2.22/100g,"https://cdn.metcash.media/image/upload/f_auto,c_limit,w_300,q_auto/igashop/images/20000002450"
Cadbury Dairy Milk Caramello Koala Chocolate Sharepack 12 Pack,$7.50,$0.62 each,"https://cdn.metcash.media/image/upload/f_auto,c_limit,w_300,q_auto/igashop/images/170000001061"
Ardmona Pasta Sauce Olive Oil & Garlic 360g,$4.30,$1.19/100g,"https://cdn.metcash.media/image/upload/f_auto,c_limit,w_300,q_auto/igashop/images/180000006389"
Cadbury Marvellous Creations Bites 120g,$3.50,$2.92/100g,"https://cdn.metcash.media/image/upload/f_auto,c_limit,w_300,q_auto/igashop/images/180000005349"
Aveeno Daily Moisturising Wash 532mL,$16.50,$3.10/100mL,"https://cdn.metcash.media/image/upload/f_auto,c_limit,w_300,q_auto/igashop/images/878982"
Maggie Beer Natural Stock Chicken 1L,$9.30,$9.30/1L,"https://cdn.metcash.media/image/upload/f_auto,c_limit,w_300,q_auto/igashop/images/645216"
Eveready Red Heavy Duty AAA 10 Pack,$8.80,$0.88 each,"https://cdn.metcash.media/image/upload/f_auto,c_limit,w_300,q_auto/igashop/images/901882"
Pandaroo Coconut Cream 400mL,$2.50,$0.63/100mL,"https://cdn.metcash.media/image/upload/f_auto,c_limit,w_300,q_auto/igashop/images/20000005815"
Baby Bellies Organic Sweet Potato Pick Up Sticks 16g,$3.90,$24.38/100g,"https://cdn.metcash.media/image/upload/f_auto,c_limit,w_300,q_auto/igashop/images/20000005177"
Nurofen For Children 7+ Soft Chewable Capsules Orange 100mg Ibuprofen 12 Pack,$10.00,$0.83 each,"https://cdn.metcash.media/image/upload/f_auto,c_limit,w_300,q_auto/igashop/images/669590"
Armor All Cloth All Purpose,$16.60,N/A,"https://cdn.metcash.media/image/upload/f_auto,c_limit,w_300,q_auto/igashop/images/700058"
Felix Sensations Cat Food Meat Selection 12 Pack,$10.00,$0.83 each,"https://cdn.metcash.media/image/upload/f_auto,c_limit,w_300,q_auto/igashop/images/840662"
Schwarzkopf Extra Care Keratin Strength Hairspray 250g,$7.70,$3.08/100g,"https://cdn.metcash.media/image/upload/f_auto,c_limit,w_300,q_auto/igashop/images/85995"
Heinz Steam Fresh Carrot Corn & Broccoli 450g,$4.50,$1.00/100g,"https://cdn.metcash.media/image/upload/f_auto,c_limit,w_300,q_auto/igashop/images/157954"
Redberry Styling 1/2 Round Brush,$7.50,N/A,"https://cdn.metcash.media/image/upload/f_auto,c_limit,w_300,q_auto/igashop/images/247649"
Olay Regenerist Micro-Sculpting Night Face Cream Moisturiser 50g,$52.90,$105.80/100g,"https://cdn.metcash.media/image/upload/f_auto,c_limit,w_300,q_auto/igashop/images/943198"
San Remo No. 53 Large Spirals 500g,$2.95,$0.59/100g,"https://cdn.metcash.media/image/upload/f_auto,c_limit,w_300,q_auto/igashop/images/352601"
Lynx For Men Antiperspirant Roll On Deodorant Africa 50mL,$4.50,$9.00/100mL,"https://cdn.metcash.media/image/upload/f_auto,c_limit,w_300,q_auto/igashop/images/613641"
Green's Lamington Triple Choc 4 Pack,$5.30,$1.33 each,"https://cdn.metcash.media/image/upload/f_auto,c_limit,w_300,q_auto/igashop/images/464746"
Elvive Hyaluron Plump Moisture Mask 300mL,$15.00,$5.00/100mL,"https://cdn.metcash.media/image/upload/f_auto,c_limit,w_300,q_auto/igashop/images/188366"
McCain Winter Mixed Vegetables 1kg,$7.65,$7.65/kg,"https://cdn.metcash.media/image/upload/f_auto,c_limit,w_300,q_auto/igashop/images/159100"
Edgell Peas & Carrots 420g,$2.50,$0.60/100g,"https://cdn.metcash.media/image/upload/f_auto,c_limit,w_300,q_auto/igashop/images/393136"
Continental Pasta & Sauce Four Cheeses 145g,$3.80,$2.62/100g,https://www.igashop.com.au/static/default-product-image.png
Gravy Beef 700g,Final cost based on weight,$12.95/$18.50,"https://cdn.metcash.media/image/upload/f_auto,c_limit,w_300,q_auto/igashop/images/80080124"
Suimin Rice Crackers Original 100g,$1.75,$1.75/100g,"https://cdn.metcash.media/image/upload/f_auto,c_limit,w_300,q_auto/igashop/images/799992"
Kinder Chocolate Sharepack 16 Pack,$7.50,$0.47 each,"https://cdn.metcash.media/image/upload/f_auto,c_limit,w_300,q_auto/igashop/images/375798"
Dr Pepper Can 355mL,$3.00,$0.85/100mL,"https://cdn.metcash.media/image/upload/f_auto,c_limit,w_300,q_auto/igashop/images/190000003557"
Purina Total Care Petcare Pixar Mike Dog Toy,$13.10,N/A,"https://cdn.metcash.media/image/upload/f_auto,c_limit,w_300,q_auto/igashop/images/516580"
Pine O Cleen Washing Machine Cleaner 250mL,$7.95,$3.18/100mL,"https://cdn.metcash.media/image/upload/f_auto,c_limit,w_300,q_auto/igashop/images/291305"
Equal Sweetener Sachets 50 Pack,$4.20,$0.08 each,"https://cdn.metcash.media/image/upload/f_auto,c_limit,w_300,q_auto/igashop/images/55314"
Bulla Murray Street Choc Mint Sundae 1L,$6.00,$6.00/1L,"https://cdn.metcash.media/image/upload/f_auto,c_limit,w_300,q_auto/igashop/images/437189"
Tamar Valley Dairy Kids Greek Yoghurt Strawberry Pouch 110g,$2.50,$2.27/100g,"https://cdn.metcash.media/image/upload/f_auto,c_limit,w_300,q_auto/igashop/images/663154"
SunRice Steamed Rice Gluten Free Brown Rice & Quinoa 250g,$3.50,$1.40/100g,"https://cdn.metcash.media/image/upload/f_auto,c_limit,w_300,q_auto/igashop/images/394381"
Bacon Short Cut 1kg,Final cost based on weight,$18.00/$18.00,"https://cdn.metcash.media/image/upload/f_auto,c_limit,w_300,q_auto/igashop/images/80072010"
Ritter Sport Whole Hazelnuts Dark Chocolate 100g,$6.00,$6.00/100g,"https://cdn.metcash.media/image/upload/f_auto,c_limit,w_300,q_auto/igashop/images/20000003384"
Alter Eco Deep Dark Salted Burnt Caramel Organic Chocolate 80g,$7.50,$9.38/100g,"https://cdn.metcash.media/image/upload/f_auto,c_limit,w_300,q_auto/igashop/images/6067"
Slape & Sons Smokey Chargrill Beef Sausages 480g,$9.00,$1.87/100g,"https://cdn.metcash.media/image/upload/f_auto,c_limit,w_300,q_auto/igashop/images/20000004961"
Purina Total Care Allwormer & Flea Tasty Chew Small Dogs,$26.50,N/A,"https://cdn.metcash.media/image/upload/f_auto,c_limit,w_300,q_auto/igashop/images/861587"
Cadbury Dairy Milk Gift Box 220g,$12.00,$5.45/100g,"https://cdn.metcash.media/image/upload/f_auto,c_limit,w_300,q_auto/igashop/images/1800000071701"
Peppercorn Butch Beef Jumbo Burger Garlic Pepper 600g,$14.00,$2.33/100g,"https://cdn.metcash.media/image/upload/f_auto,c_limit,w_300,q_auto/igashop/images/480352"
Sanpellegrino Sparkling Natural Mineral Water 6 Pack,$19.00,$3.17 each,"https://cdn.metcash.media/image/upload/f_auto,c_limit,w_300,q_auto/igashop/images/334420"
Stoneybrook Mixed Berries 1kg,$14.95,$14.95/kg,"https://cdn.metcash.media/image/upload/f_auto,c_limit,w_300,q_auto/igashop/images/190000004004"
Four 'N Twenty Pies Chicken & Vegetable 4 Pack,$8.00,$2.00 each,"https://cdn.metcash.media/image/upload/f_auto,c_limit,w_300,q_auto/igashop/images/131607"
Boost Juice Mango Sunshine 1L,$6.20,$6.20/1L,"https://cdn.metcash.media/image/upload/f_auto,c_limit,w_300,q_auto/igashop/images/360808"
Summer Snow Sparkling Granny Smith & Mint Apple Juice 1L,$5.50,$5.50/1L,"https://cdn.metcash.media/image/upload/f_auto,c_limit,w_300,q_auto/igashop/images/190000002000"
Oatly Non-Dairy Frozen Dessert Mint Chip 473mL,$9.50,$2.01/100mL,"https://cdn.metcash.media/image/upload/f_auto,c_limit,w_300,q_auto/igashop/images/160000013503"
Nestlé Baker's Choice Choc Bits Milk Chocolate 375g,$9.00,$2.40/100g,"https://cdn.metcash.media/image/upload/f_auto,c_limit,w_300,q_auto/igashop/images/20000002409"
Korbond White Poly Thread 160m,$2.60,N/A,"https://cdn.metcash.media/image/upload/f_auto,c_limit,w_300,q_auto/igashop/images/289620"
Cadbury Pure Milk Balls 135g,$3.50,$2.59/100g,"https://cdn.metcash.media/image/upload/f_auto,c_limit,w_300,q_auto/igashop/images/180000005356"
Pauls Double Thick French Vanilla Custard 900g,$6.50,$0.72/100g,"https://cdn.metcash.media/image/upload/f_auto,c_limit,w_300,q_auto/igashop/images/107629"
Whole Earth Allulose Granules 200g,$10.10,$5.05/100g,https://www.igashop.com.au/static/default-product-image.png
Fanta Orange Zero Sugar Soft Drink Multipack Cans 6 Pack,$6.00,$1.00 each,"https://cdn.metcash.media/image/upload/f_auto,c_limit,w_300,q_auto/igashop/images/672970"
Nando's Marinade Peri-Peri Medium 262g,$4.70,$1.79/100g,"https://cdn.metcash.media/image/upload/f_auto,c_limit,w_300,q_auto/igashop/images/236376"
Oreo Double Stuff Dark Chocolate Mudcake 131g,$2.00,$1.53/100g,"https://cdn.metcash.media/image/upload/f_auto,c_limit,w_300,q_auto/igashop/images/374108"
Lite n' Easy Tasmanian Salmon Pasta 445g,$13.50,$3.03/100g,"https://cdn.metcash.media/image/upload/f_auto,c_limit,w_300,q_auto/igashop/images/450226"
Byron Bay Muesli Macadamia Classic Style 450g,$15.50,$3.44/100g,"https://cdn.metcash.media/image/upload/f_auto,c_limit,w_300,q_auto/igashop/images/160000012086"
Vannella Pizzarella Cheese 250g,$7.50,$3.00/100g,"https://cdn.metcash.media/image/upload/f_auto,c_limit,w_300,q_auto/igashop/images/160000017727"
Kettle Potato Chips Sea Salt Cooked in Avocado Oil 135g,$6.00,$4.44/100g,"https://cdn.metcash.media/image/upload/f_auto,c_limit,w_300,q_auto/igashop/images/169252"
Calypso Mango,$2.95,N/A,"https://cdn.metcash.media/image/upload/f_auto,c_limit,w_300,q_auto/igashop/images/80050083"
Birds Eye Chopped Onions 500g,$3.75,$0.75/100g,"https://cdn.metcash.media/image/upload/f_auto,c_limit,w_300,q_auto/igashop/images/106076"
Four Seasons Naked Large Condoms 12 Pack,$5.35,$0.45 each,"https://cdn.metcash.media/image/upload/f_auto,c_limit,w_300,q_auto/igashop/images/28590"
Pauls Milky Max Bluey 250mL,$2.70,$1.08/100mL,"https://cdn.metcash.media/image/upload/f_auto,c_limit,w_300,q_auto/igashop/images/202819"
Sweet William Chocolate Sweet As Original Chocolate Block 100g,$4.80,$4.80/100g,"https://cdn.metcash.media/image/upload/f_auto,c_limit,w_300,q_auto/igashop/images/160000014166"
Devondale Moo Chocolate Flavoured Milk 6 Pack,$7.45,$1.24 each,"https://cdn.metcash.media/image/upload/f_auto,c_limit,w_300,q_auto/igashop/images/1800000070452"
Post-It Notes Standard Yellow 100 Pack,$3.00,$0.03 each,"https://cdn.metcash.media/image/upload/f_auto,c_limit,w_300,q_auto/igashop/images/255930"
Chobani Fit High Protein Greek Yogurt Cookies & Cream 160g,$3.00,$1.88/100g,"https://cdn.metcash.media/image/upload/f_auto,c_limit,w_300,q_auto/igashop/images/180000006425"
Praise Mayonnaise Squeeze Chipotle Aioli 470g,$7.00,$1.49/100g,"https://cdn.metcash.media/image/upload/f_auto,c_limit,w_300,q_auto/igashop/images/375502"
Heinz Seriously Good Original Squeezy Mayonnaise 500mL,$7.00,$1.40/100mL,"https://cdn.metcash.media/image/upload/f_auto,c_limit,w_300,q_auto/igashop/images/492370"
Red Tulip Easter Eggs 204g,$10.20,$5.00/100g,"https://cdn.metcash.media/image/upload/f_auto,c_limit,w_300,q_auto/igashop/images/333628"
Continental Nutrish Liquid Stock Vegan Vegetable 500mL,$1.80,$0.36/100mL,"https://cdn.metcash.media/image/upload/f_auto,c_limit,w_300,q_auto/igashop/images/160000011626"
Spice & Co Allspice Pimento Ground 40g,$3.75,$9.38/100g,"https://cdn.metcash.media/image/upload/f_auto,c_limit,w_300,q_auto/igashop/images/190000002377"
Cutex Nail Polish Remover Nourishing 100mL,$5.00,$5.00/100mL,"https://cdn.metcash.media/image/upload/f_auto,c_limit,w_300,q_auto/igashop/images/430645"
Blistex Lip Conditioner 7g,$6.50,$92.86/100g,https://www.igashop.com.au/static/default-product-image.png
"Uncle Tobys Protein Bars with Raspberry, Goji & White Chocolate 5 Pack 175g",$6.70,$3.83/100g,"https://cdn.metcash.media/image/upload/f_auto,c_limit,w_300,q_auto/igashop/images/609579"
St Dalfour Blueberry Spread 284g,$6.20,$2.18/100g,"https://cdn.metcash.media/image/upload/f_auto,c_limit,w_300,q_auto/igashop/images/25979"
Fab Essentials Cotton Seeds Oil & Red Cherry Blossom Liquid Laundry Washing Detergent 1.8kg,$8.00,$4.44/kg,"https://cdn.metcash.media/image/upload/f_auto,c_limit,w_300,q_auto/igashop/images/827680"
Duracell AAA 8 Pack,$15.00,$1.88 each,"https://cdn.metcash.media/image/upload/f_auto,c_limit,w_300,q_auto/igashop/images/220435"
Queen Finest Natural Lemon Extract 50mL,$2.50,$5.00/100mL,"https://cdn.metcash.media/image/upload/f_auto,c_limit,w_300,q_auto/igashop/images/97206"
MasterFoods Finely Chopped Ginger 160g,$3.60,$2.25/100g,"https://cdn.metcash.media/image/upload/f_auto,c_limit,w_300,q_auto/igashop/images/491120"
Pertutti Traditional Potato Gnocchi 500g,$11.50,$2.30/100g,"https://cdn.metcash.media/image/upload/f_auto,c_limit,w_300,q_auto/igashop/images/20000006295"
Darrell Lea Minty Crunchy Milk Chocolate Balls 168g,$6.00,$3.57/100g,"https://cdn.metcash.media/image/upload/f_auto,c_limit,w_300,q_auto/igashop/images/814941"
Leggos Diced Tomatoes 400g,$1.80,$0.45/100g,"https://cdn.metcash.media/image/upload/f_auto,c_limit,w_300,q_auto/igashop/images/1800000067666"
Peckish Vegetable Rice Crackers Garden Veg 90g,$2.99,$3.32/100g,"https://cdn.metcash.media/image/upload/f_auto,c_limit,w_300,q_auto/igashop/images/20000007208"
Remedy Organic Kombucha Peach 750mL,$7.50,$1.00/100mL,"https://cdn.metcash.media/image/upload/f_auto,c_limit,w_300,q_auto/igashop/images/6600"
I Choose Re-Use 80% Recycled Bag,$0.20,N/A,"https://cdn.metcash.media/image/upload/f_auto,c_limit,w_300,q_auto/igashop/images/160000018169"
Duro-Tuss Relief Dry Cough Liquid 200mL,$17.00,$8.50/100mL,"https://cdn.metcash.media/image/upload/f_auto,c_limit,w_300,q_auto/igashop/images/533320"
Fanta Raspberry Zero Sugar Soft Drink Multipack Mini Can 6 Pack,$6.00,$1.00 each,"https://cdn.metcash.media/image/upload/f_auto,c_limit,w_300,q_auto/igashop/images/230189"
Spice & Co Fenugreek Seeds 80g,$3.75,$4.69/100g,"https://cdn.metcash.media/image/upload/f_auto,c_limit,w_300,q_auto/igashop/images/190000002400"
Arnott's Tim Tam Biscuits Original Family 365g,$6.90,$1.89/100g,"https://cdn.metcash.media/image/upload/f_auto,c_limit,w_300,q_auto/igashop/images/637310"
Oreo Choc Mini Munching Box 157g,$4.50,$2.87/100g,"https://cdn.metcash.media/image/upload/f_auto,c_limit,w_300,q_auto/igashop/images/563503"
Finish Ultimate Auto Dishwash Tablets Lemon Sparkle 34 Pack,$18.00,$0.53 each,"https://cdn.metcash.media/image/upload/f_auto,c_limit,w_300,q_auto/igashop/images/180000002857"
Local Legends Biltong Orignal 45g,$4.30,$9.56/100g,"https://cdn.metcash.media/image/upload/f_auto,c_limit,w_300,q_auto/igashop/images/730362"
Rexona Women Antiperspirant Aerosol Cotton Fresh 250mL,$6.00,$2.40/100mL,"https://cdn.metcash.media/image/upload/f_auto,c_limit,w_300,q_auto/igashop/images/54059"
Twisties Extruded Snacks Fairy Floss 250g,$3.70,$1.48/100g,https://www.igashop.com.au/static/default-product-image.png
Sugo Tu Pizza Sauce 360g,$5.00,$1.39/100g,"https://cdn.metcash.media/image/upload/f_auto,c_limit,w_300,q_auto/igashop/images/190000005108"
Always Fresh Mini Toasts 90g,$2.70,$3.00/100g,"https://cdn.metcash.media/image/upload/f_auto,c_limit,w_300,q_auto/igashop/images/638866"
Harpic Fresh Power Toilet Cleaner Marine Splash 700mL,$7.00,$1.00/100mL,"https://cdn.metcash.media/image/upload/f_auto,c_limit,w_300,q_auto/igashop/images/898550"
Ultimates Indulge Beef & Gravy 400g,$2.65,$0.66/100g,"https://cdn.metcash.media/image/upload/f_auto,c_limit,w_300,q_auto/igashop/images/938520"
John West Tuna With Lemon & Cracked Pepper Value Pack 12 Pack,$19.00,$1.58 each,"https://cdn.metcash.media/image/upload/f_auto,c_limit,w_300,q_auto/igashop/images/180000006276"
Dove Shampoo Nourishing Moisture 820mL,$8.50,$1.04/100mL,"https://cdn.metcash.media/image/upload/f_auto,c_limit,w_300,q_auto/igashop/images/510699"
ViledaAnsell Glove Heavy Duty Large,$4.50,N/A,"https://cdn.metcash.media/image/upload/f_auto,c_limit,w_300,q_auto/igashop/images/276389"
Mortein Mosquito & Fly Control Odourless 2.57mL,$19.50,$758.75/100mL,"https://cdn.metcash.media/image/upload/f_auto,c_limit,w_300,q_auto/igashop/images/190000002909"
Big Lolly Hard Jubes 200g,$2.30,$1.15/100g,"https://cdn.metcash.media/image/upload/f_auto,c_limit,w_300,q_auto/igashop/images/20000003209"
"400 Gradi Mushroom, Garlic & Truffle Arancini 500g",$15.50,$3.10/100g,"https://cdn.metcash.media/image/upload/f_auto,c_limit,w_300,q_auto/igashop/images/190000009606"
Pampas Sweet Flan Pie Case 220g,$3.50,$1.59/100g,"https://cdn.metcash.media/image/upload/f_auto,c_limit,w_300,q_auto/igashop/images/20000007410"
Australian Goat's Milk & Honey Cream 100g,$3.65,$3.65/100g,"https://cdn.metcash.media/image/upload/f_auto,c_limit,w_300,q_auto/igashop/images/988177"
Community Co Cocktail Onions 480g,$3.70,$0.77/100g,"https://cdn.metcash.media/image/upload/f_auto,c_limit,w_300,q_auto/igashop/images/742149"
Stoneybrook Raspberries Frozen 1kg,$14.95,$14.95/kg,"https://cdn.metcash.media/image/upload/f_auto,c_limit,w_300,q_auto/igashop/images/20000005408"
The Paw Grocer Peanut Butter Bed Time Bikkies Dog Treats 150g,$9.20,$6.13/100g,"https://cdn.metcash.media/image/upload/f_auto,c_limit,w_300,q_auto/igashop/images/829454"
Huggies Nappy Pants Junior Boy 24 Pack,$22.00,$0.92 each,"https://cdn.metcash.media/image/upload/f_auto,c_limit,w_300,q_auto/igashop/images/759154"
Chux Sponge Scourer Non-Scratch 2 Pack,$4.85,$2.43 each,"https://cdn.metcash.media/image/upload/f_auto,c_limit,w_300,q_auto/igashop/images/9355"
Supercoat Smartblend Adult Dog Food With Beef 2.8kg,$9.00,$3.21/kg,"https://cdn.metcash.media/image/upload/f_auto,c_limit,w_300,q_auto/igashop/images/663141"
Black & Gold Bacon Streaky 200g,$5.50,$2.75/100g,"https://cdn.metcash.media/image/upload/f_auto,c_limit,w_300,q_auto/igashop/images/658764"
Community Co Chicken Korma with Rice 350g,$10.00,$2.86/100g,"https://cdn.metcash.media/image/upload/f_auto,c_limit,w_300,q_auto/igashop/images/231931"
Tena Pads Extra Standard Length 12 Pack,$6.35,$0.53 each,"https://cdn.metcash.media/image/upload/f_auto,c_limit,w_300,q_auto/igashop/images/171225"
Nescafe Farmers Origins Capsules 3 Americas Lungo 10 Pack,$7.00,$0.70 each,"https://cdn.metcash.media/image/upload/f_auto,c_limit,w_300,q_auto/igashop/images/160000013906"
Coyo Coconut Yoghurt Natural 900g,$12.00,$1.33/100g,"https://cdn.metcash.media/image/upload/f_auto,c_limit,w_300,q_auto/igashop/images/20000005490"
Huggies Ultra Dry Nappy Pants Boy Size 5 (12-17kg) 54 Pack,$33.50,$0.62 each,"https://cdn.metcash.media/image/upload/f_auto,c_limit,w_300,q_auto/igashop/images/170000002410"
Continental Pasta & Sauce Butter Chicken 80g,$3.80,$4.75/100g,"https://cdn.metcash.media/image/upload/f_auto,c_limit,w_300,q_auto/igashop/images/1800000067494"
Cuddly Fabric Softener Ultra Sensitive 1L,$10.50,$10.50/1L,"https://cdn.metcash.media/image/upload/f_auto,c_limit,w_300,q_auto/igashop/images/31886"
Proper Chips Salted Tortilla Chips 150g,$6.80,$4.53/100g,"https://cdn.metcash.media/image/upload/f_auto,c_limit,w_300,q_auto/igashop/images/190000001758"
Harpic Eco Fresh Eucalyptus Toilet Block,$6.20,N/A,"https://cdn.metcash.media/image/upload/f_auto,c_limit,w_300,q_auto/igashop/images/160000011475"
Supercoat True Origin Salmon & Ocean Fish 2.5kg,$24.00,$9.60/kg,"https://cdn.metcash.media/image/upload/f_auto,c_limit,w_300,q_auto/igashop/images/921057"
Philips Halogen Clear Candle Bayonet Cap Base 2 Pack,$8.00,$4.00 each,"https://cdn.metcash.media/image/upload/f_auto,c_limit,w_300,q_auto/igashop/images/712165"
Food Guru Stainless Steel Teaspoon Cutlery 6 Pack,$3.00,$0.50 each,"https://cdn.metcash.media/image/upload/f_auto,c_limit,w_300,q_auto/igashop/images/832826"
Clif Bar Blueberry Crisp 68g,$3.40,$5.00/100g,"https://cdn.metcash.media/image/upload/f_auto,c_limit,w_300,q_auto/igashop/images/190000004651"
Majans Infuzions Veggie Straws Sour Cream & Herb Flavour 100g,$4.30,$4.30/100g,"https://cdn.metcash.media/image/upload/f_auto,c_limit,w_300,q_auto/igashop/images/939932"
Voltaren Emulgel No Mess 75g,$21.50,$28.67/100g,"https://cdn.metcash.media/image/upload/f_auto,c_limit,w_300,q_auto/igashop/images/688361"
IGA Lean 5 Star Beef Mince 500g,$8.50,$1.70/100g,"https://cdn.metcash.media/image/upload/f_auto,c_limit,w_300,q_auto/igashop/images/715964"
Birds Eye Oven Bake Herb & Garlic 425g,$6.00,$1.41/100g,"https://cdn.metcash.media/image/upload/f_auto,c_limit,w_300,q_auto/igashop/images/177441"
Diet Rite Lite Salt 170g,$3.10,$1.82/100g,"https://cdn.metcash.media/image/upload/f_auto,c_limit,w_300,q_auto/igashop/images/363288"
Oxyshred Energy Juicy Watermelon 355mL,$16.00,$4.51/100mL,https://www.igashop.com.au/static/default-product-image.png
Dove Body Bar Shea Butter 2 Pack,$5.50,$2.75 each,"https://cdn.metcash.media/image/upload/f_auto,c_limit,w_300,q_auto/igashop/images/617904"
Queen Ready To Roll Fondant Chocolate Flavour 600g,$7.15,$1.19/100g,https://www.igashop.com.au/static/default-product-image.png
LifeStyles Condoms Protect 10 Pack,$6.75,$0.68 each,"https://cdn.metcash.media/image/upload/f_auto,c_limit,w_300,q_auto/igashop/images/166660"
Greenseas Tuna In Extra Virgin Olive Oil Blend 95g,$1.70,$1.79/100g,"https://cdn.metcash.media/image/upload/f_auto,c_limit,w_300,q_auto/igashop/images/9656"
Peters Maxibon Original Vanilla 4 Pack,$7.90,$1.98 each,"https://cdn.metcash.media/image/upload/f_auto,c_limit,w_300,q_auto/igashop/images/211172"
MasterFoods Shepherd's Pie Oven Bake Recipe Base 175g,$2.70,$1.54/100g,"https://cdn.metcash.media/image/upload/f_auto,c_limit,w_300,q_auto/igashop/images/414937"
Proper Crisps Big Cut Dill Pickle 140g,$6.80,$4.86/100g,https://www.igashop.com.au/static/default-product-image.png
Frank's Redhot Buffale Sauce 148mL,$3.80,$2.57/100mL,"https://cdn.metcash.media/image/upload/f_auto,c_limit,w_300,q_auto/igashop/images/190000001335"
Mutti Vegan Bolognese 400g,$6.50,$1.63/100g,"https://cdn.metcash.media/image/upload/f_auto,c_limit,w_300,q_auto/igashop/images/231224"
Pauls Smarter Reduced Fat Milk 1L,$3.20,$3.20/1L,"https://cdn.metcash.media/image/upload/f_auto,c_limit,w_300,q_auto/igashop/images/6146"
Maggi Fusian Noodles Soy Mild Spice 5 Pack,$3.50,$0.70 each,"https://cdn.metcash.media/image/upload/f_auto,c_limit,w_300,q_auto/igashop/images/81687"
Nando's Sauce Hot 250g,$6.95,$2.78/100g,"https://cdn.metcash.media/image/upload/f_auto,c_limit,w_300,q_auto/igashop/images/599245"
Feel Good Organic Tomato Salsa Hot 300g,$5.50,$1.83/100g,"https://cdn.metcash.media/image/upload/f_auto,c_limit,w_300,q_auto/igashop/images/20000003528"
Poise Liners Extra Long 22 Pack,$6.70,$0.30 each,"https://cdn.metcash.media/image/upload/f_auto,c_limit,w_300,q_auto/igashop/images/321341"
Community Co Medium Roast Capsules 57g,$4.50,$7.89/100g,"https://cdn.metcash.media/image/upload/f_auto,c_limit,w_300,q_auto/igashop/images/192797"
CSR White Sugar 500g,$1.95,$0.39/100g,"https://cdn.metcash.media/image/upload/f_auto,c_limit,w_300,q_auto/igashop/images/16000001549"
Golden Circle Australian Pineapple Slices in Syrup 850g,$6.10,$0.72/100g,"https://cdn.metcash.media/image/upload/f_auto,c_limit,w_300,q_auto/igashop/images/170000000785"
McKenzie's Grinder Pepper Whole Black 200g,$9.95,$4.98/100g,"https://cdn.metcash.media/image/upload/f_auto,c_limit,w_300,q_auto/igashop/images/20000005288"
Libra Girl Good Night Pads With Wings 10 Pack,$5.70,$0.57 each,"https://cdn.metcash.media/image/upload/f_auto,c_limit,w_300,q_auto/igashop/images/687030"
Pantai Shrimp Paste 100g,$3.55,$3.55/100g,"https://cdn.metcash.media/image/upload/f_auto,c_limit,w_300,q_auto/igashop/images/904474"
Heinz Seriously Good Vegan Mayo 270mL,$6.00,$2.22/100mL,"https://cdn.metcash.media/image/upload/f_auto,c_limit,w_300,q_auto/igashop/images/160000012988"
Black & Gold Household Sponge 5 Pack,$1.80,$0.36 each,"https://cdn.metcash.media/image/upload/f_auto,c_limit,w_300,q_auto/igashop/images/68228"
Allen's Sherbies Confectionery Fruits 150g,$3.50,$2.33/100g,"https://cdn.metcash.media/image/upload/f_auto,c_limit,w_300,q_auto/igashop/images/658015"
Cadbury Dairy Milk Caramello Chocolate Block 180g,$4.00,$2.22/100g,"https://cdn.metcash.media/image/upload/f_auto,c_limit,w_300,q_auto/igashop/images/462095"
KB Seafood Salmon Portions Skin On 260g,$16.00,$6.15/100g,https://www.igashop.com.au/static/default-product-image.png
Banana Boat Baby Sunscreen Roll On SPF 50 75mL,$14.00,$18.67/100mL,"https://cdn.metcash.media/image/upload/f_auto,c_limit,w_300,q_auto/igashop/images/377541"
Pertutti Roast Pumpkin Grana Padano Agnolotti 400g,$11.50,$2.88/100g,"https://cdn.metcash.media/image/upload/f_auto,c_limit,w_300,q_auto/igashop/images/20000006291"
Sensodyne Toothpaste Sensitive Teeth Pain Rapid Relief 100g,$12.30,$12.30/100g,"https://cdn.metcash.media/image/upload/f_auto,c_limit,w_300,q_auto/igashop/images/261009"
Glade Sense & Spray Lavender & Vanilla Refill,$7.50,N/A,"https://cdn.metcash.media/image/upload/f_auto,c_limit,w_300,q_auto/igashop/images/327740"
Trill Toppers Dry Bird Seed Mix Flavours Pouch 112g,$5.00,$4.46/100g,"https://cdn.metcash.media/image/upload/f_auto,c_limit,w_300,q_auto/igashop/images/947689"
Kettle Sweet Chilli & Sour Cream Chips 165g,$3.00,$1.82/100g,"https://cdn.metcash.media/image/upload/f_auto,c_limit,w_300,q_auto/igashop/images/648727_1"
Pump Spring Water Bottle 1.25L,$3.30,$2.64/1L,"https://cdn.metcash.media/image/upload/f_auto,c_limit,w_300,q_auto/igashop/images/609113"
Nexba Ice Tea Watermelon 1L,$3.65,$3.65/1L,"https://cdn.metcash.media/image/upload/f_auto,c_limit,w_300,q_auto/igashop/images/237424"
Ajax Spray n' Wipe Multi-Purpose Kitchen & Bathroom Cleaner Trigger Surface Spray Vanilla & Berries 475mL,$3.50,$0.74/100mL,"https://cdn.metcash.media/image/upload/f_auto,c_limit,w_300,q_auto/igashop/images/941285"
Fancy Feast Royale Adult Cat Food Tuna Whole Prawn 85g,$2.70,$3.18/100g,"https://cdn.metcash.media/image/upload/f_auto,c_limit,w_300,q_auto/igashop/images/418944"
Mexican To Go Nachos 90g,$5.00,$5.56/100g,"https://cdn.metcash.media/image/upload/f_auto,c_limit,w_300,q_auto/igashop/images/1800000070927"
Nexba Kombucha Strawberry & Peach 1L,$6.60,$6.60/1L,"https://cdn.metcash.media/image/upload/f_auto,c_limit,w_300,q_auto/igashop/images/299337"
Mission Wraps Wholegrain 8 Pack,$5.50,$0.69 each,"https://cdn.metcash.media/image/upload/f_auto,c_limit,w_300,q_auto/igashop/images/369213"
Raid Max Cockroach Baits 12 Pack,$11.80,$0.98 each,"https://cdn.metcash.media/image/upload/f_auto,c_limit,w_300,q_auto/igashop/images/364548"
Natures Goodness Complete Care Adult With Lamb 400g,$3.05,$0.76/100g,https://www.igashop.com.au/static/default-product-image.png
Smith's Original 152g,$4.50,$2.96/100g,"https://cdn.metcash.media/image/upload/f_auto,c_limit,w_300,q_auto/igashop/images/984759"
Garnier Skinactive Vitamin C Brightening Micellar Water 400mL,$20.00,$5.00/100mL,"https://cdn.metcash.media/image/upload/f_auto,c_limit,w_300,q_auto/igashop/images/674883"
Morning Fresh Dishwashing Liquid Ulitmate Pro Odour Defence Grapefruit Tonic 350mL,$6.00,$1.71/100mL,https://www.igashop.com.au/static/default-product-image.png
Campbell's Soup Chunky Stock Pot 505g,$4.50,$0.89/100g,"https://cdn.metcash.media/image/upload/f_auto,c_limit,w_300,q_auto/igashop/images/379158"
I&J Original Fish Tenders 320g,$8.00,$2.50/100g,"https://cdn.metcash.media/image/upload/f_auto,c_limit,w_300,q_auto/igashop/images/438842"
Dibble Dabbles Mozzarella Sticks 235g,$6.50,$2.77/100g,"https://cdn.metcash.media/image/upload/f_auto,c_limit,w_300,q_auto/igashop/images/20000002230"
Tommee Tippee 0-6M Cherry Latex Soother 2 Pack,$10.00,$5.00 each,"https://cdn.metcash.media/image/upload/f_auto,c_limit,w_300,q_auto/igashop/images/322088"
Ayam Hawker Market Pad See Ew 205g,$4.00,$1.95/100g,"https://cdn.metcash.media/image/upload/f_auto,c_limit,w_300,q_auto/igashop/images/180000000459"
Community Co Frozen Raspberries 500g,$9.30,$1.86/100g,"https://cdn.metcash.media/image/upload/f_auto,c_limit,w_300,q_auto/igashop/images/736494"
Schweppes Natural Mineral Water 1.1L,$1.25,$1.14/1L,"https://cdn.metcash.media/image/upload/f_auto,c_limit,w_300,q_auto/igashop/images/852724"
Deliredi Australian Prosciutto 100g,$7.95,$7.95/100g,"https://cdn.metcash.media/image/upload/f_auto,c_limit,w_300,q_auto/igashop/images/803270"
Ocean Spray Craisins Dried Fruit Original 150g,$3.60,$2.40/100g,"https://cdn.metcash.media/image/upload/f_auto,c_limit,w_300,q_auto/igashop/images/180000004620"
Messy Monkeys Lightly Salted Popcorn 10 Pack,$5.99,$0.60 each,"https://cdn.metcash.media/image/upload/f_auto,c_limit,w_300,q_auto/igashop/images/16000001591"
Codral Relief Mucus Cough & Cold Liquid 200mL,$15.50,$7.75/100mL,"https://cdn.metcash.media/image/upload/f_auto,c_limit,w_300,q_auto/igashop/images/332478"
Live Well Metabolism + Zinc 20 Pack,$8.50,$0.43 each,"https://cdn.metcash.media/image/upload/f_auto,c_limit,w_300,q_auto/igashop/images/229913"
Chandler Soft Cat Litter 7L,$10.35,$1.48/1L,"https://cdn.metcash.media/image/upload/f_auto,c_limit,w_300,q_auto/igashop/images/942341"
Ecostore Soap Bar Lemongrass 80g,$3.30,$4.13/100g,"https://cdn.metcash.media/image/upload/f_auto,c_limit,w_300,q_auto/igashop/images/49525"
Capi Tonic Water Bottle 4 Pack,$8.25,$2.06 each,"https://cdn.metcash.media/image/upload/f_auto,c_limit,w_300,q_auto/igashop/images/6600846"
Rid Insect Repellent Tropical Strength Spray 150g,$9.50,$6.33/100g,"https://cdn.metcash.media/image/upload/f_auto,c_limit,w_300,q_auto/igashop/images/83040"
Mortein Naturgard Insecticides Multi Insect Killer 300g,$14.00,$4.67/100g,"https://cdn.metcash.media/image/upload/f_auto,c_limit,w_300,q_auto/igashop/images/678023"
Mainland Swiss Cheese 200g,$7.20,$3.60/100g,"https://cdn.metcash.media/image/upload/f_auto,c_limit,w_300,q_auto/igashop/images/158455"
My Muscle Chef Teriyaki Chicken With Basmati Rice & Green Beans 420g,$11.95,$2.85/100g,https://www.igashop.com.au/static/default-product-image.png
My Dog Fillets In Gravy With Succulent Beef Wet Dog Food 6 Pack,$8.00,$1.33 each,"https://cdn.metcash.media/image/upload/f_auto,c_limit,w_300,q_auto/igashop/images/423295"
Surf Laundry Capsules Aqua Fresh 18 Pack,$15.30,$0.85 each,"https://cdn.metcash.media/image/upload/f_auto,c_limit,w_300,q_auto/igashop/images/175716"
Red Bull Energy Drink 250mL,$3.20,$1.28/100mL,"https://cdn.metcash.media/image/upload/f_auto,c_limit,w_300,q_auto/igashop/images/787220"
Aveeno Active Naturals Daily Moisturising Lotion 532mL,$9.75,$1.83/100mL,"https://cdn.metcash.media/image/upload/f_auto,c_limit,w_300,q_auto/igashop/images/869514"
Huggies Diaper Pants Size 5 Boy Jumbo 54 Pack,$33.50,$0.62 each,"https://cdn.metcash.media/image/upload/f_auto,c_limit,w_300,q_auto/igashop/images/1800000067624"
Betty Crocker Frosted Chocolate Brownie Mix 500g,$7.00,$1.40/100g,"https://cdn.metcash.media/image/upload/f_auto,c_limit,w_300,q_auto/igashop/images/2382"
Helga's Plus Lower Calorie White Wraps 252g,$6.50,$2.58/100g,https://www.igashop.com.au/static/default-product-image.png
Molenberg Original Sandwich Grain & Seeds Sliced Bread 700g,$7.60,$1.09/100g,"https://cdn.metcash.media/image/upload/f_auto,c_limit,w_300,q_auto/igashop/images/956248"
YoPRO Strawberry Yoghurt 700g,$8.00,$1.14/100g,"https://cdn.metcash.media/image/upload/f_auto,c_limit,w_300,q_auto/igashop/images/697831"
Earth Choice All In One Dish Tablets 42 Pack,$12.50,$0.30 each,"https://cdn.metcash.media/image/upload/f_auto,c_limit,w_300,q_auto/igashop/images/370638"
Nature's Way Magnesium Tablets 150 Pack,$27.00,$0.18 each,"https://cdn.metcash.media/image/upload/f_auto,c_limit,w_300,q_auto/igashop/images/418753"
Edgell Chick Pea 4 Pack,$3.80,$0.95 each,"https://cdn.metcash.media/image/upload/f_auto,c_limit,w_300,q_auto/igashop/images/4619"
Bubba Zoo Nappy Bags 200 Pack,$5.40,$0.03 each,"https://cdn.metcash.media/image/upload/f_auto,c_limit,w_300,q_auto/igashop/images/240312"
Stayfree Ultra Thin All Nights With Wings 10 Pack,$3.00,$0.30 each,"https://cdn.metcash.media/image/upload/f_auto,c_limit,w_300,q_auto/igashop/images/384064"
"Sensodyne Repair & Protect Whitening, Sensitive Toothpaste 100g",$12.30,$12.30/100g,"https://cdn.metcash.media/image/upload/f_auto,c_limit,w_300,q_auto/igashop/images/351537"
Loaf Rocky Road Bites 120g,$2.00,$1.67/100g,"https://cdn.metcash.media/image/upload/f_auto,c_limit,w_300,q_auto/igashop/images/669906"
South Cape Cream Cheese Sweet Chilli 200g,$5.90,$2.95/100g,"https://cdn.metcash.media/image/upload/f_auto,c_limit,w_300,q_auto/igashop/images/761350"
Gourmet Garden Ginger Paste 115G 115g,$5.50,$4.78/100g,https://www.igashop.com.au/static/default-product-image.png
Baker's Tomato Relish 240g,$6.55,$2.73/100g,"https://cdn.metcash.media/image/upload/f_auto,c_limit,w_300,q_auto/igashop/images/9147"
Primo Kabana Sticks 375g,$6.10,$1.63/100g,"https://cdn.metcash.media/image/upload/f_auto,c_limit,w_300,q_auto/igashop/images/100677"
Destination Italy Pistachio & Vanilla Italian Gelato 500mL,$12.75,$2.55/100mL,https://www.igashop.com.au/static/default-product-image.png
Huggies Ultra Dry Nappies Boys Size 6 Junior (16kg+) 14 Pack,$13.00,$0.93 each,"https://cdn.metcash.media/image/upload/f_auto,c_limit,w_300,q_auto/igashop/images/592719"
Cadbury Caramilk 315g,$8.50,$2.70/100g,"https://cdn.metcash.media/image/upload/f_auto,c_limit,w_300,q_auto/igashop/images/160000011326"
Rexona Women Antiperspirant Deodorant Clinical Gentle Dry 45mL,$7.00,$15.56/100mL,"https://cdn.metcash.media/image/upload/f_auto,c_limit,w_300,q_auto/igashop/images/139574"
Thin BBQ Sausages 1.5kg,$9.50,$6.33/kg,"https://cdn.metcash.media/image/upload/f_auto,c_limit,w_300,q_auto/igashop/images/180000001278"
Old El Paso Enchilada Dinner Kit 520g,$8.50,$1.63/100g,"https://cdn.metcash.media/image/upload/f_auto,c_limit,w_300,q_auto/igashop/images/160000014001"
Advil Liquid 200mg Capsules 10 Pack,$3.00,$0.30 each,"https://cdn.metcash.media/image/upload/f_auto,c_limit,w_300,q_auto/igashop/images/533859"
Elvive Extraordinary Oils Conditioner 300mL,$8.50,$2.83/100mL,"https://cdn.metcash.media/image/upload/f_auto,c_limit,w_300,q_auto/igashop/images/215058"
The Milk Thief Kefir Bush Honey 1kg,$9.50,$9.50/kg,"https://cdn.metcash.media/image/upload/f_auto,c_limit,w_300,q_auto/igashop/images/190000002528"
Rexona Women Advanced Protection Antiperspirant Shower Fresh 220mL,$5.25,$2.39/100mL,"https://cdn.metcash.media/image/upload/f_auto,c_limit,w_300,q_auto/igashop/images/719492"
BSc Energy Drink Ice Blast 500mL,$5.70,$1.14/100mL,https://www.igashop.com.au/static/default-product-image.png
Lux Bar Soap Soft Touch 70g,$4.00,$5.71/100g,"https://cdn.metcash.media/image/upload/f_auto,c_limit,w_300,q_auto/igashop/images/1800000067685"
Cadbury Dairy Milk Rocky Road Milk Chocolate Block 180g,$5.00,$2.78/100g,"https://cdn.metcash.media/image/upload/f_auto,c_limit,w_300,q_auto/igashop/images/463237"
The Juice Brothers Pine Lime Twist Juice 1L,$5.00,$5.00/1L,"https://cdn.metcash.media/image/upload/f_auto,c_limit,w_300,q_auto/igashop/images/180000005932"
Adelaide Hills Triple Cream Brie 180g,$11.50,$6.39/100g,"https://cdn.metcash.media/image/upload/f_auto,c_limit,w_300,q_auto/igashop/images/20000003960"
JL King & Co. Satay Chicken Fettucine 400g,$10.70,$2.68/100g,"https://cdn.metcash.media/image/upload/f_auto,c_limit,w_300,q_auto/igashop/images/20000003303"
Birds Eye Salmon Portions Skin On 250g,$14.30,$5.72/100g,"https://cdn.metcash.media/image/upload/f_auto,c_limit,w_300,q_auto/igashop/images/404380"
Bulla Murray St Caramel Swirl & Shortbread Ice Cream 1L,$12.00,$12.00/1L,"https://cdn.metcash.media/image/upload/f_auto,c_limit,w_300,q_auto/igashop/images/650180"
Willow Vale Gourmet Food Co. Lemon Myrtle & Pepper Olive Oil 250mL,$15.50,$6.20/100mL,"https://cdn.metcash.media/image/upload/f_auto,c_limit,w_300,q_auto/igashop/images/190000002286"
Bega Stringers Peelable Cheese 12 Pack,$9.20,$0.77 each,"https://cdn.metcash.media/image/upload/f_auto,c_limit,w_300,q_auto/igashop/images/101322"
Vicks Vaporub Lavender 50g,$8.90,$17.80/100g,https://www.igashop.com.au/static/default-product-image.png
Sunbeam Blanched Almonds 120g,$6.95,$5.79/100g,"https://cdn.metcash.media/image/upload/f_auto,c_limit,w_300,q_auto/igashop/images/610669"
Trident Instant Soup Thai Chicken With Noodles 50g,$1.25,$2.50/100g,"https://cdn.metcash.media/image/upload/f_auto,c_limit,w_300,q_auto/igashop/images/80987"
Borg's Spinach & Ricotta Pastizzis 625g,$7.50,$1.20/100g,"https://cdn.metcash.media/image/upload/f_auto,c_limit,w_300,q_auto/igashop/images/190000004351"
4 Hunters Biltong Chilli Garlic 100g,$10.00,$10.00/100g,"https://cdn.metcash.media/image/upload/f_auto,c_limit,w_300,q_auto/igashop/images/20000003724"
Purina Total Care Petcare Pixar Sulley Dog Toy,$20.00,N/A,"https://cdn.metcash.media/image/upload/f_auto,c_limit,w_300,q_auto/igashop/images/516632"
Ritz Crackers Original 300g,$3.50,$1.17/100g,"https://cdn.metcash.media/image/upload/f_auto,c_limit,w_300,q_auto/igashop/images/251295"
Palmolive Luminous Oils Liquid Hand Wash Soap Macadamia & Peony 500mL,$4.50,$0.90/100mL,"https://cdn.metcash.media/image/upload/f_auto,c_limit,w_300,q_auto/igashop/images/223776"
Continental Snack Pot Curry Rice 87g,$3.00,$3.45/100g,"https://cdn.metcash.media/image/upload/f_auto,c_limit,w_300,q_auto/igashop/images/886197"
Cheetos Puffs 96g,$4.50,$4.69/100g,https://www.igashop.com.au/static/default-product-image.png
Twisties Extruded Snacks Cheese 115g,$3.75,$3.26/100g,https://www.igashop.com.au/static/default-product-image.png
Nature's Way High Strength Magnesium 60 Pack,$12.00,$0.20 each,"https://cdn.metcash.media/image/upload/f_auto,c_limit,w_300,q_auto/igashop/images/205553"
antipodes Still Water 1L,$6.50,$6.50/1L,"https://cdn.metcash.media/image/upload/f_auto,c_limit,w_300,q_auto/igashop/images/160000012032"
Ardmona Apple Slices 400g,$4.20,$1.05/100g,"https://cdn.metcash.media/image/upload/f_auto,c_limit,w_300,q_auto/igashop/images/414495"
Vaseline Expert Care Body Lotion Advanced Strength Dry Skin Rescue 550mL,$15.00,$2.73/100mL,"https://cdn.metcash.media/image/upload/f_auto,c_limit,w_300,q_auto/igashop/images/160000005997"
Cenovis Turmeric 3100mg Capsules 80 Pack,$11.00,$0.14 each,"https://cdn.metcash.media/image/upload/f_auto,c_limit,w_300,q_auto/igashop/images/679391"
Continental Value Pack Pasta & Sauce Chicken Curry 150g,$3.80,$2.53/100g,"https://cdn.metcash.media/image/upload/f_auto,c_limit,w_300,q_auto/igashop/images/396676"
Berry Bliss Smoothie 350mL,$4.40,$1.26/100mL,"https://cdn.metcash.media/image/upload/f_auto,c_limit,w_300,q_auto/igashop/images/618926"
Youfoodz Paradise Punch 350mL,$4.40,$1.26/100mL,"https://cdn.metcash.media/image/upload/f_auto,c_limit,w_300,q_auto/igashop/images/180000006573"
Herbert Adams Cream Cheese & Spinach Savoury Rolls 380g,$7.00,$1.84/100g,"https://cdn.metcash.media/image/upload/f_auto,c_limit,w_300,q_auto/igashop/images/20000004551"
Avofresh Avocado Smashed 160g,$5.95,$3.72/100g,https://www.igashop.com.au/static/default-product-image.png
Red Tractor Organic Instant Oats 1kg,$8.15,$8.15/kg,https://www.igashop.com.au/static/default-product-image.png
Baby Mum-Mum Snack Original Rice Rusk 36g,$3.10,$8.61/100g,"https://cdn.metcash.media/image/upload/f_auto,c_limit,w_300,q_auto/igashop/images/408737"
Dairy Farmers Skim Milk 2L,$4.70,$2.35/1L,"https://cdn.metcash.media/image/upload/f_auto,c_limit,w_300,q_auto/igashop/images/908290"
My Muscle Chef Protein Shake: Chocolate Flavoured 375mL,$5.95,$1.59/100mL,"https://cdn.metcash.media/image/upload/f_auto,c_limit,w_300,q_auto/igashop/images/190000001580"
Streets Golden Gaytime Ice Cream Original Value Pack 16 Pack,$20.00,$1.25 each,"https://cdn.metcash.media/image/upload/f_auto,c_limit,w_300,q_auto/igashop/images/928892"
Community Co Personal Insect Repellent 150g,$4.60,$3.07/100g,"https://cdn.metcash.media/image/upload/f_auto,c_limit,w_300,q_auto/igashop/images/942223"
Ice Break Iced Coffee Triple Shot 500mL,$3.95,$0.79/100mL,"https://cdn.metcash.media/image/upload/f_auto,c_limit,w_300,q_auto/igashop/images/697014"
Cold Power Sensitive Triple Capsules 29 Pack,$26.00,$0.90 each,https://www.igashop.com.au/static/default-product-image.png
KB Seafood Garlic Prawns 500g,$15.50,$3.10/100g,https://www.igashop.com.au/static/default-product-image.png
Gold Gourmet Nacho Cheese Sauce 500mL,$13.50,$2.70/100mL,https://www.igashop.com.au/static/default-product-image.png
Balducci Fusilli No. 56 500g,$1.75,$0.35/100g,"https://cdn.metcash.media/image/upload/f_auto,c_limit,w_300,q_auto/igashop/images/357203"
Capilano Honey Upside Down 340g,$7.00,$2.06/100g,"https://cdn.metcash.media/image/upload/f_auto,c_limit,w_300,q_auto/igashop/images/612909"
Red Plums 140g,Final cost based on weight,$1.05/$7.50,"https://cdn.metcash.media/image/upload/f_auto,c_limit,w_300,q_auto/igashop/images/80060091"
Dove Men+ Care Antiperspirant Aerosol Stain Defense 250mL,$9.50,$3.80/100mL,https://www.igashop.com.au/static/default-product-image.png
Happy Hippie Smoothie Immunity 350mL,$5.95,$17.00/1L,"https://cdn.metcash.media/image/upload/f_auto,c_limit,w_300,q_auto/igashop/images/89724"
Dove Body Bar Exfoliating 4 Pack,$4.75,$1.19 each,"https://cdn.metcash.media/image/upload/f_auto,c_limit,w_300,q_auto/igashop/images/617873"
Well Being Lite Rye Bread 700g,$6.80,$0.97/100g,"https://cdn.metcash.media/image/upload/f_auto,c_limit,w_300,q_auto/igashop/images/20000006872"
SPC Spaghetti Tomato & Cheese 220g,$1.85,$0.84/100g,"https://cdn.metcash.media/image/upload/f_auto,c_limit,w_300,q_auto/igashop/images/93192"
Vaseline Intensive Care Hand Cream Healthy Hands Stronger Nails 75mL,$5.30,$7.07/100mL,"https://cdn.metcash.media/image/upload/f_auto,c_limit,w_300,q_auto/igashop/images/91726"
Bakers Collection Premium Iced Dark Fruit Cake Bar 500g,$4.00,$0.80/100g,"https://cdn.metcash.media/image/upload/f_auto,c_limit,w_300,q_auto/igashop/images/180000002095"
Aerogard Home Mosquito Control Plug In Prime 25mL,$20.00,$80.00/100mL,https://www.igashop.com.au/static/default-product-image.png
Bondi Sands Application Mitt,$10.00,N/A,"https://cdn.metcash.media/image/upload/f_auto,c_limit,w_300,q_auto/igashop/images/463025"
Brushed Potatoes 200g,Final cost based on weight,$1.06/$5.30,"https://cdn.metcash.media/image/upload/f_auto,c_limit,w_300,q_auto/igashop/images/80060057"
Primo Reserve Continental Selection 200g,$15.30,$7.65/100g,https://www.igashop.com.au/static/default-product-image.png
Nudie Juice Nothing But Cloudy Apple 2L,$8.50,$4.25/1L,"https://cdn.metcash.media/image/upload/f_auto,c_limit,w_300,q_auto/igashop/images/180000000082"
Decor Silicone Teats With Medium Flow 2 Pack,$6.99,$3.50 each,"https://cdn.metcash.media/image/upload/f_auto,c_limit,w_300,q_auto/igashop/images/7447"
Lauria Specialty Sweets Strawberries & Cream Bliss 230g,$8.99,$3.91/100g,"https://cdn.metcash.media/image/upload/f_auto,c_limit,w_300,q_auto/igashop/images/20000000944"
Europe Summer Roll 40g,$3.00,$7.50/100g,"https://cdn.metcash.media/image/upload/f_auto,c_limit,w_300,q_auto/igashop/images/387020"
Johnson's Bedtime Baby Lotion 200mL,$6.50,$3.25/100mL,"https://cdn.metcash.media/image/upload/f_auto,c_limit,w_300,q_auto/igashop/images/59619"
Murine Eye Drops Relief 15mL,$8.80,$58.67/100mL,"https://cdn.metcash.media/image/upload/f_auto,c_limit,w_300,q_auto/igashop/images/55576"
McCain Pub Style Cauliflower Fries 500g,$4.45,$0.89/100g,https://www.igashop.com.au/static/default-product-image.png
Nudie Juice Byron Breeze 2L,$9.00,$4.50/1L,"https://cdn.metcash.media/image/upload/f_auto,c_limit,w_300,q_auto/igashop/images/180000000057"
Red Bull Energy Drink Blue Edition 1500mL,$12.50,$0.83/100mL,https://www.igashop.com.au/static/default-product-image.png
Community Co Jumbo Free Range Eggs 18 Pack 18 Pack,$10.50,$0.58 each,"https://cdn.metcash.media/image/upload/f_auto,c_limit,w_300,q_auto/igashop/images/40429"
Atkins Endulge Chocolate Coated Almonds 5 Pack,$17.00,$3.40 each,"https://cdn.metcash.media/image/upload/f_auto,c_limit,w_300,q_auto/igashop/images/20000006865"
Thins Chips Original 45g,$1.50,$3.33/100g,"https://cdn.metcash.media/image/upload/f_auto,c_limit,w_300,q_auto/igashop/images/843246"
Duracell Battery Security LR44 2 Pack,$6.50,$3.25 each,"https://cdn.metcash.media/image/upload/f_auto,c_limit,w_300,q_auto/igashop/images/780956"
Lite n' Easy Savoury Beef Rissoles 455g,$13.50,$2.97/100g,"https://cdn.metcash.media/image/upload/f_auto,c_limit,w_300,q_auto/igashop/images/450234"
Community Co Butter Chicken & Rice 350g,$8.50,$2.43/100g,https://www.igashop.com.au/static/default-product-image.png
Community Co Gluten Free Muffins Blueberry 160g,$4.00,$2.50/100g,"https://cdn.metcash.media/image/upload/f_auto,c_limit,w_300,q_auto/igashop/images/438923"
Nescafe Blend 43 Espresso 500g,$32.00,$6.40/100g,"https://cdn.metcash.media/image/upload/f_auto,c_limit,w_300,q_auto/igashop/images/926455"
Gravox Traditional Gravy Mix 120g,$5.00,$4.17/100g,"https://cdn.metcash.media/image/upload/f_auto,c_limit,w_300,q_auto/igashop/images/323123"
Rufus & Coco Compostable Poo Bags 4 Pack,$7.00,$1.75 each,"https://cdn.metcash.media/image/upload/f_auto,c_limit,w_300,q_auto/igashop/images/162519"
Savour Snacks Peas Wasabi Flavoured 100g,$2.00,$2.00/100g,"https://cdn.metcash.media/image/upload/f_auto,c_limit,w_300,q_auto/igashop/images/956552"
Wattle Valley Chunky Sundried Tomato with Chili Dip 135g,$5.25,$3.89/100g,https://www.igashop.com.au/static/default-product-image.png
Vanish NapiSan Gold Pro Oxi Action Stain Remover Powder 2kg,$24.95,$12.48/kg,"https://cdn.metcash.media/image/upload/f_auto,c_limit,w_300,q_auto/igashop/images/634621"
Savlon Antiseptic Cream 75g,$10.00,$13.33/100g,"https://cdn.metcash.media/image/upload/f_auto,c_limit,w_300,q_auto/igashop/images/59481"
NIVEA Micellar Water Soothing 400mL,$12.00,$3.00/100mL,"https://cdn.metcash.media/image/upload/f_auto,c_limit,w_300,q_auto/igashop/images/180000006651"
Cadbury Dairy Milk Marvellous Creations Jelly Popping Candy & Beanies Milk Chocolate Bar 50g,$3.00,$6.00/100g,"https://cdn.metcash.media/image/upload/f_auto,c_limit,w_300,q_auto/igashop/images/349116"
Oreo Family Pack Original 370g 370g,$4.50,$1.22/100g,"https://cdn.metcash.media/image/upload/f_auto,c_limit,w_300,q_auto/igashop/images/721973"
Bulla Murray Street Vanilla Bean And Chocolate Almonds 460mL,$10.00,$2.17/100mL,"https://cdn.metcash.media/image/upload/f_auto,c_limit,w_300,q_auto/igashop/images/721517"
Santa Vittoria Still Mineral Water 1.5L,$2.90,$1.93/1L,"https://cdn.metcash.media/image/upload/f_auto,c_limit,w_300,q_auto/igashop/images/190000003028"
Spice & Co Cinnamon Cassia Quills 40g,$3.75,$9.38/100g,"https://cdn.metcash.media/image/upload/f_auto,c_limit,w_300,q_auto/igashop/images/190000002390"
Cobram Estate Garlic & Onion Infused Australian Extra Virgin Olive Oil 500mL,$19.50,$3.90/100mL,"https://cdn.metcash.media/image/upload/f_auto,c_limit,w_300,q_auto/igashop/images/147836"
Arnott's Cracker Chips Honey Soy Chicken 150g,$4.50,$3.00/100g,"https://cdn.metcash.media/image/upload/f_auto,c_limit,w_300,q_auto/igashop/images/455682"
Kirks Indian Tonic Water Multipack Cans 6 Pack,$8.65,$1.44 each,"https://cdn.metcash.media/image/upload/f_auto,c_limit,w_300,q_auto/igashop/images/210841"
Kellogg's Pop Tarts Frosted Brown Sugar Cinnamon 384g,$7.00,$1.82/100g,"https://cdn.metcash.media/image/upload/f_auto,c_limit,w_300,q_auto/igashop/images/596263"
Strepsils Extra Honey And Lemon Sore Throat Fast Numb Lozenges 16 Pack,$10.00,$0.63 each,"https://cdn.metcash.media/image/upload/f_auto,c_limit,w_300,q_auto/igashop/images/623159"
Nestlé KitKat Santa 85g,$2.50,$2.94/100g,"https://cdn.metcash.media/image/upload/f_auto,c_limit,w_300,q_auto/igashop/images/597942_2"
Deeko 2 Ply White Dinner Napkins 25 Pack,$3.35,$0.13 each,"https://cdn.metcash.media/image/upload/f_auto,c_limit,w_300,q_auto/igashop/images/55144"
Gillette Venus Comfortglide White Tea Women's Razor Blade Refills 4 Pack,$24.00,$6.00 each,"https://cdn.metcash.media/image/upload/f_auto,c_limit,w_300,q_auto/igashop/images/160000006067"
The Cobbler Company Ultimate Protector 130g,$9.95,$7.65/100g,https://www.igashop.com.au/static/default-product-image.png
MasterFoods Lemon Pepper Seasoning 52g,$3.50,$6.73/100g,"https://cdn.metcash.media/image/upload/f_auto,c_limit,w_300,q_auto/igashop/images/8977"
Grove Orange With Pulp 1.5L,$7.95,$5.30/1L,"https://cdn.metcash.media/image/upload/f_auto,c_limit,w_300,q_auto/igashop/images/289714"
Nong Shim Shin Ramyun 5 Pack,$8.00,$1.60 each,"https://cdn.metcash.media/image/upload/f_auto,c_limit,w_300,q_auto/igashop/images/190000004579"
Bickford's Cordial Pink Lemonade 750mL,$5.50,$7.33/1L,"https://cdn.metcash.media/image/upload/f_auto,c_limit,w_300,q_auto/igashop/images/488091"
On The Menu Spaghetti & Meatballs 260g,$4.50,$1.73/100g,"https://cdn.metcash.media/image/upload/f_auto,c_limit,w_300,q_auto/igashop/images/734604"
Energizer 3V Lithium Batteries 4 Pack,$17.40,$4.35 each,"https://cdn.metcash.media/image/upload/f_auto,c_limit,w_300,q_auto/igashop/images/20000007322"
Guylian Belgian Chocolates Cocoa with Raspberry 100g,$4.60,$4.60/100g,"https://cdn.metcash.media/image/upload/f_auto,c_limit,w_300,q_auto/igashop/images/975190"
McKenzie's Pecans 120g,$5.95,$4.96/100g,"https://cdn.metcash.media/image/upload/f_auto,c_limit,w_300,q_auto/igashop/images/867407"
Jasper Coffee Femenino Ground 250g,$17.95,$7.18/100g,https://www.igashop.com.au/static/default-product-image.png
Earth Choice Dishwashing Green Tea & Lime 900mL,$6.20,$0.69/100mL,"https://cdn.metcash.media/image/upload/f_auto,c_limit,w_300,q_auto/igashop/images/759256"
Cleaver's Organic Premium Beef Mince 500g,$17.50,$3.50/100g,"https://cdn.metcash.media/image/upload/f_auto,c_limit,w_300,q_auto/igashop/images/920920"
Youfoodz Fuel'D Mexican Beef Lasagne 400g,$11.95,$2.99/100g,https://www.igashop.com.au/static/default-product-image.png
Yarrows Salted Caramel Tarts 243g,$3.00,$1.23/100g,https://www.igashop.com.au/static/default-product-image.png
Maxine's Burn Bar Berry Delight 40g,$4.00,$10.00/100g,"https://cdn.metcash.media/image/upload/f_auto,c_limit,w_300,q_auto/igashop/images/160000014297"
Viva Rinse & Reuse Sheet Towels 20 Pack,$3.60,$0.18 each,"https://cdn.metcash.media/image/upload/f_auto,c_limit,w_300,q_auto/igashop/images/907493"
Uncle Tobys Le Snack French Onion 6 Pack,$2.75,$0.46 each,"https://cdn.metcash.media/image/upload/f_auto,c_limit,w_300,q_auto/igashop/images/846867"
Zero Slim & Healthy Certified Organic Konjac Fettuccini Style 400g,$4.20,$1.05/100g,"https://cdn.metcash.media/image/upload/f_auto,c_limit,w_300,q_auto/igashop/images/160000012559"
E45 Moisturising Cream for Dry Skin & Eczema 50g,$6.50,$13.00/100g,"https://cdn.metcash.media/image/upload/f_auto,c_limit,w_300,q_auto/igashop/images/1700000003960"
Lux Bar Soap Pink Petal Touch 340g,$2.85,$0.84/100g,"https://cdn.metcash.media/image/upload/f_auto,c_limit,w_300,q_auto/igashop/images/83650"
Golden Circle Guava Nectar Fruit Drink 1L,$3.25,$3.25/1L,"https://cdn.metcash.media/image/upload/f_auto,c_limit,w_300,q_auto/igashop/images/139702"
Schwarzkopf Hydrate Conditioner 400mL,$23.25,$5.81/100mL,"https://cdn.metcash.media/image/upload/f_auto,c_limit,w_300,q_auto/igashop/images/516750"
Glad Kitchen Tidy Bag Wavetop Large 72 Pack,$9.00,$0.13 each,"https://cdn.metcash.media/image/upload/f_auto,c_limit,w_300,q_auto/igashop/images/395463"
Schweppes Lemonade Can 24 Pack,$39.50,$1.65 each,"https://cdn.metcash.media/image/upload/f_auto,c_limit,w_300,q_auto/igashop/images/462074"
Red Bull Sugar Free Energy Drink 330mL,$4.70,$1.42/100mL,https://www.igashop.com.au/static/default-product-image.png
U By Kotex Sport Ultrathin Regular 12 Pack,$5.90,$0.49 each,"https://cdn.metcash.media/image/upload/f_auto,c_limit,w_300,q_auto/igashop/images/335549"
Purina Total Care Deodorising Shampoo for Dogs Passionfruit Scent 350mL,$15.00,$4.29/100mL,"https://cdn.metcash.media/image/upload/f_auto,c_limit,w_300,q_auto/igashop/images/165300"
SodaKING Sparkling Water Maker White,$70.95,N/A,https://www.igashop.com.au/static/default-product-image.png
Continental Cup A Soup Asian Thai Red Curry 2 Pack,$2.80,$1.40 each,"https://cdn.metcash.media/image/upload/f_auto,c_limit,w_300,q_auto/igashop/images/88927"
Community Co Raspberry Flavoured Jelly Crystals 85g,$1.30,$1.53/100g,"https://cdn.metcash.media/image/upload/f_auto,c_limit,w_300,q_auto/igashop/images/414314"
Gullón Vanilla Sugar Free Wafer 210g,$5.00,$2.38/100g,"https://cdn.metcash.media/image/upload/f_auto,c_limit,w_300,q_auto/igashop/images/180000000333"
Edgell Organic No Added Salt Red Kidney Beans 400g,$2.30,$0.58/100g,"https://cdn.metcash.media/image/upload/f_auto,c_limit,w_300,q_auto/igashop/images/570550"
Soyco Tofu Chinese Honey 200g,$6.50,$3.25/100g,"https://cdn.metcash.media/image/upload/f_auto,c_limit,w_300,q_auto/igashop/images/20000001793"
Economy Beef Porterhouse 400g,Final cost based on weight,$12.80/$32.00,"https://cdn.metcash.media/image/upload/f_auto,c_limit,w_300,q_auto/igashop/images/80080121"
Band-Aid Plastic Strips 50 Pack,$5.00,$0.10 each,"https://cdn.metcash.media/image/upload/f_auto,c_limit,w_300,q_auto/igashop/images/54334"
Golden Circle Orange Mango Juice 2L,$6.50,$3.25/1L,"https://cdn.metcash.media/image/upload/f_auto,c_limit,w_300,q_auto/igashop/images/170000000798"
Riviana Champignon Whole 425g,$2.75,$0.65/100g,"https://cdn.metcash.media/image/upload/f_auto,c_limit,w_300,q_auto/igashop/images/20000005401"
Rexona Men Advanced Protection Antiperspirant Roll On Invisible Dry Black And White 50mL,$2.75,$5.50/100mL,"https://cdn.metcash.media/image/upload/f_auto,c_limit,w_300,q_auto/igashop/images/325170"
The Milk Thief Organic Kefir Blueberry 1kg,$10.75,$10.75/kg,"https://cdn.metcash.media/image/upload/f_auto,c_limit,w_300,q_auto/igashop/images/190000002527"
Glade Candle Intriguing 2 in 1 Starlit Stroll + Wandering Stream 96g,$7.30,$7.60/100g,"https://cdn.metcash.media/image/upload/f_auto,c_limit,w_300,q_auto/igashop/images/160000011342"
Maggi 2 Minute Instant Beef Noodles 5 Pack,$3.50,$0.70 each,"https://cdn.metcash.media/image/upload/f_auto,c_limit,w_300,q_auto/igashop/images/40796"
Falwasser Gluten Free Rosemary & Sea Salt Crispbread 120g,$10.95,$9.13/100g,"https://cdn.metcash.media/image/upload/f_auto,c_limit,w_300,q_auto/igashop/images/150000007640"
Youfoodz Beef Lasagne 300g,$10.95,$3.65/100g,"https://cdn.metcash.media/image/upload/f_auto,c_limit,w_300,q_auto/igashop/images/20000002082"
Tasmanian Heritage Camembert Wheel 200g,$11.95,$5.98/100g,https://www.igashop.com.au/static/default-product-image.png
Riverina Soft Haloumi Cheese 180g,$6.60,$3.67/100g,"https://cdn.metcash.media/image/upload/f_auto,c_limit,w_300,q_auto/igashop/images/9373"
Glade Gel Air Freshener Clean Linen 70g,$3.00,$4.29/100g,"https://cdn.metcash.media/image/upload/f_auto,c_limit,w_300,q_auto/igashop/images/894030"
Pantene Pro-V Ultimate 10 Conditioner 900mL,$20.00,$2.22/100mL,"https://cdn.metcash.media/image/upload/f_auto,c_limit,w_300,q_auto/igashop/images/343369"
Bundaberg Brewed Diet Ginger Beer 375mL,$3.75,$1.00/100mL,"https://cdn.metcash.media/image/upload/f_auto,c_limit,w_300,q_auto/igashop/images/410462"
Purina Felix Adult Cat Treats Party Mix Classic 60g,$3.50,$5.83/100g,"https://cdn.metcash.media/image/upload/f_auto,c_limit,w_300,q_auto/igashop/images/578320"
Fluffy Fabric Softener Conditioner Sachet Jasmine Fresh Long lasting Fragrance 250mL,$2.30,$0.92/100mL,"https://cdn.metcash.media/image/upload/f_auto,c_limit,w_300,q_auto/igashop/images/484555"
True Thai Sweet & Sour Sauce 300mL,$3.60,$1.20/100mL,"https://cdn.metcash.media/image/upload/f_auto,c_limit,w_300,q_auto/igashop/images/160000012600"
400 Gradi Frollini Biscotti 200g,$7.00,$3.50/100g,"https://cdn.metcash.media/image/upload/f_auto,c_limit,w_300,q_auto/igashop/images/190000009601"
Brownes Natural Yoghurt With Vanilla Bean 1kg,$8.40,$8.40/kg,"https://cdn.metcash.media/image/upload/f_auto,c_limit,w_300,q_auto/igashop/images/363678"
Cadbury Dairy Milk Chocolate Bites Hazelnut 130g,$7.00,$5.38/100g,"https://cdn.metcash.media/image/upload/f_auto,c_limit,w_300,q_auto/igashop/images/97866"
Golden Days Snacks Sesame Snap Yoghurt 3 Pack,$1.55,$0.52 each,"https://cdn.metcash.media/image/upload/f_auto,c_limit,w_300,q_auto/igashop/images/190000004770"
Cadbury Dairy Milk Bar Fruit & Nut 340g,$8.50,$2.50/100g,"https://cdn.metcash.media/image/upload/f_auto,c_limit,w_300,q_auto/igashop/images/180000006312"
Yerbi Energy Drink Mate Original 4 Pack,$11.75,$2.94 each,"https://cdn.metcash.media/image/upload/f_auto,c_limit,w_300,q_auto/igashop/images/661262"
SunRice Medium Grain Brown Rice 5kg,$19.00,$3.80/kg,"https://cdn.metcash.media/image/upload/f_auto,c_limit,w_300,q_auto/igashop/images/489026"
Koala Long Grain Rice 2kg,$4.20,$2.10/kg,"https://cdn.metcash.media/image/upload/f_auto,c_limit,w_300,q_auto/igashop/images/76483"
Yakult Probiotic Drink 10 Pack,$7.70,$0.77 each,"https://cdn.metcash.media/image/upload/f_auto,c_limit,w_300,q_auto/igashop/images/175384"
Youfoodz Roast Lamb & Minted Gravy 330g,$10.95,$3.32/100g,"https://cdn.metcash.media/image/upload/f_auto,c_limit,w_300,q_auto/igashop/images/180000004866"
Leggo's Tomato Paste Tub 4 Pack,$5.50,$1.38 each,"https://cdn.metcash.media/image/upload/f_auto,c_limit,w_300,q_auto/igashop/images/469505"
Primo Streaky Bacon 650g,$10.50,$1.62/100g,"https://cdn.metcash.media/image/upload/f_auto,c_limit,w_300,q_auto/igashop/images/150000000203"
Primo Salami Protein Stackers 55g,$4.50,$8.18/100g,"https://cdn.metcash.media/image/upload/f_auto,c_limit,w_300,q_auto/igashop/images/1800000068324"
MasterFoods Barbecue Sauce Smokey 500mL,$4.50,$0.90/100mL,"https://cdn.metcash.media/image/upload/f_auto,c_limit,w_300,q_auto/igashop/images/84012"
Eveready Gold AA Batteries 8 Pack,$11.30,$1.41 each,"https://cdn.metcash.media/image/upload/f_auto,c_limit,w_300,q_auto/igashop/images/20000007308"
Huon Tasmanian Wood Roasted Salmon 150g,$13.50,$9.00/100g,"https://cdn.metcash.media/image/upload/f_auto,c_limit,w_300,q_auto/igashop/images/7465"
Piksters Eco Bamboo Cotton Buds 200 Pack,$1.50,$0.01 each,"https://cdn.metcash.media/image/upload/f_auto,c_limit,w_300,q_auto/igashop/images/522219"
Cadbury Roses 420g,$20.00,$4.76/100g,"https://cdn.metcash.media/image/upload/f_auto,c_limit,w_300,q_auto/igashop/images/180000004512"
Capi Dry Ginger Ale 750mL,$4.30,$5.73/1L,"https://cdn.metcash.media/image/upload/f_auto,c_limit,w_300,q_auto/igashop/images/389433"
Sirena Tuna Smoky Chilli 95g,$2.95,$3.11/100g,"https://cdn.metcash.media/image/upload/f_auto,c_limit,w_300,q_auto/igashop/images/471230"
New Chinese Garden Honey Chicken 320g,$13.50,$4.22/100g,"https://cdn.metcash.media/image/upload/f_auto,c_limit,w_300,q_auto/igashop/images/20000006989"
Deliredi Antipasto 100g,$7.50,$7.50/100g,"https://cdn.metcash.media/image/upload/f_auto,c_limit,w_300,q_auto/igashop/images/803335"
Gourmet Delight Beef Casserole & Vegetables 700g,$3.00,$0.43/100g,"https://cdn.metcash.media/image/upload/f_auto,c_limit,w_300,q_auto/igashop/images/305418"
John West Salmon Bowl With Sweet Soy Vegetables And Black Rice 170g,$4.20,$2.47/100g,"https://cdn.metcash.media/image/upload/f_auto,c_limit,w_300,q_auto/igashop/images/442223"
Fanta Orange Zero Sugar Soft Drink Bottle 1.25L,$4.00,$3.20/1L,"https://cdn.metcash.media/image/upload/f_auto,c_limit,w_300,q_auto/igashop/images/864373"
Activia Gut Health Yoghurt Mango 160g,$2.40,$1.50/100g,"https://cdn.metcash.media/image/upload/f_auto,c_limit,w_300,q_auto/igashop/images/1800000069842"
Primo Stackers Pepperoni with Jatz Crackers and Cheddar Cheese 57g,$3.00,$5.26/100g,"https://cdn.metcash.media/image/upload/f_auto,c_limit,w_300,q_auto/igashop/images/637776"
Reef SPF 15 Coconut Sun Tan Oil 125mL,$7.50,$6.00/100mL,"https://cdn.metcash.media/image/upload/f_auto,c_limit,w_300,q_auto/igashop/images/657996"
Libra Ultra Thin Pads Goodnight 16 Pack,$6.50,$0.41 each,"https://cdn.metcash.media/image/upload/f_auto,c_limit,w_300,q_auto/igashop/images/57065"
Empire Fresh Pizza Supreme Gluten Free 600g,$18.99,$3.17/100g,"https://cdn.metcash.media/image/upload/f_auto,c_limit,w_300,q_auto/igashop/images/20000002076"
Steradent Denture Care Tablets Extra Strength 30 Pack,$6.00,$0.20 each,"https://cdn.metcash.media/image/upload/f_auto,c_limit,w_300,q_auto/igashop/images/381511"
Maggie Beer Verjuice 750mL,$23.00,$3.07/100mL,"https://cdn.metcash.media/image/upload/f_auto,c_limit,w_300,q_auto/igashop/images/970768"
Jack Link's Beef Jerky Teriyaki 50g,$6.30,$12.60/100g,"https://cdn.metcash.media/image/upload/f_auto,c_limit,w_300,q_auto/igashop/images/637938"
Garofalo #90-2 Tagliatelle Pasta 500g,$5.60,$1.12/100g,"https://cdn.metcash.media/image/upload/f_auto,c_limit,w_300,q_auto/igashop/images/160000013917"
Peters Drumstick Minis Ice Cream Vanilla 6 Pack,$4.75,$0.79 each,"https://cdn.metcash.media/image/upload/f_auto,c_limit,w_300,q_auto/igashop/images/139354"
L'OR Espresso Ristretto Decaf Coffee Capsule 10 Pack,$8.70,$0.87 each,"https://cdn.metcash.media/image/upload/f_auto,c_limit,w_300,q_auto/igashop/images/425857"
Community Co Classic Plum Pudding 700g,$2.50,$0.36/100g,"https://cdn.metcash.media/image/upload/f_auto,c_limit,w_300,q_auto/igashop/images/180000002505"
Griffin's Jaffa Thins 180g,$4.40,$2.44/100g,"https://cdn.metcash.media/image/upload/f_auto,c_limit,w_300,q_auto/igashop/images/190000005213"
Gravox Gravy Mix Lamb & Rosemary 120g,$5.00,$4.17/100g,"https://cdn.metcash.media/image/upload/f_auto,c_limit,w_300,q_auto/igashop/images/902731"
Nestlé KitKat Ice Cream Stick 4 Pack,$11.50,$2.88 each,"https://cdn.metcash.media/image/upload/f_auto,c_limit,w_300,q_auto/igashop/images/180000000453"
Alfa One Rice Bran Oil 500mL,$5.00,$1.00/100mL,"https://cdn.metcash.media/image/upload/f_auto,c_limit,w_300,q_auto/igashop/images/160000012022"
Sirena Ready To Eat Meal Chicken Korean Style Rice 190g,$4.30,$2.26/100g,"https://cdn.metcash.media/image/upload/f_auto,c_limit,w_300,q_auto/igashop/images/639003"
Selleys Aquadhere Interior Wood Glue 100mL,$8.00,$8.00/100mL,"https://cdn.metcash.media/image/upload/f_auto,c_limit,w_300,q_auto/igashop/images/160000012669"
Prime Energy Drink Orange Mango 355mL,$5.10,$14.37/1L,https://www.igashop.com.au/static/default-product-image.png
Dove Antiperspirant Aerosol Floral 250mL,$9.50,$3.80/100mL,https://www.igashop.com.au/static/default-product-image.png
Equal Low Calorie Sweetener Sachets 100 Pack,$6.60,$0.07 each,"https://cdn.metcash.media/image/upload/f_auto,c_limit,w_300,q_auto/igashop/images/402171"
Palmolive Kids 3 In 1 Bodywash Shampoo & Conditioner Happy Apple 350mL,$7.00,$2.00/100mL,"https://cdn.metcash.media/image/upload/f_auto,c_limit,w_300,q_auto/igashop/images/328319"
Community Co Sweet Potato And Chickpea Salad 200g,$7.00,$3.50/100g,https://www.igashop.com.au/static/default-product-image.png
Poise Adult Care Liners Regular 52 Pack,$10.90,$0.21 each,https://www.igashop.com.au/static/default-product-image.png
Community Co Black Peppercorn Refill 200g,$6.50,$3.25/100g,"https://cdn.metcash.media/image/upload/f_auto,c_limit,w_300,q_auto/igashop/images/835780"
Mitchum Women's Roll On Powder Fresh Antiperspirant & Deodorant 50mL,$3.60,$7.20/100mL,"https://cdn.metcash.media/image/upload/f_auto,c_limit,w_300,q_auto/igashop/images/393283"
Herbal Essences Repair Argan Oil Conditioner 400mL,$9.20,$2.30/100mL,"https://cdn.metcash.media/image/upload/f_auto,c_limit,w_300,q_auto/igashop/images/944542"
MasterFoods Dijon Mustard 170g,$3.30,$1.94/100g,"https://cdn.metcash.media/image/upload/f_auto,c_limit,w_300,q_auto/igashop/images/48309"
Pure Pops Strawberry Rhubarb 4 Pack,$13.50,$3.38 each,"https://cdn.metcash.media/image/upload/f_auto,c_limit,w_300,q_auto/igashop/images/20000003377"
Nexba Rose Lemonade Kombucha Sugar Free 4 Pack,$8.95,$2.24 each,"https://cdn.metcash.media/image/upload/f_auto,c_limit,w_300,q_auto/igashop/images/739379"
Community Co Pitted Dates 500g,$4.40,$0.88/100g,"https://cdn.metcash.media/image/upload/f_auto,c_limit,w_300,q_auto/igashop/images/860989"
Tutto Pasta Frozen Gluten Free Lasagne 450g,$8.50,$1.89/100g,"https://cdn.metcash.media/image/upload/f_auto,c_limit,w_300,q_auto/igashop/images/20000001893"
IGA Regular 3 Star Beef Mince 500g,$8.00,$1.60/100g,"https://cdn.metcash.media/image/upload/f_auto,c_limit,w_300,q_auto/igashop/images/821820"
Valley Produce Co. Artisan Crackers Sea Salt & Sesame 130g,$5.00,$3.85/100g,"https://cdn.metcash.media/image/upload/f_auto,c_limit,w_300,q_auto/igashop/images/20000007257"
Nescafe Decaf Cappuccino Coffee Sachets 10 Pack,$8.00,$0.80 each,"https://cdn.metcash.media/image/upload/f_auto,c_limit,w_300,q_auto/igashop/images/672394"
Val Verde Lentils 400g,$2.00,$0.50/100g,"https://cdn.metcash.media/image/upload/f_auto,c_limit,w_300,q_auto/igashop/images/785647"
Sakata Barbecue Rice Crackers 90g,$2.50,$2.78/100g,"https://cdn.metcash.media/image/upload/f_auto,c_limit,w_300,q_auto/igashop/images/674529"
Rafferty's Garden Pear & Prune 120g,$1.90,$1.58/100g,"https://cdn.metcash.media/image/upload/f_auto,c_limit,w_300,q_auto/igashop/images/2117"
Lilydale Free Range Chicken Breast Cauliflower Schnitzels 400g,$13.25,$3.31/100g,"https://cdn.metcash.media/image/upload/f_auto,c_limit,w_300,q_auto/igashop/images/170000002655"
Diet Coca-Cola Soft Drink Bottle 1.25L,$4.00,$3.20/1L,"https://cdn.metcash.media/image/upload/f_auto,c_limit,w_300,q_auto/igashop/images/9300675011037_1"
Brown Onion Prepack 1kg,$3.50,N/A,"https://cdn.metcash.media/image/upload/f_auto,c_limit,w_300,q_auto/igashop/images/80050135"
Lilydale Chicken Boneless Butterflied Rustic Italian Spicy Tomato And Fennel 1.1kg,$19.00,$17.27/kg,"https://cdn.metcash.media/image/upload/f_auto,c_limit,w_300,q_auto/igashop/images/180000005207"
Germain Langres Plateau AOP 180g,$19.99,$11.11/100g,"https://cdn.metcash.media/image/upload/f_auto,c_limit,w_300,q_auto/igashop/images/160000013813"
Cadbury Perky Nana 45g,$2.90,$6.44/100g,"https://cdn.metcash.media/image/upload/f_auto,c_limit,w_300,q_auto/igashop/images/190575"
Bickford & Sons Dry Tonic 6 Pack,$8.70,$1.45 each,https://www.igashop.com.au/static/default-product-image.png
San Remo Shells Large Pasta No 29 500g,$2.95,$0.59/100g,"https://cdn.metcash.media/image/upload/f_auto,c_limit,w_300,q_auto/igashop/images/361367"
Aegean R&S Mixed Nuts 450g,$10.95,$2.43/100g,https://www.igashop.com.au/static/default-product-image.png
"Fifya Hummus with Carrots, Almonds & Turmeric 250g",$8.25,$3.30/100g,"https://cdn.metcash.media/image/upload/f_auto,c_limit,w_300,q_auto/igashop/images/190000003997"
Wonder White Hi Fibre Soft Wraps 6 Pack,$4.10,$0.68 each,"https://cdn.metcash.media/image/upload/f_auto,c_limit,w_300,q_auto/igashop/images/727259"
Staedtler Tradition Graphite Pencil HB 5 Pack,$5.50,$1.10 each,"https://cdn.metcash.media/image/upload/f_auto,c_limit,w_300,q_auto/igashop/images/250922"
The Olive Branch Dip Crunchy Spicy Pumpkin 200g,$6.95,$3.48/100g,"https://cdn.metcash.media/image/upload/f_auto,c_limit,w_300,q_auto/igashop/images/20000001854"
Homestyle Bake Hamburger Rings 6 Pack,$5.20,$0.87 each,https://www.igashop.com.au/static/default-product-image.png
Nestlé Coffee & Milk Tin 395g,$5.00,$1.27/100g,"https://cdn.metcash.media/image/upload/f_auto,c_limit,w_300,q_auto/igashop/images/20000002412"
"Mount Franklin Lightly Sparkling Water Passionfruit, Multipack Cans 10 Pack",$10.50,$1.05 each,"https://cdn.metcash.media/image/upload/f_auto,c_limit,w_300,q_auto/igashop/images/884483"
Cenovis Magnesium Chew Tab 60 Pack,$9.00,$0.15 each,"https://cdn.metcash.media/image/upload/f_auto,c_limit,w_300,q_auto/igashop/images/1800000067442"
Nescafe Classic Blend 43 Coffee Decaf 150g,$13.50,$9.00/100g,"https://cdn.metcash.media/image/upload/f_auto,c_limit,w_300,q_auto/igashop/images/180000006290"
The Yoghurt Shop Classic Greek Yoghurt 500g,$6.90,$1.38/100g,"https://cdn.metcash.media/image/upload/f_auto,c_limit,w_300,q_auto/igashop/images/559520"
Fab Perfume Indulgence Sublime Velvet Washing Liquid Laundry Detergent 900mL,$9.20,$1.02/100mL,"https://cdn.metcash.media/image/upload/f_auto,c_limit,w_300,q_auto/igashop/images/806639"
BabyLove Cosifit Convenience Nappy Crawler 22 Pack,$10.50,$0.48 each,"https://cdn.metcash.media/image/upload/f_auto,c_limit,w_300,q_auto/igashop/images/902621"
Double D Eucalyptus Drops 150g,$1.95,$1.30/100g,"https://cdn.metcash.media/image/upload/f_auto,c_limit,w_300,q_auto/igashop/images/55754"
Pana Organic Almond Ice Cream Sticks 3 Pack,$13.50,$4.50 each,"https://cdn.metcash.media/image/upload/f_auto,c_limit,w_300,q_auto/igashop/images/190000001282"
Musashi Protein Wafer Bar Chocolate Mint 40g,$4.50,$11.25/100g,"https://cdn.metcash.media/image/upload/f_auto,c_limit,w_300,q_auto/igashop/images/160000000720"
Magnum Ice Cream Dulce De Leche 4 Pack,$12.00,$3.00 each,"https://cdn.metcash.media/image/upload/f_auto,c_limit,w_300,q_auto/igashop/images/180000006352"
Yarra Valley Hilltop Strawberry Jam 475g,$4.95,$1.04/100g,https://www.igashop.com.au/static/default-product-image.png
Mum's Favourites ANZAC Biscuits 220g,$8.95,$4.07/100g,"https://cdn.metcash.media/image/upload/f_auto,c_limit,w_300,q_auto/igashop/images/20000005303"
OurEco Home BiCarb Cleaning Paste Lemon Myrtle 550g,$14.99,$2.73/100g,"https://cdn.metcash.media/image/upload/f_auto,c_limit,w_300,q_auto/igashop/images/20000005208"
Sunpork Bacon Bones 500g,$6.00,$1.20/100g,"https://cdn.metcash.media/image/upload/f_auto,c_limit,w_300,q_auto/igashop/images/180000001684"
TRESemmé Conditioner Colour Revitalise 940mL,$9.25,$0.98/100mL,"https://cdn.metcash.media/image/upload/f_auto,c_limit,w_300,q_auto/igashop/images/492066"
Lindt Lindor Milk Chocolate Bar 38g,$3.20,$8.42/100g,"https://cdn.metcash.media/image/upload/f_auto,c_limit,w_300,q_auto/igashop/images/392096"
Cherry Tomato Punnet,$2.95,N/A,"https://cdn.metcash.media/image/upload/f_auto,c_limit,w_300,q_auto/igashop/images/80050072"
Abbott's Bakery Gluten Free Rustic White 500g,$7.90,$1.58/100g,"https://cdn.metcash.media/image/upload/f_auto,c_limit,w_300,q_auto/igashop/images/443949"
The Pet Hub Pet Wipes Biodegradable 50 Pack,$6.20,$0.12 each,https://www.igashop.com.au/static/default-product-image.png
Cheer Tasty Block 200g,$5.65,$2.83/100g,"https://cdn.metcash.media/image/upload/f_auto,c_limit,w_300,q_auto/igashop/images/734285"
Gatorade G-Active Peach Functional Water 600mL,$2.10,$3.50/1L,"https://cdn.metcash.media/image/upload/f_auto,c_limit,w_300,q_auto/igashop/images/543244"
Dettol Antibacterial Disinfectant Liquid Solution 500mL,$11.50,$2.30/100mL,"https://cdn.metcash.media/image/upload/f_auto,c_limit,w_300,q_auto/igashop/images/54677"
Arnott's Tim Tam Classic Dark 200g,$3.00,$1.50/100g,"https://cdn.metcash.media/image/upload/f_auto,c_limit,w_300,q_auto/igashop/images/309307"
Spice & Co Coriander Seeds 40g,$3.75,$9.38/100g,"https://cdn.metcash.media/image/upload/f_auto,c_limit,w_300,q_auto/igashop/images/190000002393"
Bret's Camembert Chips 125g,$5.50,$4.40/100g,"https://cdn.metcash.media/image/upload/f_auto,c_limit,w_300,q_auto/igashop/images/160000013822"
Toscano Traditional Butter Waffles 4 Pack,$7.00,$1.75 each,"https://cdn.metcash.media/image/upload/f_auto,c_limit,w_300,q_auto/igashop/images/744829"
SunRice Brown Rice Chips Sea Salt 150g,$5.50,$3.67/100g,"https://cdn.metcash.media/image/upload/f_auto,c_limit,w_300,q_auto/igashop/images/807936"
Patak's Tikka Masala Simmer Sauce 450g,$5.50,$1.22/100g,"https://cdn.metcash.media/image/upload/f_auto,c_limit,w_300,q_auto/igashop/images/160000013753"
First Press Coffee Almond Milk Mocha 350mL,$4.70,$1.34/100mL,"https://cdn.metcash.media/image/upload/f_auto,c_limit,w_300,q_auto/igashop/images/190000002702"
Heinz Smooth Simply Vanilla Custard 120g,$1.50,$1.25/100g,"https://cdn.metcash.media/image/upload/f_auto,c_limit,w_300,q_auto/igashop/images/341956"
Colgate Interdental Size 1 8 Pack,$5.50,$0.69 each,"https://cdn.metcash.media/image/upload/f_auto,c_limit,w_300,q_auto/igashop/images/798912"
Peters Light & Creamy Choc Caramel & Vanilla Swirl Ice Cream 1.8L,$6.50,$3.61/1L,"https://cdn.metcash.media/image/upload/f_auto,c_limit,w_300,q_auto/igashop/images/103510"
Optimum Adult With Salmon & Rice Wet Dog Food 100g,$1.50,$1.50/100g,"https://cdn.metcash.media/image/upload/f_auto,c_limit,w_300,q_auto/igashop/images/349996_1"
Connoisseur Mint & Cookies 4 Pack,$5.50,$1.38 each,"https://cdn.metcash.media/image/upload/f_auto,c_limit,w_300,q_auto/igashop/images/573134"
Kreol Sparkling Drink Blood Orange 330mL,$4.50,$1.36/100mL,"https://cdn.metcash.media/image/upload/f_auto,c_limit,w_300,q_auto/igashop/images/20000007171"
Baked Provisions Apple Pie 380g,$7.70,$2.03/100g,https://www.igashop.com.au/static/default-product-image.png
Simply Potato Chips Sea Salt & Cracked Pepper 120g,$3.75,$3.13/100g,"https://cdn.metcash.media/image/upload/f_auto,c_limit,w_300,q_auto/igashop/images/543273"
Toblerone Milk Chocolate Bar 50g,$2.50,$5.00/100g,"https://cdn.metcash.media/image/upload/f_auto,c_limit,w_300,q_auto/igashop/images/61624"
Green's Red Velvet Cupcake Mix 410g,$5.50,$1.34/100g,"https://cdn.metcash.media/image/upload/f_auto,c_limit,w_300,q_auto/igashop/images/347122"
Fray Bentos Steak And Kidney Pie Steak & Kidney Pie 425g,$10.50,$2.47/100g,"https://cdn.metcash.media/image/upload/f_auto,c_limit,w_300,q_auto/igashop/images/18859"
Nice & Natural Bars Chewy Choc Squiggle 185g,$3.00,$1.62/100g,"https://cdn.metcash.media/image/upload/f_auto,c_limit,w_300,q_auto/igashop/images/180000004826"
Rosella Tomato Sauce Glass 580mL,$4.40,$0.76/100mL,"https://cdn.metcash.media/image/upload/f_auto,c_limit,w_300,q_auto/igashop/images/688549"
Fresh Bake Madeline Choc Chip Cakes 200g,$4.95,$2.48/100g,https://www.igashop.com.au/static/default-product-image.png
Belladotti Porcini Mushroom & Thyme Couscous 250g,$5.95,$2.38/100g,https://www.igashop.com.au/static/default-product-image.png
ICare Tissue Aloe Vera 140 Pack,$4.10,$0.03 each,"https://cdn.metcash.media/image/upload/f_auto,c_limit,w_300,q_auto/igashop/images/20000005897"
Cadbury Dairy Milk Hazelnut Ice Cream Sticks 4 Pack,$8.50,$2.13 each,"https://cdn.metcash.media/image/upload/f_auto,c_limit,w_300,q_auto/igashop/images/5238"
Piranha Vege Crackers French Onion 100g,$4.50,$4.50/100g,"https://cdn.metcash.media/image/upload/f_auto,c_limit,w_300,q_auto/igashop/images/160000014146"
Sara Lee Ice Cream Crumbles & Cream 1L,$12.25,$12.25/1L,"https://cdn.metcash.media/image/upload/f_auto,c_limit,w_300,q_auto/igashop/images/1800000068851"
Simply Tasty Cottage Pie 800g,$21.95,$2.74/100g,https://www.igashop.com.au/static/default-product-image.png
"Panadol Extra with Optizorb, Paracetamol Pain Relief Caplets 20 Pack",$7.75,$0.39 each,"https://cdn.metcash.media/image/upload/f_auto,c_limit,w_300,q_auto/igashop/images/854598"
Little Bellies Softcorn Share Bag Berry & Apple 30g,$4.50,$15.00/100g,"https://cdn.metcash.media/image/upload/f_auto,c_limit,w_300,q_auto/igashop/images/1800000067670"
Norco Finest Full Cream Milk 1.5L,$4.40,$2.93/1L,"https://cdn.metcash.media/image/upload/f_auto,c_limit,w_300,q_auto/igashop/images/10990258"
Trolli Advent Calendar 75g,$3.85,$5.13/100g,"https://cdn.metcash.media/image/upload/f_auto,c_limit,w_300,q_auto/igashop/images/540709"
Norco Lactose Free Lite Milk 2L,$6.05,$3.03/1L,"https://cdn.metcash.media/image/upload/f_auto,c_limit,w_300,q_auto/igashop/images/180000000269"
V Refresh Citrus Lemonade Energy Drink 250mL,$2.65,$1.06/100mL,"https://cdn.metcash.media/image/upload/f_auto,c_limit,w_300,q_auto/igashop/images/190000010466"
Gaga's Organic Coconut Mylk Kefir Natural 1L,$10.95,$10.95/1L,"https://cdn.metcash.media/image/upload/f_auto,c_limit,w_300,q_auto/igashop/images/9236"
Bulla Creamy Classics Choc Hazelnut Spread 2L,$10.00,$5.00/1L,"https://cdn.metcash.media/image/upload/f_auto,c_limit,w_300,q_auto/igashop/images/180000003394"
Vittoria Mountain Grown Blend Coffee Bags 20 Pack,$14.50,$0.73 each,"https://cdn.metcash.media/image/upload/f_auto,c_limit,w_300,q_auto/igashop/images/397855"
TRESemmé Shampoo Keratin Smooth 500mL,$17.00,$3.40/100mL,"https://cdn.metcash.media/image/upload/f_auto,c_limit,w_300,q_auto/igashop/images/177200"
Heinz Baked Beans BBQ Sauce 555g,$3.80,$0.68/100g,"https://cdn.metcash.media/image/upload/f_auto,c_limit,w_300,q_auto/igashop/images/899441"
Norsca for Women Clear Passion Flower Anti-Perspirant Deodorant 150g,$7.50,$5.00/100g,"https://cdn.metcash.media/image/upload/f_auto,c_limit,w_300,q_auto/igashop/images/369975"
Wallaby Chocolate Bites Orange Almond & Coconut 150g,$7.50,$5.00/100g,"https://cdn.metcash.media/image/upload/f_auto,c_limit,w_300,q_auto/igashop/images/160000017790"
Lipton No Sugar Peach Flavour Iced Tea 1.5L,$5.50,$3.67/1L,"https://cdn.metcash.media/image/upload/f_auto,c_limit,w_300,q_auto/igashop/images/552374"
MasterFoods Chicken Alfredo Stove Top Recipe Base 170g,$2.70,$1.59/100g,"https://cdn.metcash.media/image/upload/f_auto,c_limit,w_300,q_auto/igashop/images/328864"
Sara Lee Carrot Cake 400g,$7.20,$1.80/100g,"https://cdn.metcash.media/image/upload/f_auto,c_limit,w_300,q_auto/igashop/images/109139"
Norsca Body Spray Watermelon Sorbet 50g,$8.15,$16.30/100g,https://www.igashop.com.au/static/default-product-image.png
Peters Chocopolitan Ice Cream 2L,$5.50,$2.75/1L,"https://cdn.metcash.media/image/upload/f_auto,c_limit,w_300,q_auto/igashop/images/158023"
K-Roo Kangaroo Steaks 400g,$12.00,$3.00/100g,"https://cdn.metcash.media/image/upload/f_auto,c_limit,w_300,q_auto/igashop/images/180000005202"
Defiance Self Raising Flour 1kg,$3.25,$3.25/kg,"https://cdn.metcash.media/image/upload/f_auto,c_limit,w_300,q_auto/igashop/images/34350"
L'Or Espresso Colombia Capsules 30 Pack,$16.00,$0.53 each,"https://cdn.metcash.media/image/upload/f_auto,c_limit,w_300,q_auto/igashop/images/1800000067675"
Weis Ice Cream Mango 264mL,$9.50,$3.60/100mL,"https://cdn.metcash.media/image/upload/f_auto,c_limit,w_300,q_auto/igashop/images/161275"
Nestlé Chokito Milk Chocolate 50g,$1.50,$3.00/100g,"https://cdn.metcash.media/image/upload/f_auto,c_limit,w_300,q_auto/igashop/images/370227"
Bird Munchies Parrot & Peachface Seed Treat 90g,$2.30,$2.56/100g,https://www.igashop.com.au/static/default-product-image.png
McGuigan Zero Alcohol Sparkling 750mL,$10.00,$1.33/100mL,"https://cdn.metcash.media/image/upload/f_auto,c_limit,w_300,q_auto/igashop/images/6603225"
Farmers Union Iced Coffee 600mL,$3.70,$0.62/100mL,"https://cdn.metcash.media/image/upload/f_auto,c_limit,w_300,q_auto/igashop/images/180131"
Pedigree Wet Dog Food with 5 Kinds of Meat Loaf Can 700g,$2.80,$0.40/100g,"https://cdn.metcash.media/image/upload/f_auto,c_limit,w_300,q_auto/igashop/images/307169"
ZoOSh Free Range Egg Garlic Aioli 350g,$4.90,$1.40/100g,"https://cdn.metcash.media/image/upload/f_auto,c_limit,w_300,q_auto/igashop/images/402582"
Finish Quantum Ultimate Original Dishwashing Tablets 36 Pack,$18.00,$0.50 each,"https://cdn.metcash.media/image/upload/f_auto,c_limit,w_300,q_auto/igashop/images/783962"
Trill Mix-in Fruit & Nut Blend 200g,$4.50,$2.25/100g,"https://cdn.metcash.media/image/upload/f_auto,c_limit,w_300,q_auto/igashop/images/26810"
"Ben's Original Rice Fuel Mediterranean Style Veg, Tomato And Brown Rice 180g",$3.55,$1.97/100g,"https://cdn.metcash.media/image/upload/f_auto,c_limit,w_300,q_auto/igashop/images/510482"
Sard Super Power Stain Remover Powder 1.8kg,$14.40,$8.00/kg,"https://cdn.metcash.media/image/upload/f_auto,c_limit,w_300,q_auto/igashop/images/677925"
My Dog Tender Country Lamb and Liver Loaf Classics Wet Dog Food Can 400g,$3.00,$0.75/100g,"https://cdn.metcash.media/image/upload/f_auto,c_limit,w_300,q_auto/igashop/images/316435"
Rexona Antiperspirant Aerosol Deodorant Advanced Protection Watermelon Freeze + Cactus Water Scent for Women 220mL,$4.80,$2.18/100mL,"https://cdn.metcash.media/image/upload/f_auto,c_limit,w_300,q_auto/igashop/images/150000002093"
Sukin Hydrating Mist Toner 125mL,$14.00,$11.20/100mL,"https://cdn.metcash.media/image/upload/f_auto,c_limit,w_300,q_auto/igashop/images/925514"
Yoplait Petit Miam No Added Sugar + Probiotics Strawberry & Banana Yoghurt 70g,$1.20,$1.71/100g,"https://cdn.metcash.media/image/upload/f_auto,c_limit,w_300,q_auto/igashop/images/750935"
S&W Vegan Mayonnaise 460g,$5.50,$1.20/100g,"https://cdn.metcash.media/image/upload/f_auto,c_limit,w_300,q_auto/igashop/images/752217"
Morning Sun Apricot & Almond Muesli 650g,$5.50,$0.85/100g,"https://cdn.metcash.media/image/upload/f_auto,c_limit,w_300,q_auto/igashop/images/21556"
Chapstick Strawberry SPF15 4.2g,$4.00,$95.24/100g,"https://cdn.metcash.media/image/upload/f_auto,c_limit,w_300,q_auto/igashop/images/413554"
Cadbury Milk Chocolate Coated Almond & Cherry Bites 270g,$5.00,$1.85/100g,"https://cdn.metcash.media/image/upload/f_auto,c_limit,w_300,q_auto/igashop/images/180000005586"
Always Fresh Red Wine Vinegar 500mL,$3.60,$0.72/100mL,"https://cdn.metcash.media/image/upload/f_auto,c_limit,w_300,q_auto/igashop/images/658706"
Saxa Iodised Sea Salt Grinder 90g,$4.80,$5.33/100g,"https://cdn.metcash.media/image/upload/f_auto,c_limit,w_300,q_auto/igashop/images/344187"
Pantene 3 Minue Miracle Biotin Daily Moisture Renew Conditioner 350mL,$13.00,$3.71/100mL,"https://cdn.metcash.media/image/upload/f_auto,c_limit,w_300,q_auto/igashop/images/561200"
Jelly Belly 3D Gel Vent Duo Berry Lemonade 2 Pack,$10.00,$5.00 each,"https://cdn.metcash.media/image/upload/f_auto,c_limit,w_300,q_auto/igashop/images/180000006212"
Gatorade Berry Chill Sports Drink 600mL,$2.35,$0.39/100mL,"https://cdn.metcash.media/image/upload/f_auto,c_limit,w_300,q_auto/igashop/images/405899"
Primo Danish Salami Knob 200g,$7.00,$3.50/100g,"https://cdn.metcash.media/image/upload/f_auto,c_limit,w_300,q_auto/igashop/images/180000003648"
On The Menu Vegetable Pad Thai Bowl 350g,$7.90,$2.26/100g,https://www.igashop.com.au/static/default-product-image.png
Allen's Party Mix Bulk Lollies 1kg,$14.00,$14.00/kg,"https://cdn.metcash.media/image/upload/f_auto,c_limit,w_300,q_auto/igashop/images/69266"
Lifestyle Soft N Light Gluten Free Wholemeal Loaf 500g,$6.50,$1.30/100g,"https://cdn.metcash.media/image/upload/f_auto,c_limit,w_300,q_auto/igashop/images/620965"
Lotus Biscoff Biscuits Sandwich Vanilla Cream 110g,$2.90,$2.64/100g,"https://cdn.metcash.media/image/upload/f_auto,c_limit,w_300,q_auto/igashop/images/278116"
Wattie's Lasagne Snack Meal 250g,$4.60,$1.84/100g,"https://cdn.metcash.media/image/upload/f_auto,c_limit,w_300,q_auto/igashop/images/180000002801"
Black & Gold Concentrate Orange Drink 6 Pack,$2.65,$0.44 each,"https://cdn.metcash.media/image/upload/f_auto,c_limit,w_300,q_auto/igashop/images/317855"
Real Tasty Cheddar Cheese Slices 250g,$6.30,$2.52/100g,"https://cdn.metcash.media/image/upload/f_auto,c_limit,w_300,q_auto/igashop/images/696115"
Papa Joe's Banana Bread 700g,$7.00,$1.00/100g,"https://cdn.metcash.media/image/upload/f_auto,c_limit,w_300,q_auto/igashop/images/726643"
John West Salmon Fillets with Lemon and Chilli 100g,$2.00,$2.00/100g,"https://cdn.metcash.media/image/upload/f_auto,c_limit,w_300,q_auto/igashop/images/180000003432"
Vaalia Probiotic Yoghurt French Vanilla 900g,$6.50,$0.72/100g,"https://cdn.metcash.media/image/upload/f_auto,c_limit,w_300,q_auto/igashop/images/175300"
Elmer's Glow In The Dark Glue Pink 147mL,$10.50,$7.14/100mL,"https://cdn.metcash.media/image/upload/f_auto,c_limit,w_300,q_auto/igashop/images/190000001392"
Laucke Wallaby Bakers Flour 1kg,$3.00,$3.00/kg,"https://cdn.metcash.media/image/upload/f_auto,c_limit,w_300,q_auto/igashop/images/539122"
Oral-B Toothbrush 5 Way Clean 3 Pack,$10.00,$3.33 each,"https://cdn.metcash.media/image/upload/f_auto,c_limit,w_300,q_auto/igashop/images/515547"
Majans Bhuja Nut Mix 140g,$4.50,$3.21/100g,"https://cdn.metcash.media/image/upload/f_auto,c_limit,w_300,q_auto/igashop/images/954539"
Dinner Winner Beef 153g,$4.90,$3.20/100g,"https://cdn.metcash.media/image/upload/f_auto,c_limit,w_300,q_auto/igashop/images/180000000348"
Primo Thinly Cut Virginian Ham 1kg,$25.20,$25.20/kg,https://www.igashop.com.au/static/default-product-image.png
Maybelline Lash Sensational Sky High Mascara - Cosmic Black 7.2mL,$26.00,$361.11/100mL,"https://cdn.metcash.media/image/upload/f_auto,c_limit,w_300,q_auto/igashop/images/349357"
Darlac Tool Compound Action Pruner,$26.95,N/A,"https://cdn.metcash.media/image/upload/f_auto,c_limit,w_300,q_auto/igashop/images/874488"
Community Co Beef Lasagne 1kg,$13.95,$13.95/kg,https://www.igashop.com.au/static/default-product-image.png
Colgate Mouthwash Optic White 500mL,$8.00,$1.60/100mL,"https://cdn.metcash.media/image/upload/f_auto,c_limit,w_300,q_auto/igashop/images/292869"
Sorbent Facial Tissues Lotionised 70 Pack,$2.50,$0.04 each,"https://cdn.metcash.media/image/upload/f_auto,c_limit,w_300,q_auto/igashop/images/180000002451"
Kleenex Anti-bacterial Wet Wipes 40 Pack,$4.60,$0.12 each,"https://cdn.metcash.media/image/upload/f_auto,c_limit,w_300,q_auto/igashop/images/482794"
Oyster Mushroom Punnet,$6.90,N/A,"https://cdn.metcash.media/image/upload/f_auto,c_limit,w_300,q_auto/igashop/images/80050115"
Mingle Butter Chicken Recipe Base 30g,$2.60,$8.67/100g,https://www.igashop.com.au/static/default-product-image.png
Buderim Ginger Honey & Lemon Chews 50g,$2.60,$5.20/100g,"https://cdn.metcash.media/image/upload/f_auto,c_limit,w_300,q_auto/igashop/images/20000002196"
Harvest Snaps Pea Sour Cream And Chives 120g,$5.00,$4.17/100g,"https://cdn.metcash.media/image/upload/f_auto,c_limit,w_300,q_auto/igashop/images/541328"
Colgate Sensitive Teeth Pain Multi Protection Sensitive Toothpaste 110g,$6.00,$5.45/100g,"https://cdn.metcash.media/image/upload/f_auto,c_limit,w_300,q_auto/igashop/images/304894"
Schmackos Strapz With Liver Dog Treats 500g,$11.50,$2.30/100g,"https://cdn.metcash.media/image/upload/f_auto,c_limit,w_300,q_auto/igashop/images/367834"
Ocean Spray Craisins Reduced Sugar 150g,$3.60,$2.40/100g,"https://cdn.metcash.media/image/upload/f_auto,c_limit,w_300,q_auto/igashop/images/190000001323"
Castello Cream Cheese 200g,$5.00,$2.50/100g,https://www.igashop.com.au/static/default-product-image.png
Magnum Ice Cream Bites Classic 12 Pack,$11.00,$0.92 each,"https://cdn.metcash.media/image/upload/f_auto,c_limit,w_300,q_auto/igashop/images/571077"
Golden Circle Apple Blackcurrant Fruit Drink Multipack Poppers 6 Pack,$5.10,$0.85 each,"https://cdn.metcash.media/image/upload/f_auto,c_limit,w_300,q_auto/igashop/images/74203"
Patak's Tikka Masala Paste Pots 2 Pack,$4.00,$2.00 each,"https://cdn.metcash.media/image/upload/f_auto,c_limit,w_300,q_auto/igashop/images/16000001649"
Ovaltine Lasting Energy 480g,$10.75,$2.24/100g,"https://cdn.metcash.media/image/upload/f_auto,c_limit,w_300,q_auto/igashop/images/214285"
Sellotape Tape Double Sided 12mmx10m,$3.40,N/A,"https://cdn.metcash.media/image/upload/f_auto,c_limit,w_300,q_auto/igashop/images/936683"
Nyal Antiviral Cold Sore Cream 5g,$12.00,$240.00/100g,"https://cdn.metcash.media/image/upload/f_auto,c_limit,w_300,q_auto/igashop/images/160000001336"
Kellogg's Just Right Original 790g,$8.50,$1.08/100g,"https://cdn.metcash.media/image/upload/f_auto,c_limit,w_300,q_auto/igashop/images/99371"
Aleo Mate Lychee 1.5L,$5.20,$3.47/1L,"https://cdn.metcash.media/image/upload/f_auto,c_limit,w_300,q_auto/igashop/images/190000004179"
SPC Fruit Salad Reduced Sugar 4 Pack,$4.70,$1.18 each,"https://cdn.metcash.media/image/upload/f_auto,c_limit,w_300,q_auto/igashop/images/926523"
Laundry Basket Oval,$7.00,N/A,https://www.igashop.com.au/static/default-product-image.png
Schick Mens Razor Exacta 2 Disposable Sensitive 18 Pack,$15.00,$0.83 each,"https://cdn.metcash.media/image/upload/f_auto,c_limit,w_300,q_auto/igashop/images/95534"
Colgate Total Advanced Fresh Antibacterial Toothpaste 115g,$6.00,$5.22/100g,"https://cdn.metcash.media/image/upload/f_auto,c_limit,w_300,q_auto/igashop/images/160000011200"
Oral-B 3D White Luxe Diamond Strong Toothpaste 95g,$7.90,$8.32/100g,"https://cdn.metcash.media/image/upload/f_auto,c_limit,w_300,q_auto/igashop/images/997168"
Fresh Pasta Co Tasmanian Smoked Salmon Ravioli 500g,$18.50,$3.70/100g,"https://cdn.metcash.media/image/upload/f_auto,c_limit,w_300,q_auto/igashop/images/20000005227"
Blackmores Fish Oil 1000 Capsules 200 Pack,$18.00,$0.09 each,"https://cdn.metcash.media/image/upload/f_auto,c_limit,w_300,q_auto/igashop/images/160000011537"
Comfort Fragrance Booster Classic 200g,$14.00,$7.00/100g,"https://cdn.metcash.media/image/upload/f_auto,c_limit,w_300,q_auto/igashop/images/550746"
Mirabella LED 5.5W Warm White GLS Edison Screw Cap Globe,$3.60,N/A,"https://cdn.metcash.media/image/upload/f_auto,c_limit,w_300,q_auto/igashop/images/222741"
Dari's Beef and Barley Soup 550g,$8.00,$1.45/100g,"https://cdn.metcash.media/image/upload/f_auto,c_limit,w_300,q_auto/igashop/images/150000008173"
Community Co Eggs XL Free Range 6 Pack 6 Pack,$5.10,$0.85 each,"https://cdn.metcash.media/image/upload/f_auto,c_limit,w_300,q_auto/igashop/images/617218"
Darlac Tool Telescopic Rake Expanding Large,$26.95,N/A,"https://cdn.metcash.media/image/upload/f_auto,c_limit,w_300,q_auto/igashop/images/874506"
Cadbury Dairy Milk Caramello Ice Cream Sticks 4 Pack,$8.50,$2.13 each,"https://cdn.metcash.media/image/upload/f_auto,c_limit,w_300,q_auto/igashop/images/568862"
Sorbent Toilet Tissue Thick & Soft White 4-Ply 12 Pack,$9.90,$0.82 each,"https://cdn.metcash.media/image/upload/f_auto,c_limit,w_300,q_auto/igashop/images/561373"
Red Rock Deli Classics Caramelised French Onion Dip 190g,$5.00,$2.63/100g,"https://cdn.metcash.media/image/upload/f_auto,c_limit,w_300,q_auto/igashop/images/340447"
Sunbeam Nuts Australian Almond Meal 110g,$6.95,$6.32/100g,"https://cdn.metcash.media/image/upload/f_auto,c_limit,w_300,q_auto/igashop/images/160000018189"
Dine Pulled Menu With Chicken 7 Pack,$12.00,$1.71 each,"https://cdn.metcash.media/image/upload/f_auto,c_limit,w_300,q_auto/igashop/images/525568"
Sour Patch Kids Mini Xtreme Sour Heads 80g,$1.50,$1.88/100g,https://www.igashop.com.au/static/default-product-image.png
BabyLove Nappy Cosifit Toddler 18 Pack,$9.95,$0.55 each,"https://cdn.metcash.media/image/upload/f_auto,c_limit,w_300,q_auto/igashop/images/902642"
Wonka Nerds Covered Gummy Rope 26.1g,$2.50,$9.58/100g,"https://cdn.metcash.media/image/upload/f_auto,c_limit,w_300,q_auto/igashop/images/20000004939"
Maggi Dry Recipe Base Bolognese Natural 26g,$1.85,$7.12/100g,"https://cdn.metcash.media/image/upload/f_auto,c_limit,w_300,q_auto/igashop/images/180000006280"
Cadbury Old Gold Roast Almond 180g,$4.00,$2.22/100g,"https://cdn.metcash.media/image/upload/f_auto,c_limit,w_300,q_auto/igashop/images/463693"
Optimum Light & Healthy With Chicken & Rice Wet Dog Food 680g,$4.20,$0.62/100g,"https://cdn.metcash.media/image/upload/f_auto,c_limit,w_300,q_auto/igashop/images/444238_1"
Schar Choco Chip Cookies 100g,$8.00,$8.00/100g,https://www.igashop.com.au/static/default-product-image.png
Cadbury Flake Bites Milk Chocolate 150g,$2.50,$1.67/100g,"https://cdn.metcash.media/image/upload/f_auto,c_limit,w_300,q_auto/igashop/images/90296"
Kirks Orange Sugar Free Multipack Cans 10 Pack,$15.00,$1.50 each,"https://cdn.metcash.media/image/upload/f_auto,c_limit,w_300,q_auto/igashop/images/180000002411"
Pepsi Soda Cans 6 Pack,$9.10,$1.52 each,"https://cdn.metcash.media/image/upload/f_auto,c_limit,w_300,q_auto/igashop/images/219400"
V.I.P. Fussy Cat Salmon & Whitefish With Olive Oil 2.5kg,$23.85,$9.54/kg,"https://cdn.metcash.media/image/upload/f_auto,c_limit,w_300,q_auto/igashop/images/396605"
Naked Life Non Alcoholic Margarita 4 Pack,$15.00,$3.75 each,"https://cdn.metcash.media/image/upload/f_auto,c_limit,w_300,q_auto/igashop/images/20000005156"
Cottee's Ice Magic Choc Honeycomb 220g,$4.00,$1.82/100g,"https://cdn.metcash.media/image/upload/f_auto,c_limit,w_300,q_auto/igashop/images/67298"
Nestlé KitKat Dark Chocolate Mint Block 160g,$5.25,$3.28/100g,"https://cdn.metcash.media/image/upload/f_auto,c_limit,w_300,q_auto/igashop/images/370133"
Vanish NapiSan Gold Pro Oxi Action Stain Remover Powder 1kg,$20.00,$20.00/kg,"https://cdn.metcash.media/image/upload/f_auto,c_limit,w_300,q_auto/igashop/images/636042"
Bickford's Cordial Blackcurrant 750mL,$6.00,$8.00/1L,https://www.igashop.com.au/static/default-product-image.png
Dr Oetker Papa Giuseppi's Pizza Pies Pepperoni 326g,$4.90,$1.50/100g,"https://cdn.metcash.media/image/upload/f_auto,c_limit,w_300,q_auto/igashop/images/991625"
Lucas' Paw Paw Ointment 75g,$20.50,$27.33/100g,"https://cdn.metcash.media/image/upload/f_auto,c_limit,w_300,q_auto/igashop/images/180000000762"
Community Co Frozen Mediterranean And Potato Bake 600g,$6.20,$1.03/100g,https://www.igashop.com.au/static/default-product-image.png
Multix Bag Handy Tie Medium 50 Pack,$3.00,$0.06 each,"https://cdn.metcash.media/image/upload/f_auto,c_limit,w_300,q_auto/igashop/images/28016"
Praise Deli Style Creamy Roast Garlic 250mL,$3.80,$1.52/100mL,"https://cdn.metcash.media/image/upload/f_auto,c_limit,w_300,q_auto/igashop/images/889933"
Community Co Passata Sauce 690g,$2.60,$0.38/100g,"https://cdn.metcash.media/image/upload/f_auto,c_limit,w_300,q_auto/igashop/images/190000004749"
Natures Organics Wild Lavender Bodywash 400mL,$3.10,$0.78/100mL,"https://cdn.metcash.media/image/upload/f_auto,c_limit,w_300,q_auto/igashop/images/20000004893"
Bellavitano Merlot 150g,$13.00,$8.67/100g,"https://cdn.metcash.media/image/upload/f_auto,c_limit,w_300,q_auto/igashop/images/447540"
Carefree Flexia Super Tampons with Wings 16 Pack,$6.50,$0.41 each,"https://cdn.metcash.media/image/upload/f_auto,c_limit,w_300,q_auto/igashop/images/323385"
Medix Eucalyptus Spray 200g,$10.50,$5.25/100g,"https://cdn.metcash.media/image/upload/f_auto,c_limit,w_300,q_auto/igashop/images/160000013356"
Ocean Spray Pure Juice Cranberry 1L,$8.00,$8.00/1L,"https://cdn.metcash.media/image/upload/f_auto,c_limit,w_300,q_auto/igashop/images/612718"
Alter Eco Organic 47% Dark Chocolate Coconut Toffee 80g,$7.50,$9.38/100g,"https://cdn.metcash.media/image/upload/f_auto,c_limit,w_300,q_auto/igashop/images/736046"
Divine Foods Aust. Melting Moments Vanilla 160g,$4.80,$3.00/100g,https://www.igashop.com.au/static/default-product-image.png
Continental Recipe Base Chow Mein Mince 30g,$1.80,$6.00/100g,"https://cdn.metcash.media/image/upload/f_auto,c_limit,w_300,q_auto/igashop/images/421264"
Jon Jon Banana Bread Creams 200g,$5.85,$2.93/100g,https://www.igashop.com.au/static/default-product-image.png
Sabco Clean Line Dustpan Set,$7.25,N/A,"https://cdn.metcash.media/image/upload/f_auto,c_limit,w_300,q_auto/igashop/images/907956"
Community Co Wooden Cutlery & Napkin Set 10 Pack,$3.50,$0.35 each,https://www.igashop.com.au/static/default-product-image.png
Amazonia Acai Energy 400g,$9.50,$2.38/100g,"https://cdn.metcash.media/image/upload/f_auto,c_limit,w_300,q_auto/igashop/images/190000003897"
Violet Crumble Dark Bar 50g,$2.50,$5.00/100g,"https://cdn.metcash.media/image/upload/f_auto,c_limit,w_300,q_auto/igashop/images/700155"
Mrs Brunt’s Cinnamon Waffles 8 Pack,$5.60,$0.70 each,"https://cdn.metcash.media/image/upload/f_auto,c_limit,w_300,q_auto/igashop/images/8466"
Freshbake Apricot Lattice Rounds 255g,$6.30,$2.47/100g,https://www.igashop.com.au/static/default-product-image.png
Arnott's Gold Label Lightly Toasted Crackers Apricot Macadamia 100g,$4.50,$4.50/100g,"https://cdn.metcash.media/image/upload/f_auto,c_limit,w_300,q_auto/igashop/images/745639"
Mortein Powergard All In One Insect Killer Spray Eucalyptus 300g,$17.50,$5.83/100g,"https://cdn.metcash.media/image/upload/f_auto,c_limit,w_300,q_auto/igashop/images/910182"
Ayam Paste Thai Green Curry 195g,$4.00,$2.05/100g,"https://cdn.metcash.media/image/upload/f_auto,c_limit,w_300,q_auto/igashop/images/608028"
Vitawerx Protein White Chocolate Coated Macadamias 60g,$6.95,$11.58/100g,"https://cdn.metcash.media/image/upload/f_auto,c_limit,w_300,q_auto/igashop/images/190000005160"
Glad to be Green 95% Recycled Kitchen Tidy Bags Small 34 Pack,$4.75,$0.14 each,"https://cdn.metcash.media/image/upload/f_auto,c_limit,w_300,q_auto/igashop/images/160000011738"
Mighty Soft English Muffins 6 Pack,$5.80,$0.97 each,"https://cdn.metcash.media/image/upload/f_auto,c_limit,w_300,q_auto/igashop/images/20000005793"
Edgell Asparagus Spears 425g,$4.75,$1.12/100g,"https://cdn.metcash.media/image/upload/f_auto,c_limit,w_300,q_auto/igashop/images/407422"
Arnott's Shapes Snacks Meat Pie 165g,$4.00,$2.42/100g,"https://cdn.metcash.media/image/upload/f_auto,c_limit,w_300,q_auto/igashop/images/682991"
Nifti All Purpose Cleaner 500mL,$5.00,$1.00/100mL,"https://cdn.metcash.media/image/upload/f_auto,c_limit,w_300,q_auto/igashop/images/422901"
Continental Sensations Recipe Base Lebanese Koftas 44g,$2.75,$6.25/100g,"https://cdn.metcash.media/image/upload/f_auto,c_limit,w_300,q_auto/igashop/images/572170"
Cooks Scorched Peanut Bar 45g,$1.95,$4.33/100g,"https://cdn.metcash.media/image/upload/f_auto,c_limit,w_300,q_auto/igashop/images/835007"
Easy-Off Bam Soap Scum & Shine Trigger 500mL,$5.00,$1.00/100mL,"https://cdn.metcash.media/image/upload/f_auto,c_limit,w_300,q_auto/igashop/images/370675"
The Pet Hub - Ball Launcher & Catcher,$10.35,N/A,https://www.igashop.com.au/static/default-product-image.png
Stay Fresh Edco Wonder Cloth,$2.75,N/A,https://www.igashop.com.au/static/default-product-image.png
U By Kotex Feminine Pad Petite Ultrathin Overnight 14 Pack,$5.60,$0.40 each,https://www.igashop.com.au/static/default-product-image.png
Twinings Australian Afternoon Tea Bags 100 Pack,$13.50,$0.14 each,"https://cdn.metcash.media/image/upload/f_auto,c_limit,w_300,q_auto/igashop/images/335434"
Manicare Toenail Clippers with Nail File,$6.30,N/A,"https://cdn.metcash.media/image/upload/f_auto,c_limit,w_300,q_auto/igashop/images/160000002657"
Black & Gold Apple Juice 2L,$2.70,$1.35/1L,"https://cdn.metcash.media/image/upload/f_auto,c_limit,w_300,q_auto/igashop/images/424937"
Grannys Banana Cake Tray 360g,$8.15,$2.26/100g,"https://cdn.metcash.media/image/upload/f_auto,c_limit,w_300,q_auto/igashop/images/596629"
Wattie's Baked Beans in Tomato Sauce 420g,$1.99,$0.47/100g,"https://cdn.metcash.media/image/upload/f_auto,c_limit,w_300,q_auto/igashop/images/160000010419"
Purina Total Care Petcare Slicker & Detangling Rake,$17.00,N/A,"https://cdn.metcash.media/image/upload/f_auto,c_limit,w_300,q_auto/igashop/images/215786"
Streets Family 20 Pack,$26.50,$1.33 each,"https://cdn.metcash.media/image/upload/f_auto,c_limit,w_300,q_auto/igashop/images/928800"
Eeeeet Gingerbread Cookies 60g,$2.25,$3.75/100g,https://www.igashop.com.au/static/default-product-image.png
Mersey Valley Little Entertainers Pickled Onion Cheese 80g,$4.50,$5.63/100g,"https://cdn.metcash.media/image/upload/f_auto,c_limit,w_300,q_auto/igashop/images/20000002375"
Princi Smallgoods Diced Pancetta 200g,$10.99,$5.50/100g,"https://cdn.metcash.media/image/upload/f_auto,c_limit,w_300,q_auto/igashop/images/190000004997"
The Natural Confectionery Co. Party Mix Lollies 1.1kg,$12.50,$11.36/kg,"https://cdn.metcash.media/image/upload/f_auto,c_limit,w_300,q_auto/igashop/images/160000003476"
Darrell Lea Batch 37 Liquorice 260g,$5.50,$2.12/100g,"https://cdn.metcash.media/image/upload/f_auto,c_limit,w_300,q_auto/igashop/images/459123"
ETA Barbecue Sauce 375mL,$3.20,$0.85/100mL,"https://cdn.metcash.media/image/upload/f_auto,c_limit,w_300,q_auto/igashop/images/36409"
Red Rock Deli Style Crackers Sea Salt And Balsamic Vinegar 135g,$3.75,$2.78/100g,"https://cdn.metcash.media/image/upload/f_auto,c_limit,w_300,q_auto/igashop/images/681563"
Brownes Buttermilk 500mL,$4.00,$0.80/100mL,"https://cdn.metcash.media/image/upload/f_auto,c_limit,w_300,q_auto/igashop/images/439204"
Global Organics Chick Peas No Added Salt 400g,$3.20,$0.80/100g,"https://cdn.metcash.media/image/upload/f_auto,c_limit,w_300,q_auto/igashop/images/20000000687"
Listerine Fresh Burst Mouthwash 1L,$8.75,$8.75/1L,"https://cdn.metcash.media/image/upload/f_auto,c_limit,w_300,q_auto/igashop/images/370918"
My Life Bio Cheese Halloumi 200g,$10.95,$5.48/100g,"https://cdn.metcash.media/image/upload/f_auto,c_limit,w_300,q_auto/igashop/images/160000012553"
Fountain Mustard Sauce 250mL,$2.75,$1.10/100mL,"https://cdn.metcash.media/image/upload/f_auto,c_limit,w_300,q_auto/igashop/images/36776"
John West Pink Salmon 210g,$6.50,$3.10/100g,"https://cdn.metcash.media/image/upload/f_auto,c_limit,w_300,q_auto/igashop/images/18825"
Schmackos Strapz Dog Treat Liver Bag 200g,$6.40,$3.20/100g,"https://cdn.metcash.media/image/upload/f_auto,c_limit,w_300,q_auto/igashop/images/975242"
Wild Breads Fresh Date Scones 500g,$6.10,$1.22/100g,https://www.igashop.com.au/static/default-product-image.png
Mayver's Protein+ Peanut Butter with 5 Super Seeds 375g,$6.50,$1.73/100g,"https://cdn.metcash.media/image/upload/f_auto,c_limit,w_300,q_auto/igashop/images/160000000551"
Jelly Belly 3D Air Freshener Blueberry,$7.00,N/A,https://www.igashop.com.au/static/default-product-image.png
Grove Extra Virgin Avocado Oil 250mL,$10.20,$4.08/100mL,https://www.igashop.com.au/static/default-product-image.png
Europe Summer Roll Bitesize 135g,$2.50,$1.85/100g,"https://cdn.metcash.media/image/upload/f_auto,c_limit,w_300,q_auto/igashop/images/876794"
Ashgrove Vintage Cheddar Cheese 140g,$7.95,$5.68/100g,https://www.igashop.com.au/static/default-product-image.png
Gatorade Grape Sports Drink 600mL,$2.10,$0.35/100mL,"https://cdn.metcash.media/image/upload/f_auto,c_limit,w_300,q_auto/igashop/images/498821"
Cadbury Cherry Ripe Bites 135g,$2.50,$1.85/100g,"https://cdn.metcash.media/image/upload/f_auto,c_limit,w_300,q_auto/igashop/images/913261"
Comfort Fabric Conditioner Tahiti 800mL,$9.00,$1.13/100mL,"https://cdn.metcash.media/image/upload/f_auto,c_limit,w_300,q_auto/igashop/images/180000006268"
Decor Lunch Box Ice Pack Small Assorted 2 Pack,$4.00,$2.00 each,"https://cdn.metcash.media/image/upload/f_auto,c_limit,w_300,q_auto/igashop/images/773093"
Macquarie Valley Orange Mango Nectar 500mL,$3.05,$6.10/1L,"https://cdn.metcash.media/image/upload/f_auto,c_limit,w_300,q_auto/igashop/images/120782"
Colgate Twister Deep Cleaning Toothbrush with Spiral Bristles Medium,$2.50,N/A,"https://cdn.metcash.media/image/upload/f_auto,c_limit,w_300,q_auto/igashop/images/381600"
My Life Bio Cheese Dairy Free Cheddar Flavour & Crackers 50g,$4.60,$9.20/100g,"https://cdn.metcash.media/image/upload/f_auto,c_limit,w_300,q_auto/igashop/images/160000012554"
Pandaroo Satay Sauce 250mL,$3.99,$1.60/100mL,"https://cdn.metcash.media/image/upload/f_auto,c_limit,w_300,q_auto/igashop/images/20000005360"
Whiskas Adult Furball Sardine & Prawn 800g,$7.00,$0.88/100g,"https://cdn.metcash.media/image/upload/f_auto,c_limit,w_300,q_auto/igashop/images/207377"
Chapstick Conditioner Lip Balm SPF 15 4.2g,$4.00,$95.24/100g,"https://cdn.metcash.media/image/upload/f_auto,c_limit,w_300,q_auto/igashop/images/450409"
Pauls PhysiCal Low Fat Milk 2L,$5.80,$2.90/1L,"https://cdn.metcash.media/image/upload/f_auto,c_limit,w_300,q_auto/igashop/images/148434"
Community Co U Liner Regular 20 Pack,$1.50,$0.08 each,"https://cdn.metcash.media/image/upload/f_auto,c_limit,w_300,q_auto/igashop/images/190000001520"
McCormick Produce Partner Sour Cream Chive Potato Mash 40g,$1.95,$4.88/100g,"https://cdn.metcash.media/image/upload/f_auto,c_limit,w_300,q_auto/igashop/images/699095"
Orgran Vegan Gravy Mix 200g,$5.70,$2.85/100g,"https://cdn.metcash.media/image/upload/f_auto,c_limit,w_300,q_auto/igashop/images/180000000743"
Beerenberg Slow Cooker French Chicken 240mL,$6.50,$2.71/100mL,"https://cdn.metcash.media/image/upload/f_auto,c_limit,w_300,q_auto/igashop/images/849933"
Old El Paso Taco Spice Mix Extra Mild 30g,$3.00,$10.00/100g,"https://cdn.metcash.media/image/upload/f_auto,c_limit,w_300,q_auto/igashop/images/160000012671"
Palmolive Naturals Hair Conditioner Active Nourishment Aloe Vera 350mL,$6.00,$1.71/100mL,"https://cdn.metcash.media/image/upload/f_auto,c_limit,w_300,q_auto/igashop/images/327436"
Radiant Brightens Whites or Colours Laundry Liquid 2L,$12.00,$6.00/1L,"https://cdn.metcash.media/image/upload/f_auto,c_limit,w_300,q_auto/igashop/images/369145"
Massel Organic Liquid Stock Chicken Style 1L,$4.20,$4.20/1L,"https://cdn.metcash.media/image/upload/f_auto,c_limit,w_300,q_auto/igashop/images/640790"
Red Seal Smokers Toothpaste 100g,$5.50,$5.50/100g,"https://cdn.metcash.media/image/upload/f_auto,c_limit,w_300,q_auto/igashop/images/20000002117"
Barambah Organics Skim Milk 1L,$3.60,$3.60/1L,"https://cdn.metcash.media/image/upload/f_auto,c_limit,w_300,q_auto/igashop/images/677221"
Gatorade Grape Sports Drink 600mL,$4.20,$0.70/100mL,"https://cdn.metcash.media/image/upload/f_auto,c_limit,w_300,q_auto/igashop/images/498821"
Bakers Collection Donut Cookies Chocolate Swirl 300g,$9.50,$3.17/100g,https://www.igashop.com.au/static/default-product-image.png
Garnier Skin Active Hyaluronic Aloe Serum 30mL,$18.50,$61.67/100mL,"https://cdn.metcash.media/image/upload/f_auto,c_limit,w_300,q_auto/igashop/images/373380"
Nescafe Dolce Gusto Cappuccino Capsules 16 Pack,$12.00,$0.75 each,"https://cdn.metcash.media/image/upload/f_auto,c_limit,w_300,q_auto/igashop/images/430687"
Bondi Sands Liquid Gold Self Tanning Oil 150mL,$22.00,$14.67/100mL,"https://cdn.metcash.media/image/upload/f_auto,c_limit,w_300,q_auto/igashop/images/463070"
Chobani Greek Yoghurt Strawberry Pouch 140g,$2.70,$1.93/100g,"https://cdn.metcash.media/image/upload/f_auto,c_limit,w_300,q_auto/igashop/images/180000000050"
Bakers Collection Petite Meringues Vanilla 100g,$1.50,$1.50/100g,"https://cdn.metcash.media/image/upload/f_auto,c_limit,w_300,q_auto/igashop/images/20000005178"
Philadelphia Light Cream For Cooking 240mL,$3.30,$1.38/100mL,"https://cdn.metcash.media/image/upload/f_auto,c_limit,w_300,q_auto/igashop/images/164032"
Cornetto Frozen Dessert 4 Pack,$12.50,$3.13 each,https://www.igashop.com.au/static/default-product-image.png
Colman's Orginal Mustard 100g,$4.90,$4.90/100g,https://www.igashop.com.au/static/default-product-image.png
Tetley Tagless Tea Bags 100 Pack,$3.80,$0.04 each,"https://cdn.metcash.media/image/upload/f_auto,c_limit,w_300,q_auto/igashop/images/769612"
Campbell's Country Ladle Canned Soup Creamy Chicken 500g,$4.50,$0.90/100g,"https://cdn.metcash.media/image/upload/f_auto,c_limit,w_300,q_auto/igashop/images/2947"
Mae Ploy Salad Dressing Thai Style 285mL,$2.80,$0.98/100mL,"https://cdn.metcash.media/image/upload/f_auto,c_limit,w_300,q_auto/igashop/images/314666"
Celco Wooden Ruler Metric Drilled,$1.25,N/A,"https://cdn.metcash.media/image/upload/f_auto,c_limit,w_300,q_auto/igashop/images/290820"
Sweetworld Swirl Pop 200g,$3.00,$1.50/100g,https://www.igashop.com.au/static/default-product-image.png
Tommee Tippee Ultra Light Silicone Soother 6-18 Months 2 Pack,$12.00,$6.00 each,"https://cdn.metcash.media/image/upload/f_auto,c_limit,w_300,q_auto/igashop/images/979717"
Maybelline Fit Me Dewy & Smooth Liquid Foundation - Sun Beige 30mL,$26.00,$86.67/100mL,"https://cdn.metcash.media/image/upload/f_auto,c_limit,w_300,q_auto/igashop/images/330913"
Decor Microsafe Soup Mug,$5.50,N/A,"https://cdn.metcash.media/image/upload/f_auto,c_limit,w_300,q_auto/igashop/images/234405"
Ziploc Sandwich Bag 100 Pack,$6.80,$0.07 each,"https://cdn.metcash.media/image/upload/f_auto,c_limit,w_300,q_auto/igashop/images/649244"
MasterFoods Onion Powder 138g,$6.65,$4.82/100g,"https://cdn.metcash.media/image/upload/f_auto,c_limit,w_300,q_auto/igashop/images/1800000067980"
Nestlé Confectionery Naughty Bites 140g,$2.50,$1.79/100g,"https://cdn.metcash.media/image/upload/f_auto,c_limit,w_300,q_auto/igashop/images/180000005822"
Birds Eye Fish Fingers 1kg,$12.50,$12.50/kg,"https://cdn.metcash.media/image/upload/f_auto,c_limit,w_300,q_auto/igashop/images/116592"
Lucia's Napoletana Sauce 500g,$8.95,$1.79/100g,"https://cdn.metcash.media/image/upload/f_auto,c_limit,w_300,q_auto/igashop/images/160000012478"
Ferrero Rocher Boxed Chocolate 200g,$19.00,$9.50/100g,"https://cdn.metcash.media/image/upload/f_auto,c_limit,w_300,q_auto/igashop/images/170000000774"
St Ives Facial Scrub Apricot Blemish Control 150mL,$11.50,$7.67/100mL,"https://cdn.metcash.media/image/upload/f_auto,c_limit,w_300,q_auto/igashop/images/600850"
Nestlé Smarties Santa 85g,$2.00,$2.35/100g,"https://cdn.metcash.media/image/upload/f_auto,c_limit,w_300,q_auto/igashop/images/597992"
Twinings Australian Afternoon Full Strength Tea Bag 10 Pack,$3.00,$0.30 each,"https://cdn.metcash.media/image/upload/f_auto,c_limit,w_300,q_auto/igashop/images/160000012150"
Peters Maxibon Honeycomb 4 Pack,$7.90,$1.98 each,"https://cdn.metcash.media/image/upload/f_auto,c_limit,w_300,q_auto/igashop/images/211106"
Continental Pasta & Sauce Chicken Curry 145g,$2.75,$1.90/100g,"https://cdn.metcash.media/image/upload/f_auto,c_limit,w_300,q_auto/igashop/images/1800000067478"
Huggies Ultimate Baby Wipes Micellar Water 64 Pack,$4.00,$0.06 each,"https://cdn.metcash.media/image/upload/f_auto,c_limit,w_300,q_auto/igashop/images/899394"
McCain Pub Size Dinner Loaded Parma Bbq Meatlovers 480g,$10.00,$2.08/100g,"https://cdn.metcash.media/image/upload/f_auto,c_limit,w_300,q_auto/igashop/images/65720"
Mainland Cheese & Lavosh Crackers Caramelised Onion 36g,$2.80,$7.78/100g,"https://cdn.metcash.media/image/upload/f_auto,c_limit,w_300,q_auto/igashop/images/513139"
Community Co Honey Jar 500g,$6.50,$1.30/100g,"https://cdn.metcash.media/image/upload/f_auto,c_limit,w_300,q_auto/igashop/images/606000"
Heritage Delight Meringue Nests Strawberry 8 Pack,$7.95,$0.99 each,"https://cdn.metcash.media/image/upload/f_auto,c_limit,w_300,q_auto/igashop/images/180000000185"
Multix Kitchen Tidy Rose Scented Large 30 Pack,$4.25,$0.14 each,"https://cdn.metcash.media/image/upload/f_auto,c_limit,w_300,q_auto/igashop/images/32662"
Refil Iced Chocolate Snack Bar 30g,$6.00,$20.00/100g,https://www.igashop.com.au/static/default-product-image.png
Green's Pancake Mix Gluten Free 300g,$3.50,$1.17/100g,"https://cdn.metcash.media/image/upload/f_auto,c_limit,w_300,q_auto/igashop/images/487621"
The Yoghurt Shop Natural Greek Yoghurt 500g,$8.95,$1.79/100g,"https://cdn.metcash.media/image/upload/f_auto,c_limit,w_300,q_auto/igashop/images/559457"
Oral-B Sensitivity and Gum All Day Protection Toothpaste 90g,$5.00,$5.56/100g,"https://cdn.metcash.media/image/upload/f_auto,c_limit,w_300,q_auto/igashop/images/160000001807"
Gippsland Twist Blueberry Yoghurt 160g,$3.00,$1.88/100g,"https://cdn.metcash.media/image/upload/f_auto,c_limit,w_300,q_auto/igashop/images/168366"
Don Vica Olives In Tequila Lime & Chilli 280g,$7.00,$2.50/100g,"https://cdn.metcash.media/image/upload/f_auto,c_limit,w_300,q_auto/igashop/images/20000003251"
Dermaveen Sensitive Relief Baby Body Wash & Shampoo Colloidal Oatmeal 250mL,$18.00,$7.20/100mL,https://www.igashop.com.au/static/default-product-image.png
Black & Gold Concentrate Orange & Mango Drink 6 Pack,$3.70,$0.62 each,"https://cdn.metcash.media/image/upload/f_auto,c_limit,w_300,q_auto/igashop/images/318063"
ViledaAnsell Gloves Smart Large,$2.20,N/A,"https://cdn.metcash.media/image/upload/f_auto,c_limit,w_300,q_auto/igashop/images/135127"
Fehlbergs Burger Pickles 490g,$3.20,$0.65/100g,"https://cdn.metcash.media/image/upload/f_auto,c_limit,w_300,q_auto/igashop/images/682771"
Primo Reserve Sopressa Salami 80g,$6.30,$7.88/100g,"https://cdn.metcash.media/image/upload/f_auto,c_limit,w_300,q_auto/igashop/images/180000004933"
Peters Light & Creamy Classic Vanilla Ice Cream Slices 12 Pack,$9.00,$0.75 each,"https://cdn.metcash.media/image/upload/f_auto,c_limit,w_300,q_auto/igashop/images/135229"
Gotzinger Black Pudding 300g,$8.05,$2.68/100g,"https://cdn.metcash.media/image/upload/f_auto,c_limit,w_300,q_auto/igashop/images/190000004970"
Sandhurst Corn Whole Baby Spears In Brine 420g,$3.80,$0.90/100g,"https://cdn.metcash.media/image/upload/f_auto,c_limit,w_300,q_auto/igashop/images/190000004802"
Oates Household Deck Scrub Handled,$16.57,N/A,"https://cdn.metcash.media/image/upload/f_auto,c_limit,w_300,q_auto/igashop/images/720422"
Tasty Toobs Party Bag 150g,$4.00,$2.67/100g,"https://cdn.metcash.media/image/upload/f_auto,c_limit,w_300,q_auto/igashop/images/190000000101"
Barker's Smooth Lemon Butter 270g,$7.50,$2.78/100g,"https://cdn.metcash.media/image/upload/f_auto,c_limit,w_300,q_auto/igashop/images/180000004243"
Birds Eye Mixed Vegetable Stir Fry Malaysian Style 500g,$4.60,$0.92/100g,"https://cdn.metcash.media/image/upload/f_auto,c_limit,w_300,q_auto/igashop/images/106555"
Mentos Candy Berry Mix Bottle 100g,$3.60,$3.60/100g,"https://cdn.metcash.media/image/upload/f_auto,c_limit,w_300,q_auto/igashop/images/160000000567"
Ice Break Regular Lactose Free 2L,$6.90,$3.45/1L,"https://cdn.metcash.media/image/upload/f_auto,c_limit,w_300,q_auto/igashop/images/180000003592"
Vitasoy Soy Milky Regular 1L,$2.00,$2.00/1L,"https://cdn.metcash.media/image/upload/f_auto,c_limit,w_300,q_auto/igashop/images/75699"
Deeko Plastic Champagne Flute 1pk 8 Pack,$4.00,$0.50 each,"https://cdn.metcash.media/image/upload/f_auto,c_limit,w_300,q_auto/igashop/images/355609"
TRESemmé Shampoo Cleanse & Replenish 350mL,$8.50,$2.43/100mL,https://www.igashop.com.au/static/default-product-image.png
Chux Heavy Duty Scourer 2 Pack,$4.85,$2.43 each,"https://cdn.metcash.media/image/upload/f_auto,c_limit,w_300,q_auto/igashop/images/9177"
Mill Lane Waffles Belgian 4 Pack,$5.50,$1.38 each,https://www.igashop.com.au/static/default-product-image.png
Jack Link's Bbq Pork Jerky 45g,$5.60,$12.44/100g,https://www.igashop.com.au/static/default-product-image.png
Dettol Antibacterial Liquid Hand Wash Pump Aloe Vera And Vitamin E 250mL,$3.20,$1.28/100mL,"https://cdn.metcash.media/image/upload/f_auto,c_limit,w_300,q_auto/igashop/images/436934"
Proud & Punch Coconuts For Mango 6 Pack,$5.50,$0.92 each,"https://cdn.metcash.media/image/upload/f_auto,c_limit,w_300,q_auto/igashop/images/453601"
Pitt Street Bakers Chocolate Kahlua Pudding 850g,$25.50,$3.00/100g,"https://cdn.metcash.media/image/upload/f_auto,c_limit,w_300,q_auto/igashop/images/249358"
Bakers Maison Crusty Frenchstick 340g,$2.65,$0.78/100g,https://www.igashop.com.au/static/default-product-image.png
Birds Eye Deli Seasonal Catch Flathead In Light Batter 250g,$11.00,$4.40/100g,"https://cdn.metcash.media/image/upload/f_auto,c_limit,w_300,q_auto/igashop/images/62719"
Selleys Grease & Grime BBQ Accessory Cleaner 500mL,$8.80,$1.76/100mL,"https://cdn.metcash.media/image/upload/f_auto,c_limit,w_300,q_auto/igashop/images/276703"
Pascall Wine Gums 180g,$5.70,$3.17/100g,"https://cdn.metcash.media/image/upload/f_auto,c_limit,w_300,q_auto/igashop/images/160000000798"
Ayam Thai Massaman Curry Paste 195g,$4.00,$2.05/100g,"https://cdn.metcash.media/image/upload/f_auto,c_limit,w_300,q_auto/igashop/images/314357"
Sunbeam Sultanas & Apricot 6 Pack,$4.20,$0.70 each,"https://cdn.metcash.media/image/upload/f_auto,c_limit,w_300,q_auto/igashop/images/304315"
Peppercorn Burger Beef 500g,$11.50,$2.30/100g,"https://cdn.metcash.media/image/upload/f_auto,c_limit,w_300,q_auto/igashop/images/992676"
Colgate Tooth Paste Max Fresh Rainbow Fresh 100g,$4.00,$4.00/100g,"https://cdn.metcash.media/image/upload/f_auto,c_limit,w_300,q_auto/igashop/images/528325"
Simply Wize Spring Rolls Gluten Free 4 Pack,$6.50,$1.63 each,"https://cdn.metcash.media/image/upload/f_auto,c_limit,w_300,q_auto/igashop/images/160000012360"
Continental Parsley Bunch,$2.99,N/A,"https://cdn.metcash.media/image/upload/f_auto,c_limit,w_300,q_auto/igashop/images/80050105"
Robert Timms Coffee Bags Vanilla 24 Pack,$13.50,$0.56 each,"https://cdn.metcash.media/image/upload/f_auto,c_limit,w_300,q_auto/igashop/images/236651"
MasterFoods Ground Cayenne Pepper 30g,$3.50,$11.67/100g,"https://cdn.metcash.media/image/upload/f_auto,c_limit,w_300,q_auto/igashop/images/363416"
Nestlé Kit Kat Confectionery Bunny Hut Choco 466g,$8.00,$1.72/100g,"https://cdn.metcash.media/image/upload/f_auto,c_limit,w_300,q_auto/igashop/images/180000004905"
Korbond Number 8 Birthday Candle,$1.60,N/A,"https://cdn.metcash.media/image/upload/f_auto,c_limit,w_300,q_auto/igashop/images/266041"
Bulla Froyo Mango 1L,$11.00,$11.00/1L,https://www.igashop.com.au/static/default-product-image.png
JC's Sesh Snacks Nippers 130g,$3.60,$2.77/100g,"https://cdn.metcash.media/image/upload/f_auto,c_limit,w_300,q_auto/igashop/images/516535"
Dari's Table Chilli Kalamata Hummus Dip 200g,$4.75,$2.38/100g,"https://cdn.metcash.media/image/upload/f_auto,c_limit,w_300,q_auto/igashop/images/190000002668"
Masterfoods Recipe Base My Muscle Chef Cajun Mince 175mL,$3.00,$1.71/100mL,"https://cdn.metcash.media/image/upload/f_auto,c_limit,w_300,q_auto/igashop/images/180000003321"
Toscano Brioche Burger Buns Everything Seasoning 100g,$3.50,$3.50/100g,"https://cdn.metcash.media/image/upload/f_auto,c_limit,w_300,q_auto/igashop/images/1800000071460"
Mediterranean Delicacies Traditional Assortment Of Baklava Shapes 300g,$9.95,$3.32/100g,https://www.igashop.com.au/static/default-product-image.png
Drano Kitchen Max Gel Drain Cleaner 770mL,$13.30,$1.73/100mL,"https://cdn.metcash.media/image/upload/f_auto,c_limit,w_300,q_auto/igashop/images/20000003043"
Purina One Adult Salmon & Tuna Dry Cat Food Bag 1.5kg,$15.00,$10.00/kg,"https://cdn.metcash.media/image/upload/f_auto,c_limit,w_300,q_auto/igashop/images/517536"
Golden Circle Mango Nectar 1L,$3.25,$3.25/1L,"https://cdn.metcash.media/image/upload/f_auto,c_limit,w_300,q_auto/igashop/images/139663"
Whole Kids Mini Bites Oat & Banana 80g,$6.50,$8.13/100g,https://www.igashop.com.au/static/default-product-image.png
McKenzie's Ground Rice 375g,$1.70,$0.45/100g,"https://cdn.metcash.media/image/upload/f_auto,c_limit,w_300,q_auto/igashop/images/190000002895"
Farmer Jo Burnt Fig & Almond Baked Muesli Dipped In Honey & Rolled In Cinnamon 400g,$14.50,$3.63/100g,"https://cdn.metcash.media/image/upload/f_auto,c_limit,w_300,q_auto/igashop/images/190000001856"
The Natural Confectionery Co.Fruity Chews 180g,$5.00,$2.78/100g,"https://cdn.metcash.media/image/upload/f_auto,c_limit,w_300,q_auto/igashop/images/60783"
Schweppes Traditionals Brown Cream Soda 1.1L,$1.25,$1.14/1L,"https://cdn.metcash.media/image/upload/f_auto,c_limit,w_300,q_auto/igashop/images/732539"
Gourmet Tomatoes 110g,Final cost based on weight,$0.54/$4.90,"https://cdn.metcash.media/image/upload/f_auto,c_limit,w_300,q_auto/igashop/images/80060031"
Armor All Cleaning Wipes 30 Pack,$16.00,$0.53 each,https://www.igashop.com.au/static/default-product-image.png
Simply Wize Choc'o Biscuits Gluten Free 250g,$8.25,$3.30/100g,"https://cdn.metcash.media/image/upload/f_auto,c_limit,w_300,q_auto/igashop/images/160000012347"
Devondale 100% Sparkling Apple Juice 0.75L,$3.50,$4.67/1L,"https://cdn.metcash.media/image/upload/f_auto,c_limit,w_300,q_auto/igashop/images/160000018164"
EXTRA White Peppermint Chewing Gum Sugar Free 14g,$1.10,$7.86/100g,"https://cdn.metcash.media/image/upload/f_auto,c_limit,w_300,q_auto/igashop/images/88765"
Biancoforno Arte In Forno Ventaglini 225g,$7.95,$3.53/100g,"https://cdn.metcash.media/image/upload/f_auto,c_limit,w_300,q_auto/igashop/images/20000004199"
Perfect Italiano Shredded Parmesan 125g,$4.50,$3.60/100g,"https://cdn.metcash.media/image/upload/f_auto,c_limit,w_300,q_auto/igashop/images/132556"
Koala Natural Fruit and Vegetable Wash with Mandarin 500mL,$13.10,$2.62/100mL,"https://cdn.metcash.media/image/upload/f_auto,c_limit,w_300,q_auto/igashop/images/190000001936"
Birds Eye Golden Crunch Straight Cut Chips 900g,$6.00,$0.67/100g,"https://cdn.metcash.media/image/upload/f_auto,c_limit,w_300,q_auto/igashop/images/20000006056"
Moccona Hot/Iced Vanilla Latte 142.4g,$3.95,$2.77/100g,"https://cdn.metcash.media/image/upload/f_auto,c_limit,w_300,q_auto/igashop/images/180000002323"
Raffaello Coconut Cream Gift Box 150g,$10.00,$6.67/100g,"https://cdn.metcash.media/image/upload/f_auto,c_limit,w_300,q_auto/igashop/images/317499"
Ausfresh Pepperdew Cream Cheese 300g,$7.15,$2.38/100g,https://www.igashop.com.au/static/default-product-image.png
Lincoln Bakery Vol-Au-Vents Pastry Shells Classic (55mm) 6 Pack,$6.00,$1.00 each,"https://cdn.metcash.media/image/upload/f_auto,c_limit,w_300,q_auto/igashop/images/160000013155"
Mersey Valley Original Vintage Club Cheddar 235g,$9.90,$4.21/100g,"https://cdn.metcash.media/image/upload/f_auto,c_limit,w_300,q_auto/igashop/images/113476"
Quality Bakers Rustic Olive Baguette 320g,$3.10,$0.97/100g,"https://cdn.metcash.media/image/upload/f_auto,c_limit,w_300,q_auto/igashop/images/281"
Mingle Spag Bol Recipe Base 30g,$2.60,$8.67/100g,https://www.igashop.com.au/static/default-product-image.png
Birds Eye Snap Frozen Vegetables Garden Mix 500g,$4.00,$0.80/100g,"https://cdn.metcash.media/image/upload/f_auto,c_limit,w_300,q_auto/igashop/images/106929"
Community Co Fresh Pasta Beef Ravioli 625g,$7.40,$1.18/100g,"https://cdn.metcash.media/image/upload/f_auto,c_limit,w_300,q_auto/igashop/images/837368"
BSc Body Science High Protein Low Carb Bar Rocky Road 60g,$4.00,$6.67/100g,"https://cdn.metcash.media/image/upload/f_auto,c_limit,w_300,q_auto/igashop/images/262026"
Alter Eco Chocolate Dark Crisp Mint 80g,$7.50,$9.38/100g,"https://cdn.metcash.media/image/upload/f_auto,c_limit,w_300,q_auto/igashop/images/160000012011"
Rexona Men Clinical Roll On Sport 50mL,$8.00,$16.00/100mL,"https://cdn.metcash.media/image/upload/f_auto,c_limit,w_300,q_auto/igashop/images/237864"
Darrell Lea Cocoa Pops Foiled Solid Eggs 110g,$5.60,$5.09/100g,"https://cdn.metcash.media/image/upload/f_auto,c_limit,w_300,q_auto/igashop/images/351236"
Edgell Kidney Beans Red No Added Salt 400g,$1.95,$0.49/100g,"https://cdn.metcash.media/image/upload/f_auto,c_limit,w_300,q_auto/igashop/images/83668"
Black Swan Crafted Guacamole Dip 170g,$5.10,$3.00/100g,https://www.igashop.com.au/static/default-product-image.png
Sara Lee Deluxe Snack Cookie Pies Chocolate And Salted Caramel 4 Pack,$9.50,$2.38 each,"https://cdn.metcash.media/image/upload/f_auto,c_limit,w_300,q_auto/igashop/images/219235"
True Thai Fish Sauce 300mL,$3.60,$1.20/100mL,"https://cdn.metcash.media/image/upload/f_auto,c_limit,w_300,q_auto/igashop/images/160000012604"
Ben's Original Original Tomato & Basil Microwave Rice Pouch 250g,$2.00,$0.80/100g,"https://cdn.metcash.media/image/upload/f_auto,c_limit,w_300,q_auto/igashop/images/190000001541"
Chicken Tonight Simmer Sauce Creamy Cheese & Bacon 490g,$2.70,$0.55/100g,"https://cdn.metcash.media/image/upload/f_auto,c_limit,w_300,q_auto/igashop/images/88189"
Clairol Nice'N Easy Permanent Hair Colour Natural Light Brown,$10.00,N/A,"https://cdn.metcash.media/image/upload/f_auto,c_limit,w_300,q_auto/igashop/images/580783"
Dare Iced Coffee Caramel Latte 500mL,$2.95,$0.59/100mL,"https://cdn.metcash.media/image/upload/f_auto,c_limit,w_300,q_auto/igashop/images/926337"
Coca-Cola Zero Sugar Lime Soft Drink Bottle 1.25L,$2.50,$2.00/1L,"https://cdn.metcash.media/image/upload/f_auto,c_limit,w_300,q_auto/igashop/images/180000002417"
L'OR Mocha Instant Coffee 250g,$12.50,$5.00/100g,"https://cdn.metcash.media/image/upload/f_auto,c_limit,w_300,q_auto/igashop/images/180000002329"
Mars Galaxy 42g,$3.10,$7.38/100g,"https://cdn.metcash.media/image/upload/f_auto,c_limit,w_300,q_auto/igashop/images/190000002243"
Pine O Cleen Washing Machine Cleaner Fresh 250mL,$8.00,$3.20/100mL,"https://cdn.metcash.media/image/upload/f_auto,c_limit,w_300,q_auto/igashop/images/991735"
Earth Choice Toilet Power Gel Aqua Fresh 750mL,$3.60,$0.48/100mL,"https://cdn.metcash.media/image/upload/f_auto,c_limit,w_300,q_auto/igashop/images/325400"
Dare Protein Double Espresso No Added Sugar 750mL,$4.30,$0.57/100mL,"https://cdn.metcash.media/image/upload/f_auto,c_limit,w_300,q_auto/igashop/images/180000006407"
Oakwood Deep Clean Shampoo With Tea Tree 280mL,$11.00,$3.93/100mL,https://www.igashop.com.au/static/default-product-image.png
Clearwipes Lens Cleaner 24 Pack,$6.00,$0.25 each,"https://cdn.metcash.media/image/upload/f_auto,c_limit,w_300,q_auto/igashop/images/683471"
Diet Coca-Cola Soft Drink Multipack Cans 24 Pack,$24.75,$1.03 each,"https://cdn.metcash.media/image/upload/f_auto,c_limit,w_300,q_auto/igashop/images/681212_1"
The Goods Living & Fermented Spicy Sauerkraut 500g,$7.20,$1.44/100g,"https://cdn.metcash.media/image/upload/f_auto,c_limit,w_300,q_auto/igashop/images/591276"
Black & Gold Nice Biscuits 200g,$1.95,$0.98/100g,"https://cdn.metcash.media/image/upload/f_auto,c_limit,w_300,q_auto/igashop/images/190000005313"
Alchemy Vanilla Coffee Syrup 250mL,$6.20,$2.48/100mL,"https://cdn.metcash.media/image/upload/f_auto,c_limit,w_300,q_auto/igashop/images/190000004853"
Community Co Organic Scotch Steak 240g,$15.00,$6.25/100g,https://www.igashop.com.au/static/default-product-image.png
Wildly Good Fritter Bites Kale & Zucchini 210g,$6.00,$2.86/100g,"https://cdn.metcash.media/image/upload/f_auto,c_limit,w_300,q_auto/igashop/images/8797"
Arnott's Hundreds And Thousands 200g,$4.00,$2.00/100g,"https://cdn.metcash.media/image/upload/f_auto,c_limit,w_300,q_auto/igashop/images/366286"
V8 Power Blends Juice Apple Carrot Ginger 1.25L,$6.00,$4.80/1L,"https://cdn.metcash.media/image/upload/f_auto,c_limit,w_300,q_auto/igashop/images/1800000067907"
Global Seafoods Tasmanian Salmon Skin On Portions 500g,$29.60,$5.92/100g,"https://cdn.metcash.media/image/upload/f_auto,c_limit,w_300,q_auto/igashop/images/481667"
Queen Imitation Vanilla Flavouring 100mL,$1.80,$1.80/100mL,"https://cdn.metcash.media/image/upload/f_auto,c_limit,w_300,q_auto/igashop/images/352295"
La Gum Peppermint 60g,$5.20,$8.67/100g,https://www.igashop.com.au/static/default-product-image.png
French Fries Original Chips 175g,$5.00,$2.86/100g,"https://cdn.metcash.media/image/upload/f_auto,c_limit,w_300,q_auto/igashop/images/415857"
Darrell Lea Twists Dark Chewy Choc 180g,$6.00,$3.33/100g,https://www.igashop.com.au/static/default-product-image.png
Naked Byron Foods Vegan Mayonnaise 435g,$9.95,$2.29/100g,"https://cdn.metcash.media/image/upload/f_auto,c_limit,w_300,q_auto/igashop/images/7981"
Lo Bros Organic Passionfruit Kombucha Can 250mL,$2.50,$1.00/100mL,"https://cdn.metcash.media/image/upload/f_auto,c_limit,w_300,q_auto/igashop/images/190000002523"
BabyLove Sleepy Nights Overnight Pants 9 Pack,$11.00,$1.22 each,"https://cdn.metcash.media/image/upload/f_auto,c_limit,w_300,q_auto/igashop/images/335743"
V Energy Refresh Energy Drink Blackcurrant Yuzu 1L,$11.75,$11.75/1L,https://www.igashop.com.au/static/default-product-image.png
Val Verde Borlotti Beans 400g,$2.20,$0.55/100g,"https://cdn.metcash.media/image/upload/f_auto,c_limit,w_300,q_auto/igashop/images/20000004734"
L'Oreal Men Expert Magnesium Defence Shower Gel 300mL,$3.00,$1.00/100mL,"https://cdn.metcash.media/image/upload/f_auto,c_limit,w_300,q_auto/igashop/images/254073"
Twinings Classics English Breakfast Tea Bags 100 Pack,$13.50,$0.14 each,"https://cdn.metcash.media/image/upload/f_auto,c_limit,w_300,q_auto/igashop/images/49876"
Primo Reserve Double Smoked Ham Gouda Cheese & Water Cracker 45g,$4.50,$10.00/100g,"https://cdn.metcash.media/image/upload/f_auto,c_limit,w_300,q_auto/igashop/images/736698"
Harpic In The Bowl Blue Water 39g,$7.00,$17.95/100g,"https://cdn.metcash.media/image/upload/f_auto,c_limit,w_300,q_auto/igashop/images/497969"
Purina Friskies Adult Meaty Grills Dry Cat Food 1kg,$8.00,$8.00/kg,"https://cdn.metcash.media/image/upload/f_auto,c_limit,w_300,q_auto/igashop/images/307041"
Mainland Colby Cheese with Water Crackers 50g,$2.80,$5.60/100g,"https://cdn.metcash.media/image/upload/f_auto,c_limit,w_300,q_auto/igashop/images/137085"
Temptations Mixups Tuna Salmon And Shrimp 180g,$8.00,$4.44/100g,"https://cdn.metcash.media/image/upload/f_auto,c_limit,w_300,q_auto/igashop/images/1800000068694"
Cold Power Advanced Clean Cold Water Enzyme Liquid Laundry Detergent 1L,$10.00,$10.00/1L,"https://cdn.metcash.media/image/upload/f_auto,c_limit,w_300,q_auto/igashop/images/804132"
Pasta Master Lasagne Beef Lean 550g,$7.00,$1.27/100g,https://www.igashop.com.au/static/default-product-image.png
Band-Aid Plaster Shapes 50 Pack,$5.00,$0.10 each,"https://cdn.metcash.media/image/upload/f_auto,c_limit,w_300,q_auto/igashop/images/54261"
Talon Rat & Mouse Baits Killer 6 Pellet Trays 150g,$9.50,$6.33/100g,"https://cdn.metcash.media/image/upload/f_auto,c_limit,w_300,q_auto/igashop/images/65327"
MasterFoods Squeezy Barbecue Sauce 920mL,$6.65,$0.72/100mL,"https://cdn.metcash.media/image/upload/f_auto,c_limit,w_300,q_auto/igashop/images/97138"
Canon Chicken CheezOs 550g,$8.00,$1.45/100g,"https://cdn.metcash.media/image/upload/f_auto,c_limit,w_300,q_auto/igashop/images/Canon_Chicken_CheezOs"
Natvia Sweetener Sticks 40 Pack,$4.50,$0.11 each,"https://cdn.metcash.media/image/upload/f_auto,c_limit,w_300,q_auto/igashop/images/774340"
Temptations Cat Treats Hearty Beef 85g,$5.50,$6.47/100g,"https://cdn.metcash.media/image/upload/f_auto,c_limit,w_300,q_auto/igashop/images/656047"
John West Tuna Tempters Onion & Tomato Sauce 95g,$2.90,$3.05/100g,"https://cdn.metcash.media/image/upload/f_auto,c_limit,w_300,q_auto/igashop/images/606995"
Mr Chen's Japanese Ramen Meal Kit 254g,$8.00,$3.15/100g,https://www.igashop.com.au/static/default-product-image.png
Cadbury Egg Choc Dark Milk 6.6g,$0.35,$5.30/100g,"https://cdn.metcash.media/image/upload/f_auto,c_limit,w_300,q_auto/igashop/images/197920"
Liddells Lactose Free Probiotic Yoghurt Vanilla Bean 700g,$7.50,$1.07/100g,"https://cdn.metcash.media/image/upload/f_auto,c_limit,w_300,q_auto/igashop/images/160000013301"
Nescafe Cappuccino Coffee Mixes Multipack 26 Pack,$12.50,$0.48 each,"https://cdn.metcash.media/image/upload/f_auto,c_limit,w_300,q_auto/igashop/images/180000006284"
Bickford's Strawberry & Lime Cordial 750mL,$5.00,$0.67/100mL,https://www.igashop.com.au/static/default-product-image.png
Perkii Probiotic Mango And Passion 350mL,$4.40,$1.26/100mL,"https://cdn.metcash.media/image/upload/f_auto,c_limit,w_300,q_auto/igashop/images/160000017633"
Quilton Absorba 4 Ply Double Length Paper Towels 2 Pack,$5.00,$2.50 each,"https://cdn.metcash.media/image/upload/f_auto,c_limit,w_300,q_auto/igashop/images/190000004784"
Libra Ultra Thin Super Pads 12 Pack,$6.00,$0.50 each,"https://cdn.metcash.media/image/upload/f_auto,c_limit,w_300,q_auto/igashop/images/190000002865"
Dolmio Traditional Recipe Classic Tomato & Oregano Pasta Sauce 500g,$2.50,$0.50/100g,"https://cdn.metcash.media/image/upload/f_auto,c_limit,w_300,q_auto/igashop/images/363762"
Mum Dry All Day Antiperspirant Deodorant 100g,$3.00,$3.00/100g,"https://cdn.metcash.media/image/upload/f_auto,c_limit,w_300,q_auto/igashop/images/14643"
Cadbury Dairy Milk Gift Box? Gx 500g,$25.50,$5.10/100g,"https://cdn.metcash.media/image/upload/f_auto,c_limit,w_300,q_auto/igashop/images/160000018216"
Uncle Tobys Oats Quick Sachets Breakfast Cereal Milo 280g,$7.00,$2.50/100g,"https://cdn.metcash.media/image/upload/f_auto,c_limit,w_300,q_auto/igashop/images/180000005547"
Red Rock Deli Gourmet Crackers Murray River Pink Salt & Black Pepper 130g,$3.75,$2.88/100g,"https://cdn.metcash.media/image/upload/f_auto,c_limit,w_300,q_auto/igashop/images/150000000724"
Rafferty's Garden Strawberry & Chia Pressed Bars 1-3Y 90g,$5.00,$5.56/100g,https://www.igashop.com.au/static/default-product-image.png
Red Rock Deli Salted Caramel Nut Mix 100g,$4.50,$4.50/100g,"https://cdn.metcash.media/image/upload/f_auto,c_limit,w_300,q_auto/igashop/images/902359"
Farex Baby Breakfast To Go Creamy Baby Porridge 120g,$1.70,$1.42/100g,"https://cdn.metcash.media/image/upload/f_auto,c_limit,w_300,q_auto/igashop/images/341477"
Schick Quattro Titanium 4 Blades Refill 4 Pack,$12.95,$3.24 each,"https://cdn.metcash.media/image/upload/f_auto,c_limit,w_300,q_auto/igashop/images/1129"
The Carob Kitchen Carob Almond Bar 80g,$7.95,$9.94/100g,"https://cdn.metcash.media/image/upload/f_auto,c_limit,w_300,q_auto/igashop/images/8714"
Community Co Creamy Ranch Salad Kit 350g,$5.50,$1.57/100g,"https://cdn.metcash.media/image/upload/f_auto,c_limit,w_300,q_auto/igashop/images/170000004667"
Meredith Dairy Goat Cheese Fresh Chevre Original 80g,$5.50,$6.88/100g,"https://cdn.metcash.media/image/upload/f_auto,c_limit,w_300,q_auto/igashop/images/160000000575"
Steggles Turkey Frozen Medium 5kg,$50.95,$10.19/kg,"https://cdn.metcash.media/image/upload/f_auto,c_limit,w_300,q_auto/igashop/images/187161"
White King Toilet Gel Lemon 700mL,$4.95,$0.71/100mL,"https://cdn.metcash.media/image/upload/f_auto,c_limit,w_300,q_auto/igashop/images/452943"
Mother Energy Drink Frosty Berry 4 Pack,$9.80,$2.45 each,"https://cdn.metcash.media/image/upload/f_auto,c_limit,w_300,q_auto/igashop/images/139105"
Community Co Canola Oil Spray 400g,$4.15,$1.04/100g,"https://cdn.metcash.media/image/upload/f_auto,c_limit,w_300,q_auto/igashop/images/845269"
Sunbeam Glace Multi Cherries 200g,$4.25,$2.13/100g,"https://cdn.metcash.media/image/upload/f_auto,c_limit,w_300,q_auto/igashop/images/190000003302"
Swisspers Cotton Tips 400 Pack,$5.70,$0.01 each,"https://cdn.metcash.media/image/upload/f_auto,c_limit,w_300,q_auto/igashop/images/676181"
Divine Foods Aust. Melting Moments Chocolate 160g,$5.25,$3.28/100g,https://www.igashop.com.au/static/default-product-image.png
On The Menu Chicken Parmigiana Cheesy Chips 480g,$5.55,$1.16/100g,"https://cdn.metcash.media/image/upload/f_auto,c_limit,w_300,q_auto/igashop/images/31598"
Continental Deb Instant Mashed Potato 115g,$2.50,$2.17/100g,"https://cdn.metcash.media/image/upload/f_auto,c_limit,w_300,q_auto/igashop/images/23464"
Johnson's Baby Conditioning Shampoo 200mL,$7.70,$3.85/100mL,"https://cdn.metcash.media/image/upload/f_auto,c_limit,w_300,q_auto/igashop/images/413041"
L'Oréal Paris Golden Age Day Cream Rosy 50mL,$30.00,$60.00/100mL,"https://cdn.metcash.media/image/upload/f_auto,c_limit,w_300,q_auto/igashop/images/976447"
BIC 4 Colour Multipack 4 Pack,$3.45,$0.86 each,"https://cdn.metcash.media/image/upload/f_auto,c_limit,w_300,q_auto/igashop/images/691291"
Sprite Lemonade Soft Drink 2L,$3.60,$1.80/1L,"https://cdn.metcash.media/image/upload/f_auto,c_limit,w_300,q_auto/igashop/images/51352"
Powerade Isotonic Gold Rush Sports Drink Sipper Cap 1L,$3.60,$3.60/1L,"https://cdn.metcash.media/image/upload/f_auto,c_limit,w_300,q_auto/igashop/images/943334_1"
Rexona Clinical Protection Antiperspirant Aerosol Deodorant Eucalyptus and Mint Scent for Women 180mL,$12.00,$6.67/100mL,"https://cdn.metcash.media/image/upload/f_auto,c_limit,w_300,q_auto/igashop/images/150000002094"
Palmolive Ultra Australian Reefs Ocean Chill Dishwashing Liquid 750mL,$8.00,$1.07/100mL,"https://cdn.metcash.media/image/upload/f_auto,c_limit,w_300,q_auto/igashop/images/180000002339"
Berliner 1kg,Final cost based on weight,$22.50/$22.50,"https://cdn.metcash.media/image/upload/f_auto,c_limit,w_300,q_auto/igashop/images/80072004"
Peters Lifes Savers 67mL,$3.00,$4.48/100mL,"https://cdn.metcash.media/image/upload/f_auto,c_limit,w_300,q_auto/igashop/images/901007"
Old El Paso White Corn Tortillas 10 Pack,$5.00,$0.50 each,"https://cdn.metcash.media/image/upload/f_auto,c_limit,w_300,q_auto/igashop/images/160000013003"
Mentos Fruit Roll 37.5g,$1.25,$3.33/100g,"https://cdn.metcash.media/image/upload/f_auto,c_limit,w_300,q_auto/igashop/images/160000000566"
Olina's Bakehouse Seeded Crackers Sunflower Seed Gluten Free 100g,$5.50,$5.50/100g,"https://cdn.metcash.media/image/upload/f_auto,c_limit,w_300,q_auto/igashop/images/160000000875"
SPC Baked Beans Rich Tomato 425g,$2.50,$0.59/100g,"https://cdn.metcash.media/image/upload/f_auto,c_limit,w_300,q_auto/igashop/images/21179"
Summer Snow Pink Lady & Raspberry Sparkling Juice 750mL,$6.50,$0.87/100mL,"https://cdn.metcash.media/image/upload/f_auto,c_limit,w_300,q_auto/igashop/images/20000005970"
Arnott's Shapes Chicken Crimpy 175g,$4.00,$2.29/100g,"https://cdn.metcash.media/image/upload/f_auto,c_limit,w_300,q_auto/igashop/images/305358"
Milton Baby Bottle Cleaner 500mL,$7.00,$1.40/100mL,"https://cdn.metcash.media/image/upload/f_auto,c_limit,w_300,q_auto/igashop/images/160000000598"
Lindt Lindor Chocolate Balls Assorted 125g,$9.00,$7.20/100g,"https://cdn.metcash.media/image/upload/f_auto,c_limit,w_300,q_auto/igashop/images/15364"
McCain Lil Pizzas Ham & Pineapple 400g,$7.80,$1.95/100g,"https://cdn.metcash.media/image/upload/f_auto,c_limit,w_300,q_auto/igashop/images/152962"
Black & Gold Worcestershire Sauce 500mL,$4.00,$0.80/100mL,"https://cdn.metcash.media/image/upload/f_auto,c_limit,w_300,q_auto/igashop/images/458083"
Red Rock Deli Style Crackers Sea Salt And Balsamic Vinegar 130g,$4.00,$3.08/100g,"https://cdn.metcash.media/image/upload/f_auto,c_limit,w_300,q_auto/igashop/images/538053"
Cenovis Vitamin B Complex 150 Pack,$14.85,$0.10 each,"https://cdn.metcash.media/image/upload/f_auto,c_limit,w_300,q_auto/igashop/images/615795"
Orion Turtle Chips Corn Soup 160g,$6.50,$4.06/100g,https://www.igashop.com.au/static/default-product-image.png
Bakers Collection Christmas Shortbread Selection Pack 480g,$4.00,$0.83/100g,"https://cdn.metcash.media/image/upload/f_auto,c_limit,w_300,q_auto/igashop/images/180000002073"
Sara Lee Baked Cheesecake New York 760g,$17.50,$2.30/100g,"https://cdn.metcash.media/image/upload/f_auto,c_limit,w_300,q_auto/igashop/images/1800000068369"
Sunsilk Conditioner Coconut Hydration 350mL,$7.50,$2.14/100mL,https://www.igashop.com.au/static/default-product-image.png
Catalano's Prawn Meat 200g,$16.30,$8.15/100g,"https://cdn.metcash.media/image/upload/f_auto,c_limit,w_300,q_auto/igashop/images/20000002212"
Starbucks House Blend Coffee Lungo Nespresso Capsules 30 Pack,$18.90,$0.63 each,"https://cdn.metcash.media/image/upload/f_auto,c_limit,w_300,q_auto/igashop/images/20000002472"
Clean & Clear Foaming Face Wash 150mL,$15.00,$10.00/100mL,"https://cdn.metcash.media/image/upload/f_auto,c_limit,w_300,q_auto/igashop/images/678646"
Dermaveen Soap-free Body Wash Oatmeal 500mL,$20.00,$4.00/100mL,"https://cdn.metcash.media/image/upload/f_auto,c_limit,w_300,q_auto/igashop/images/796732"
TRESemmé Shampoo Length Protect 940mL,$18.50,$1.97/100mL,"https://cdn.metcash.media/image/upload/f_auto,c_limit,w_300,q_auto/igashop/images/509342"
Mortein Surface Spray Professional Diy Kit 2L,$20.00,$10.00/1L,"https://cdn.metcash.media/image/upload/f_auto,c_limit,w_300,q_auto/igashop/images/643824"
Artline Marker 700 Permanent Black,$5.70,N/A,"https://cdn.metcash.media/image/upload/f_auto,c_limit,w_300,q_auto/igashop/images/257990"
La Famiglia Bread Entertainer Garlic Slices 450g,$8.00,$1.78/100g,"https://cdn.metcash.media/image/upload/f_auto,c_limit,w_300,q_auto/igashop/images/166181"
Nestlé Peters Caramilk Ice Cream 20 Pack,$6.00,$0.30 each,"https://cdn.metcash.media/image/upload/f_auto,c_limit,w_300,q_auto/igashop/images/515063"
White Wings Unbelievably Good Cake Mix Chocolate Cake 565g,$5.90,$1.04/100g,"https://cdn.metcash.media/image/upload/f_auto,c_limit,w_300,q_auto/igashop/images/180000005554"
Philips Led Edison Screw White 6.5W,$7.00,N/A,"https://cdn.metcash.media/image/upload/f_auto,c_limit,w_300,q_auto/igashop/images/20000000475"
Don Stix Hot Salami & Tasty Cheese 40g,$3.05,$7.63/100g,"https://cdn.metcash.media/image/upload/f_auto,c_limit,w_300,q_auto/igashop/images/554538"
Peters Drumstick Saucy Strawberry 4 Pack,$4.75,$1.19 each,"https://cdn.metcash.media/image/upload/f_auto,c_limit,w_300,q_auto/igashop/images/180000005466"
McVitie's Digestives Choc Tops Milk Chocolate 100g,$2.00,$2.00/100g,"https://cdn.metcash.media/image/upload/f_auto,c_limit,w_300,q_auto/igashop/images/166314"
Fanta Orange Soft Drink Bottle 1.25L,$2.50,$2.00/1L,"https://cdn.metcash.media/image/upload/f_auto,c_limit,w_300,q_auto/igashop/images/13003"
Alka-Seltzer Lemon Tablet 20 Pack,$11.00,$0.55 each,"https://cdn.metcash.media/image/upload/f_auto,c_limit,w_300,q_auto/igashop/images/484848"
Pana Organic Peanut Caramel Bar 45g,$6.00,$13.33/100g,"https://cdn.metcash.media/image/upload/f_auto,c_limit,w_300,q_auto/igashop/images/190000001285"
King Island Dairy Triple Cream Brie Cheese 175g,$14.90,$8.51/100g,"https://cdn.metcash.media/image/upload/f_auto,c_limit,w_300,q_auto/igashop/images/703734"
Australian Gold Long Life Camembert 115g,$4.50,$3.91/100g,"https://cdn.metcash.media/image/upload/f_auto,c_limit,w_300,q_auto/igashop/images/183691"
Chang's Hoisin Sauce 150mL,$2.90,$1.93/100mL,"https://cdn.metcash.media/image/upload/f_auto,c_limit,w_300,q_auto/igashop/images/386579"
Cadbury Crunchie Tub 1.2L,$10.00,$8.33/1L,"https://cdn.metcash.media/image/upload/f_auto,c_limit,w_300,q_auto/igashop/images/132475"
Nature's Own High Strength Vitamin B12 1000mcg Tablets 60 Pack,$9.75,$0.16 each,"https://cdn.metcash.media/image/upload/f_auto,c_limit,w_300,q_auto/igashop/images/398856"
Mount Franklin Lightly Sparkling Water Lime Multipack Mini Cans 6 Pack,$6.00,$1.00 each,"https://cdn.metcash.media/image/upload/f_auto,c_limit,w_300,q_auto/igashop/images/150000007689"
Lipton Ice Tea Strawberry Green Iced Tea 1.5L,$5.50,$3.67/1L,https://www.igashop.com.au/static/default-product-image.png
Perfect Italiano 4 Cheese Melt Grated Cheese 450g,$7.50,$1.67/100g,"https://cdn.metcash.media/image/upload/f_auto,c_limit,w_300,q_auto/igashop/images/180680"
McKenzie's White Quinoa 375g,$9.70,$2.59/100g,"https://cdn.metcash.media/image/upload/f_auto,c_limit,w_300,q_auto/igashop/images/190000002898"
Global Organics Organic Black Beans 400g,$3.20,$0.80/100g,"https://cdn.metcash.media/image/upload/f_auto,c_limit,w_300,q_auto/igashop/images/48671"
Mildura Tropical Fruit Drink 2L,$4.05,$2.03/1L,"https://cdn.metcash.media/image/upload/f_auto,c_limit,w_300,q_auto/igashop/images/971722"
Praise Potato Salad Dressing 330mL,$3.00,$0.91/100mL,"https://cdn.metcash.media/image/upload/f_auto,c_limit,w_300,q_auto/igashop/images/632593"
Cadbury Drinking Chocolate 450g,$7.00,$1.56/100g,"https://cdn.metcash.media/image/upload/f_auto,c_limit,w_300,q_auto/igashop/images/160000011328"
Haribo Twin Snakes Sweet & Sour 140g,$2.00,$1.43/100g,"https://cdn.metcash.media/image/upload/f_auto,c_limit,w_300,q_auto/igashop/images/160000010932"
My Muscle Chef Loaded Beef Potato Wedges 440g,$11.95,$2.72/100g,"https://cdn.metcash.media/image/upload/f_auto,c_limit,w_300,q_auto/igashop/images/575440"
Birds Eye Fish Cakes Salmon With Vegetables & Herbs 480g,$7.00,$1.46/100g,"https://cdn.metcash.media/image/upload/f_auto,c_limit,w_300,q_auto/igashop/images/163913"
Patak's Mini Plain Ready To Eat Pappadums 75g,$4.80,$6.40/100g,"https://cdn.metcash.media/image/upload/f_auto,c_limit,w_300,q_auto/igashop/images/16000001646"
Funday Raspberry Gummy Frogs 50g,$4.20,$8.40/100g,https://www.igashop.com.au/static/default-product-image.png
Chef’s Choice Dried Mixed Forest Mushrooms 20g,$7.00,$35.00/100g,"https://cdn.metcash.media/image/upload/f_auto,c_limit,w_300,q_auto/igashop/images/6732"
Made By Cow Cold Pressed Raw Milk Rich & Creamy 1.5L,$7.95,$5.30/1L,"https://cdn.metcash.media/image/upload/f_auto,c_limit,w_300,q_auto/igashop/images/180000000271"
K-9 Cuisine Chicken Base Dog Food 720g,$2.60,$0.36/100g,"https://cdn.metcash.media/image/upload/f_auto,c_limit,w_300,q_auto/igashop/images/316993"
Chickadees Chicken Box 125g,$3.50,$2.80/100g,"https://cdn.metcash.media/image/upload/f_auto,c_limit,w_300,q_auto/igashop/images/929851"
Whiskas 1+ Dry Cat Food Saradine & Prawn Flavours 1.8kg,$11.00,$6.11/kg,"https://cdn.metcash.media/image/upload/f_auto,c_limit,w_300,q_auto/igashop/images/150000006408"
Dine Desire Flaked Tuna & Shredded Crab Grain Free Wet Cat Food 85g,$2.50,$2.94/100g,"https://cdn.metcash.media/image/upload/f_auto,c_limit,w_300,q_auto/igashop/images/25071"
Patties Party Pies Classic Beef 12 Pack,$9.70,$0.81 each,"https://cdn.metcash.media/image/upload/f_auto,c_limit,w_300,q_auto/igashop/images/115986"
Oral-B Clinical Mouth Rinse 500mL,$11.30,$2.26/100mL,"https://cdn.metcash.media/image/upload/f_auto,c_limit,w_300,q_auto/igashop/images/293205"
Skittles Cloudz Fruits Chewy Lollies 120g,$6.00,$5.00/100g,"https://cdn.metcash.media/image/upload/f_auto,c_limit,w_300,q_auto/igashop/images/742377"
Ayam Hawker Market Char Kway Teow 205g,$4.00,$1.95/100g,"https://cdn.metcash.media/image/upload/f_auto,c_limit,w_300,q_auto/igashop/images/160000012206"
SunRice Basmati Rice Cups 240g,$3.50,$1.46/100g,"https://cdn.metcash.media/image/upload/f_auto,c_limit,w_300,q_auto/igashop/images/300120"
Whole Bone In Leg Ham 10kg,Final cost based on weight,$95.00/$9.50,"https://cdn.metcash.media/image/upload/f_auto,c_limit,w_300,q_auto/igashop/images/80072134"
Sunsilk Ultra Strong Hair Spray Hold Me Forever 250g,$6.70,$2.68/100g,"https://cdn.metcash.media/image/upload/f_auto,c_limit,w_300,q_auto/igashop/images/357151"
Praise Seafood Sauce 250mL,$3.50,$1.40/100mL,"https://cdn.metcash.media/image/upload/f_auto,c_limit,w_300,q_auto/igashop/images/52324"
Pedigree Medium AdultDry Dog Food With Real Beef & Vegies 3kg,$15.00,$5.00/kg,"https://cdn.metcash.media/image/upload/f_auto,c_limit,w_300,q_auto/igashop/images/443606"
Pine O Cleen Disinfectant Spray Apple Crisp 750mL,$3.50,$0.47/100mL,"https://cdn.metcash.media/image/upload/f_auto,c_limit,w_300,q_auto/igashop/images/185151"
Chef's Choice Israeli Pearl Couscous 500g,$7.95,$1.59/100g,"https://cdn.metcash.media/image/upload/f_auto,c_limit,w_300,q_auto/igashop/images/150000008196"
Armor All Air Freshener New Car 2.5mL,$5.50,$220.00/100mL,"https://cdn.metcash.media/image/upload/f_auto,c_limit,w_300,q_auto/igashop/images/469466"
Four 'N Twenty Angus Aussie Beef 4 Pack,$12.50,$3.13 each,"https://cdn.metcash.media/image/upload/f_auto,c_limit,w_300,q_auto/igashop/images/170000000734"
Redheads Extra Long Matches Extra Long 45 Pack,$3.50,$0.08 each,"https://cdn.metcash.media/image/upload/f_auto,c_limit,w_300,q_auto/igashop/images/373233"
Admiral Lychees In Syrup 565g,$5.80,$1.03/100g,"https://cdn.metcash.media/image/upload/f_auto,c_limit,w_300,q_auto/igashop/images/25589"
Edgell Butter Beans 400g,$1.95,$0.49/100g,"https://cdn.metcash.media/image/upload/f_auto,c_limit,w_300,q_auto/igashop/images/83448"
Kettle Potato Chips Sweet Potato & Sea Salt 135g,$6.00,$4.44/100g,"https://cdn.metcash.media/image/upload/f_auto,c_limit,w_300,q_auto/igashop/images/659668"
Bulla Ice Cream Vanilla 4L,$10.50,$2.63/1L,"https://cdn.metcash.media/image/upload/f_auto,c_limit,w_300,q_auto/igashop/images/122878"
Santa Vittoria Mineral Water Sparkling Water 4 Pack,$8.00,$2.00 each,"https://cdn.metcash.media/image/upload/f_auto,c_limit,w_300,q_auto/igashop/images/160000014218"
Oral-B Stages 3 Cars 5-7 Years Toothbrush Soft,$3.55,N/A,"https://cdn.metcash.media/image/upload/f_auto,c_limit,w_300,q_auto/igashop/images/610180"
Lotus Biscoff Biscuit Spread Smooth 400g,$7.50,$1.88/100g,"https://cdn.metcash.media/image/upload/f_auto,c_limit,w_300,q_auto/igashop/images/580296"
Signature Collection Chevre Truffle Dairy Cheese 100g,$7.99,$7.99/100g,"https://cdn.metcash.media/image/upload/f_auto,c_limit,w_300,q_auto/igashop/images/190000004984"
Ecostore Laundry Liquid Ultra Eukalyptus 1L,$10.00,$10.00/1L,"https://cdn.metcash.media/image/upload/f_auto,c_limit,w_300,q_auto/igashop/images/49460"
Kirks Lemonade Can Soft Drink 375mL,$2.00,$0.53/100mL,"https://cdn.metcash.media/image/upload/f_auto,c_limit,w_300,q_auto/igashop/images/20000000813"
Arnott's Jatz Minis Crackers Cheese & Garlic 170g,$4.00,$2.35/100g,"https://cdn.metcash.media/image/upload/f_auto,c_limit,w_300,q_auto/igashop/images/180000005613"
Ural Sachets Effervescent Powder 20 Pack,$7.55,$0.38 each,"https://cdn.metcash.media/image/upload/f_auto,c_limit,w_300,q_auto/igashop/images/487202"
Continental Pasta & Sauce Bacon Carbonara 80g,$2.25,$2.81/100g,https://www.igashop.com.au/static/default-product-image.png
Dine Pulled Menu Salmon 85g,$1.75,$2.06/100g,"https://cdn.metcash.media/image/upload/f_auto,c_limit,w_300,q_auto/igashop/images/525521"
Uncle Tobys Oats Quick Sachets Original Porridge 340g,$5.50,$1.62/100g,"https://cdn.metcash.media/image/upload/f_auto,c_limit,w_300,q_auto/igashop/images/95314"
Nestle Milo Milk Modifiers Frothy 8 Pack,$8.60,$1.08 each,"https://cdn.metcash.media/image/upload/f_auto,c_limit,w_300,q_auto/igashop/images/180000006298"
Sandhurst Olives Green Sicilian 280g,$3.50,$1.25/100g,"https://cdn.metcash.media/image/upload/f_auto,c_limit,w_300,q_auto/igashop/images/69203"
Kreol Sparkling Drink Raspberry Lime 330mL,$4.50,$1.36/100mL,"https://cdn.metcash.media/image/upload/f_auto,c_limit,w_300,q_auto/igashop/images/20000007174"
Crankt Protein Shake Choc Honeycomb 400mL,$5.50,$13.75/1L,"https://cdn.metcash.media/image/upload/f_auto,c_limit,w_300,q_auto/igashop/images/217788"
Eveready Super Heavy Duty 6V Lantern Batteries,$13.40,N/A,"https://cdn.metcash.media/image/upload/f_auto,c_limit,w_300,q_auto/igashop/images/273310"
Berocca Vitamin B & C Original Berry Flavour Energy Effervescent Tablets 15 Pack,$11.00,$0.73 each,"https://cdn.metcash.media/image/upload/f_auto,c_limit,w_300,q_auto/igashop/images/490776"
Kraft Easy Mac Classic Cheese Pasta 8 Pack,$7.90,$0.99 each,"https://cdn.metcash.media/image/upload/f_auto,c_limit,w_300,q_auto/igashop/images/980349"
Pukka Green Collection Tea Sachets 20 Pack,$7.95,$0.40 each,"https://cdn.metcash.media/image/upload/f_auto,c_limit,w_300,q_auto/igashop/images/190000002072"
Aeroplane Lite Creamy Mousse Mix Chocolate Flavour 53g,$2.40,$4.53/100g,"https://cdn.metcash.media/image/upload/f_auto,c_limit,w_300,q_auto/igashop/images/180000000131"
Sukin Botanical Body Wash Lime & Coconut 500mL,$12.00,$2.40/100mL,"https://cdn.metcash.media/image/upload/f_auto,c_limit,w_300,q_auto/igashop/images/160000012505"
INGHAM'S Crumbed Chicken Kiev Garlic Butter 350g,$11.50,$3.29/100g,"https://cdn.metcash.media/image/upload/f_auto,c_limit,w_300,q_auto/igashop/images/114532_1"
Purina One Wet Cat Food Pouch Urinary Care Chicken 70g,$1.60,$2.29/100g,"https://cdn.metcash.media/image/upload/f_auto,c_limit,w_300,q_auto/igashop/images/667585"
Rexona Men Advanced Protection Workout 220mL,$4.80,$2.18/100mL,"https://cdn.metcash.media/image/upload/f_auto,c_limit,w_300,q_auto/igashop/images/719235"
Bertolli Five Brothers Pasta Sauce Garlic & Wine 500g,$4.60,$0.92/100g,"https://cdn.metcash.media/image/upload/f_auto,c_limit,w_300,q_auto/igashop/images/346008"
V.I.P. Prota Pak Lamb & Veg 3kg,$9.50,$3.17/kg,"https://cdn.metcash.media/image/upload/f_auto,c_limit,w_300,q_auto/igashop/images/118510"
Continental Side Dish Roast Chicken & Leek Risotto 115g,$3.50,$3.04/100g,"https://cdn.metcash.media/image/upload/f_auto,c_limit,w_300,q_auto/igashop/images/308204"
On The Menu Satay Chicken & Rice 400g,$4.00,$1.00/100g,https://www.igashop.com.au/static/default-product-image.png
My Dog Chicken Supreme Loaf Classics Wet Dog Food Trays 6 Pack,$8.00,$1.33 each,"https://cdn.metcash.media/image/upload/f_auto,c_limit,w_300,q_auto/igashop/images/312211"
Buderim Ginger Bears 175g,$5.50,$3.14/100g,"https://cdn.metcash.media/image/upload/f_auto,c_limit,w_300,q_auto/igashop/images/160000012085"
Femfresh Daily Intimate Wash 250mL,$5.40,$2.16/100mL,"https://cdn.metcash.media/image/upload/f_auto,c_limit,w_300,q_auto/igashop/images/356786"
Lemnos Paneer 200g,$8.30,$4.15/100g,"https://cdn.metcash.media/image/upload/f_auto,c_limit,w_300,q_auto/igashop/images/937435"
Community Co Frozen Mango 500g,$7.00,$1.40/100g,"https://cdn.metcash.media/image/upload/f_auto,c_limit,w_300,q_auto/igashop/images/190000001525"
Aeroplane Jelly Souz Green Apple 85g,$1.80,$2.12/100g,https://www.igashop.com.au/static/default-product-image.png
Vittoria Ground Coffee Italian Blend 1kg,$35.00,$35.00/kg,"https://cdn.metcash.media/image/upload/f_auto,c_limit,w_300,q_auto/igashop/images/20000005438"
Air Wick Essential Oil Candle Cherry Blossom 105g,$6.00,$5.71/100g,"https://cdn.metcash.media/image/upload/f_auto,c_limit,w_300,q_auto/igashop/images/766004"
Nair Soft Natural Wax Large Strips 40 Pack,$20.90,$0.52 each,"https://cdn.metcash.media/image/upload/f_auto,c_limit,w_300,q_auto/igashop/images/160000001341"
Four'N Twenty X Red Rooster Chicken & Gravy Pie 700g,$8.00,$1.14/100g,"https://cdn.metcash.media/image/upload/f_auto,c_limit,w_300,q_auto/igashop/images/180000002775"
Beerenberg Garlic Sauce 300mL,$6.50,$2.17/100mL,"https://cdn.metcash.media/image/upload/f_auto,c_limit,w_300,q_auto/igashop/images/955616"
Maille Dijon Mustard 215g,$6.00,$2.79/100g,"https://cdn.metcash.media/image/upload/f_auto,c_limit,w_300,q_auto/igashop/images/20000000155"
Kenilworth Country Food Mango Macadamia Cheese 165g,$7.50,$4.55/100g,"https://cdn.metcash.media/image/upload/f_auto,c_limit,w_300,q_auto/igashop/images/20000004279"
Huggies Baby Wipes Value Refill Fragrance Free 400 Pack,$15.00,$0.04 each,"https://cdn.metcash.media/image/upload/f_auto,c_limit,w_300,q_auto/igashop/images/613918"
Telfast Allergy Medication 180Mg Tablets 10 Pack,$11.20,$1.12 each,https://www.igashop.com.au/static/default-product-image.png
S&W Mayonnaise Whole Egg 880g,$10.50,$1.19/100g,"https://cdn.metcash.media/image/upload/f_auto,c_limit,w_300,q_auto/igashop/images/356605"
Pace Farm Cage Free 600G Eggs 600g,$6.15,$1.03/100g,https://www.igashop.com.au/static/default-product-image.png
Finish Power Essential Auto Dishwash Tablets Lemon 42 Pack,$18.00,$0.43 each,"https://cdn.metcash.media/image/upload/f_auto,c_limit,w_300,q_auto/igashop/images/245032"
My Dog Fillets In Gravy With Succulent Beef Wet Dog Food 100g,$1.40,$1.40/100g,"https://cdn.metcash.media/image/upload/f_auto,c_limit,w_300,q_auto/igashop/images/422862"
Massel Ultracubes Soft Stock Cubes Laksa 105g,$4.45,$4.24/100g,https://www.igashop.com.au/static/default-product-image.png
Creative Gourmet Frozen Mango Chunks 500g,$5.35,$1.07/100g,"https://cdn.metcash.media/image/upload/f_auto,c_limit,w_300,q_auto/igashop/images/809475"
SPC Diced Pears In Juice 4 Pack,$2.80,$0.70 each,"https://cdn.metcash.media/image/upload/f_auto,c_limit,w_300,q_auto/igashop/images/850421"
Doritos Medium Salsa 300g,$2.75,$0.92/100g,"https://cdn.metcash.media/image/upload/f_auto,c_limit,w_300,q_auto/igashop/images/382232"
Frisp Mango Crisps 15g,$3.70,$24.67/100g,https://www.igashop.com.au/static/default-product-image.png
Love'em Grainfree Lamb Jerky with Rosemary Flavour 200g,$7.00,$3.50/100g,"https://cdn.metcash.media/image/upload/f_auto,c_limit,w_300,q_auto/igashop/images/160000000429"
Simson's Pantry Wraps White Mini Wraps 336g,$3.00,$0.89/100g,https://www.igashop.com.au/static/default-product-image.png
Oral-B 3D White Luxe Perfection Toothpaste 95g,$10.00,$10.53/100g,"https://cdn.metcash.media/image/upload/f_auto,c_limit,w_300,q_auto/igashop/images/997299"
Fab Essentials Macadamia Oil & Orchid Liquid Laundry Washing Detergent 1.8L,$9.00,$5.00/1L,"https://cdn.metcash.media/image/upload/f_auto,c_limit,w_300,q_auto/igashop/images/314158"
Air Wick Air Freshener Aerosol Lavender 237g,$3.50,$1.48/100g,"https://cdn.metcash.media/image/upload/f_auto,c_limit,w_300,q_auto/igashop/images/318848"
Vegemite 40% Less Salt 235g,$5.70,$2.43/100g,"https://cdn.metcash.media/image/upload/f_auto,c_limit,w_300,q_auto/igashop/images/808623"
Cadbury Roses 620g Chocolate Gift Tin Limited Edition by Michelle Kerrin 620g,$27.00,$4.35/100g,"https://cdn.metcash.media/image/upload/f_auto,c_limit,w_300,q_auto/igashop/images/190000009723"
Edgell Brown Lentils 400g,$1.95,$0.49/100g,"https://cdn.metcash.media/image/upload/f_auto,c_limit,w_300,q_auto/igashop/images/407443"
Boss Coffee Drink Iced Long Black 4 Pack,$11.20,$2.80 each,"https://cdn.metcash.media/image/upload/f_auto,c_limit,w_300,q_auto/igashop/images/581674"
Black & Gold Self Raising Flour 1kg,$1.30,$1.30/kg,"https://cdn.metcash.media/image/upload/f_auto,c_limit,w_300,q_auto/igashop/images/38477"
Bulla Light Sour Cream 200mL,$3.95,$1.98/100mL,"https://cdn.metcash.media/image/upload/f_auto,c_limit,w_300,q_auto/igashop/images/130067"
Steelo Sponges Lemon 10 Pack,$6.00,$0.60 each,"https://cdn.metcash.media/image/upload/f_auto,c_limit,w_300,q_auto/igashop/images/69452"
Crumbed Chicken Schnitzel 500g,Final cost based on weight,$12.98/$25.95,"https://cdn.metcash.media/image/upload/f_auto,c_limit,w_300,q_auto/igashop/images/80080042"
Boulder Chips Malt Vinegar and Sea Salt 140g,$9.00,$6.43/100g,"https://cdn.metcash.media/image/upload/f_auto,c_limit,w_300,q_auto/igashop/images/20000003486"
Palmolive Ultra Strength Concentrate With Lemon Extracts Antibacterial Dishwashing Liquid 950mL,$4.75,$0.50/100mL,"https://cdn.metcash.media/image/upload/f_auto,c_limit,w_300,q_auto/igashop/images/553095"
Fab Fresh Frangipani Liquid Laundry Washing Detergent 2L,$9.00,$4.50/1L,"https://cdn.metcash.media/image/upload/f_auto,c_limit,w_300,q_auto/igashop/images/838432"
Green's Traditional Moist Vanilla Cake Mix 470g,$3.00,$0.64/100g,"https://cdn.metcash.media/image/upload/f_auto,c_limit,w_300,q_auto/igashop/images/346650"
Community Co Rustic White Diamond Rolls 4 Pack,$4.10,$1.03 each,"https://cdn.metcash.media/image/upload/f_auto,c_limit,w_300,q_auto/igashop/images/327096"
Spice & Co Italian Herb and Spice Mix 30g,$3.75,$12.50/100g,"https://cdn.metcash.media/image/upload/f_auto,c_limit,w_300,q_auto/igashop/images/190000002404"
Nestle Nice Bites 140g,$2.00,$1.43/100g,"https://cdn.metcash.media/image/upload/f_auto,c_limit,w_300,q_auto/igashop/images/180000005902"
Selleys Supercloth Regular,$3.30,N/A,"https://cdn.metcash.media/image/upload/f_auto,c_limit,w_300,q_auto/igashop/images/20000006309"
Botanica By Air Wick Automatic Spray Air Freshener Vanilla & Himalayan Magnolia Refill 224mL,$15.00,$6.70/100mL,"https://cdn.metcash.media/image/upload/f_auto,c_limit,w_300,q_auto/igashop/images/207602"
Maximus Sports Drink Blue Zero Sugar 1L,$2.80,$2.80/1L,"https://cdn.metcash.media/image/upload/f_auto,c_limit,w_300,q_auto/igashop/images/325560"
Kettle Ridge Cut Potato Chips Sour Cream & Chives 165g,$3.00,$1.82/100g,"https://cdn.metcash.media/image/upload/f_auto,c_limit,w_300,q_auto/igashop/images/1800000067656"
Busy Bees Gluten Free Shortbread 195g,$7.50,$3.85/100g,"https://cdn.metcash.media/image/upload/f_auto,c_limit,w_300,q_auto/igashop/images/20000002197"
Quest Chocolate Brownie Protein Bar 60g,$3.85,$6.42/100g,"https://cdn.metcash.media/image/upload/f_auto,c_limit,w_300,q_auto/igashop/images/999806"
Community Co Bread Garlic Frozen 225g,$2.40,$1.07/100g,"https://cdn.metcash.media/image/upload/f_auto,c_limit,w_300,q_auto/igashop/images/862203"
Cancer Council Sunscreen Sport SPF 50+ 110mL,$14.00,$12.73/100mL,"https://cdn.metcash.media/image/upload/f_auto,c_limit,w_300,q_auto/igashop/images/678081"
Freshbake Mini Battenbergs 200g,$6.90,$3.45/100g,https://www.igashop.com.au/static/default-product-image.png
Kleenex Complete Clean Toilet Tissue 12 Pack,$8.00,$0.67 each,"https://cdn.metcash.media/image/upload/f_auto,c_limit,w_300,q_auto/igashop/images/763365"
Bulla Creamy Classic Strawberries & Cream 2L,$6.00,$3.00/1L,"https://cdn.metcash.media/image/upload/f_auto,c_limit,w_300,q_auto/igashop/images/180000006146"
Decor Vent & Seal Glass 1.5L,$16.50,N/A,"https://cdn.metcash.media/image/upload/f_auto,c_limit,w_300,q_auto/igashop/images/875324"
Durex K-Y Jelly Personal Lubricant 100g,$9.90,$9.90/100g,"https://cdn.metcash.media/image/upload/f_auto,c_limit,w_300,q_auto/igashop/images/743404"
Pedigree DentaStix Daily Oral Care Large Dog Treat Dental Chew 56 Pack,$34.00,$0.61 each,"https://cdn.metcash.media/image/upload/f_auto,c_limit,w_300,q_auto/igashop/images/160000002193"
Sugarine Sweetener Tablets No Calories 600 Pack,$5.80,$0.01 each,"https://cdn.metcash.media/image/upload/f_auto,c_limit,w_300,q_auto/igashop/images/809137"
Community Co Beef Lasagne 400g,$10.00,$2.50/100g,"https://cdn.metcash.media/image/upload/f_auto,c_limit,w_300,q_auto/igashop/images/624228"
BIC Kids Triangle Pencils 12 Pack,$6.00,$0.50 each,"https://cdn.metcash.media/image/upload/f_auto,c_limit,w_300,q_auto/igashop/images/735100"
Black & Gold Paper Plates 20 Pack,$1.50,$0.08 each,"https://cdn.metcash.media/image/upload/f_auto,c_limit,w_300,q_auto/igashop/images/160000018270"
V.I.P. Adult Dog Food Mega Bite Roll 3kg,$6.75,$2.25/kg,"https://cdn.metcash.media/image/upload/f_auto,c_limit,w_300,q_auto/igashop/images/181296"
Lindor Pink Assorted Gift Box 232g,$14.00,$6.03/100g,"https://cdn.metcash.media/image/upload/f_auto,c_limit,w_300,q_auto/igashop/images/862787"
Vileda Mop Bath Magic Refill,$9.70,N/A,"https://cdn.metcash.media/image/upload/f_auto,c_limit,w_300,q_auto/igashop/images/245985"
SunRice Premium Thai Jasmine Rice 1kg,$7.50,$7.50/kg,"https://cdn.metcash.media/image/upload/f_auto,c_limit,w_300,q_auto/igashop/images/180000005755"
Liddells Lactose Free Shredded Cheese 250g,$6.75,$2.70/100g,"https://cdn.metcash.media/image/upload/f_auto,c_limit,w_300,q_auto/igashop/images/169223"
Willow Vale Gourmet Food Co. Lime & Chilli Olive Oil 250mL,$15.95,$6.38/100mL,"https://cdn.metcash.media/image/upload/f_auto,c_limit,w_300,q_auto/igashop/images/190000002289"
Weet-Bix Gluten Free with Coconut & Rice Puffs 400g,$5.50,$1.38/100g,"https://cdn.metcash.media/image/upload/f_auto,c_limit,w_300,q_auto/igashop/images/873076"
Harpic Fresh Power Toilet Cleaner Marine Splash 35g,$7.00,$20.00/100g,"https://cdn.metcash.media/image/upload/f_auto,c_limit,w_300,q_auto/igashop/images/898660"
Peters Maxibon Caramel Rough Nut 4 Pack,$11.50,$2.88 each,"https://cdn.metcash.media/image/upload/f_auto,c_limit,w_300,q_auto/igashop/images/211088"
SodaKING Ginger Beer Syrup 250mL,$4.00,$1.60/100mL,"https://cdn.metcash.media/image/upload/f_auto,c_limit,w_300,q_auto/igashop/images/160000012312"
Roza's Gourmet Aioli Garlic Mayonaise 240mL,$9.95,$4.15/100mL,"https://cdn.metcash.media/image/upload/f_auto,c_limit,w_300,q_auto/igashop/images/7929"
Edenvale Cabernet Sauvignon Non Alcoholic 750mL,$11.50,$1.53/100mL,"https://cdn.metcash.media/image/upload/f_auto,c_limit,w_300,q_auto/igashop/images/992406"
McCormick Slow Cookers Chicken Bacon & Mushroom 40g,$1.80,$4.50/100g,"https://cdn.metcash.media/image/upload/f_auto,c_limit,w_300,q_auto/igashop/images/8923"
Safcol Responsibly Fished Tuna In Oil Italian Style 185g,$2.40,$1.30/100g,"https://cdn.metcash.media/image/upload/f_auto,c_limit,w_300,q_auto/igashop/images/835476"
Heinz Big Red Condensed Tomato Soup 420g,$2.50,$0.60/100g,"https://cdn.metcash.media/image/upload/f_auto,c_limit,w_300,q_auto/igashop/images/15738"
Simson's Pantry Better For You High Protein Low Carb Wraps 225g,$5.50,$2.44/100g,"https://cdn.metcash.media/image/upload/f_auto,c_limit,w_300,q_auto/igashop/images/9826"
Ecostore Antibacterial Multi-Purpose Cleaner 500mL,$6.00,$1.20/100mL,"https://cdn.metcash.media/image/upload/f_auto,c_limit,w_300,q_auto/igashop/images/892889"
NIVEA MEN Stress Protect Anti-Perspirant Aerosol 250mL,$8.50,$3.40/100mL,"https://cdn.metcash.media/image/upload/f_auto,c_limit,w_300,q_auto/igashop/images/180000006640"
Chicken Breast Fillets Small Pack 500g,Final cost based on weight,$7.25/$14.50,"https://cdn.metcash.media/image/upload/f_auto,c_limit,w_300,q_auto/igashop/images/80080001"
Palmolive Gold Bar Soap Daily Deodorant Protection 4 Pack,$5.00,$1.25 each,"https://cdn.metcash.media/image/upload/f_auto,c_limit,w_300,q_auto/igashop/images/350094"
Huggies Biodegradable Baby Wipes 64 Pack,$6.00,$0.09 each,"https://cdn.metcash.media/image/upload/f_auto,c_limit,w_300,q_auto/igashop/images/170000002413"
Double Phoenix Prawn Crackers 200g,$2.15,$1.08/100g,"https://cdn.metcash.media/image/upload/f_auto,c_limit,w_300,q_auto/igashop/images/623280"
"Nudie Juice Nothing But Carrots, Apple, Orange & Ginger 2L",$9.00,$4.50/1L,"https://cdn.metcash.media/image/upload/f_auto,c_limit,w_300,q_auto/igashop/images/180000000089"
Celebrate Health Butter Masala Recipe Base 175g,$3.55,$2.03/100g,"https://cdn.metcash.media/image/upload/f_auto,c_limit,w_300,q_auto/igashop/images/156521"
Allen's Confectionery Nesquik Shakes 170g,$3.50,$2.06/100g,"https://cdn.metcash.media/image/upload/f_auto,c_limit,w_300,q_auto/igashop/images/1800000071389"
Macleans Protect Mild Mint Toothpaste 170g,$1.55,$0.91/100g,"https://cdn.metcash.media/image/upload/f_auto,c_limit,w_300,q_auto/igashop/images/359564"
Energizer Lithium Batteries 2016 4 Pack,$12.00,$3.00 each,"https://cdn.metcash.media/image/upload/f_auto,c_limit,w_300,q_auto/igashop/images/842813"
Sunsilk Shampoo Addictive Brilliant Shine 350mL,$7.50,$2.14/100mL,"https://cdn.metcash.media/image/upload/f_auto,c_limit,w_300,q_auto/igashop/images/631432"
Community Co Antibacterial Lime Handwash 250mL,$2.00,$0.80/100mL,https://www.igashop.com.au/static/default-product-image.png
Roza's Gourmet Dairy Free Pesto Sauce 240mL,$10.95,$4.56/100mL,"https://cdn.metcash.media/image/upload/f_auto,c_limit,w_300,q_auto/igashop/images/160000012428"
Primo BBQ Lovers Cabanossi Cheese & BBQ Shapes 50g,$3.00,$6.00/100g,"https://cdn.metcash.media/image/upload/f_auto,c_limit,w_300,q_auto/igashop/images/637750"
Vita Brits Breakfast Cereal 1kg,$6.30,$6.30/kg,"https://cdn.metcash.media/image/upload/f_auto,c_limit,w_300,q_auto/igashop/images/1800000069074"
Chupa Chups Confectionery Faces 210g,$4.95,$2.36/100g,https://www.igashop.com.au/static/default-product-image.png
D'orsogna Art Prosciutto Sliced 100g,$9.00,$9.00/100g,"https://cdn.metcash.media/image/upload/f_auto,c_limit,w_300,q_auto/igashop/images/20000003512"
Smiths Variety Party Mix 1.14kg,$22.45,$19.69/kg,https://www.igashop.com.au/static/default-product-image.png
Nestlé KitKat Ice Cream Stick 4 Pack,$11.50,$2.88 each,"https://cdn.metcash.media/image/upload/f_auto,c_limit,w_300,q_auto/igashop/images/493392"
Natures Organics Fruits Shampoo Balance Apple Fresh 500mL,$2.00,$0.40/100mL,"https://cdn.metcash.media/image/upload/f_auto,c_limit,w_300,q_auto/igashop/images/690944"
The Goods Golden Kraut Turmeric 500g,$7.20,$1.44/100g,"https://cdn.metcash.media/image/upload/f_auto,c_limit,w_300,q_auto/igashop/images/591315"
Dari’s Mushroom Soup 550g,$7.50,$1.36/100g,"https://cdn.metcash.media/image/upload/f_auto,c_limit,w_300,q_auto/igashop/images/190000001247"
Bakers Collection Large Vol Au Vents 2 Pack,$4.50,$2.25 each,"https://cdn.metcash.media/image/upload/f_auto,c_limit,w_300,q_auto/igashop/images/20000000912"
Dari's Creamy Pumpkin Soup 550g,$7.50,$1.36/100g,"https://cdn.metcash.media/image/upload/f_auto,c_limit,w_300,q_auto/igashop/images/657506"
Pandaroo Lite Coconut Cream 400mL,$2.50,$0.63/100mL,"https://cdn.metcash.media/image/upload/f_auto,c_limit,w_300,q_auto/igashop/images/127983"
Ben's Original Rice Special Fried 250g,$4.70,$1.88/100g,"https://cdn.metcash.media/image/upload/f_auto,c_limit,w_300,q_auto/igashop/images/701847"
Bundaberg Diet Sarsaparilla 4 Pack,$7.70,$1.93 each,"https://cdn.metcash.media/image/upload/f_auto,c_limit,w_300,q_auto/igashop/images/389161"
Tony's Chocolonely Milk 180g,$10.75,$5.97/100g,"https://cdn.metcash.media/image/upload/f_auto,c_limit,w_300,q_auto/igashop/images/180000001596"
SunRice Mini Bites Cheese 6 Pack,$5.00,$0.83 each,"https://cdn.metcash.media/image/upload/f_auto,c_limit,w_300,q_auto/igashop/images/238014"
Community Co Fruitcake Dark 700g,$6.55,$0.94/100g,"https://cdn.metcash.media/image/upload/f_auto,c_limit,w_300,q_auto/igashop/images/457252"
Nerada Organics Hibiscus & Lemongrass Tea Bags 40 Pack,$7.00,$0.18 each,"https://cdn.metcash.media/image/upload/f_auto,c_limit,w_300,q_auto/igashop/images/190000002918"
Old El Paso Tortilla Mini 14 Pack,$6.50,$0.46 each,"https://cdn.metcash.media/image/upload/f_auto,c_limit,w_300,q_auto/igashop/images/1800000067759"
Dove Men+Care Antiperspirant Aerosol Deodorant Eucalyptus + Birch Refreshing 254mL,$8.50,$3.35/100mL,"https://cdn.metcash.media/image/upload/f_auto,c_limit,w_300,q_auto/igashop/images/170000003778"
Baker's Oven Chocolate Sponge Roll 400g,$5.35,$1.34/100g,"https://cdn.metcash.media/image/upload/f_auto,c_limit,w_300,q_auto/igashop/images/906463"
BC Counter Honeycomb Chocolate Crunch High Protein Bar 40g,$4.00,$10.00/100g,"https://cdn.metcash.media/image/upload/f_auto,c_limit,w_300,q_auto/igashop/images/376817"
Sandhurst Olives Kalamata Pitted 500g,$5.00,$1.00/100g,"https://cdn.metcash.media/image/upload/f_auto,c_limit,w_300,q_auto/igashop/images/40000"
San Remo Spaghetti Wholemeal Pasta 500g,$2.95,$0.59/100g,"https://cdn.metcash.media/image/upload/f_auto,c_limit,w_300,q_auto/igashop/images/43684"
Obela Dip Garnished Garlic Hommus With Smashed Falafel 220g,$4.00,$1.82/100g,"https://cdn.metcash.media/image/upload/f_auto,c_limit,w_300,q_auto/igashop/images/1800000069775"
Zero Slim & Healthy Certified Organic Konjac Lasagna Style 400g,$4.20,$1.05/100g,"https://cdn.metcash.media/image/upload/f_auto,c_limit,w_300,q_auto/igashop/images/160000012558"
Liddells Lactose Free Long Life Skim Milk 1L,$3.00,$3.00/1L,"https://cdn.metcash.media/image/upload/f_auto,c_limit,w_300,q_auto/igashop/images/180000004581"
Neutrogena Deep Clean Brightening Foaming Cleanser 150g,$13.50,$9.00/100g,https://www.igashop.com.au/static/default-product-image.png
Allen's Ripe Raspberries 190g,$3.50,$1.84/100g,"https://cdn.metcash.media/image/upload/f_auto,c_limit,w_300,q_auto/igashop/images/2353"
Libra Invisible Pads Goodnights with Wings 8 Pack,$6.65,$0.83 each,"https://cdn.metcash.media/image/upload/f_auto,c_limit,w_300,q_auto/igashop/images/160000000469"
Betty Crocker Cinnamon Crumble Muffin Mix 500g,$3.50,$0.70/100g,"https://cdn.metcash.media/image/upload/f_auto,c_limit,w_300,q_auto/igashop/images/34994"
Schweppes Solo Zero Sugar Multipack Cans 24 Pack,$39.50,$1.65 each,"https://cdn.metcash.media/image/upload/f_auto,c_limit,w_300,q_auto/igashop/images/294188"
MasterFoods Herbs & Spices Sage Leaves Ground 20g,$3.50,$17.50/100g,"https://cdn.metcash.media/image/upload/f_auto,c_limit,w_300,q_auto/igashop/images/160000000258"
Thursday Plantation Lavender Oil Calming 25mL,$11.25,$45.00/100mL,"https://cdn.metcash.media/image/upload/f_auto,c_limit,w_300,q_auto/igashop/images/837033"
Smith's Single Pack Crinkle Cheese & Onion 45g,$1.50,$3.33/100g,"https://cdn.metcash.media/image/upload/f_auto,c_limit,w_300,q_auto/igashop/images/836760"
Uncle Tobys Oats Quick Sachets Breakfast Cereal Overnight Apple & Brown Sugar 350g,$7.00,$2.00/100g,"https://cdn.metcash.media/image/upload/f_auto,c_limit,w_300,q_auto/igashop/images/1800000071464"
Heinz Chicken Sweetcorn & Mango 120g,$1.70,$1.42/100g,"https://cdn.metcash.media/image/upload/f_auto,c_limit,w_300,q_auto/igashop/images/70364"
TRESemmé Shampoo Moisture Rich 350mL,$4.25,$1.21/100mL,https://www.igashop.com.au/static/default-product-image.png
Nestlé NAN Supremepro 2 Premium Follow-On Formula 6-12 Months 800g,$37.00,$4.63/100g,"https://cdn.metcash.media/image/upload/f_auto,c_limit,w_300,q_auto/igashop/images/250375"
Kellogg's Nutri-Grain Protein 290g,$7.00,$2.41/100g,"https://cdn.metcash.media/image/upload/f_auto,c_limit,w_300,q_auto/igashop/images/99389"
Mission Souvlaki Bread 320g,$4.50,$1.41/100g,"https://cdn.metcash.media/image/upload/f_auto,c_limit,w_300,q_auto/igashop/images/450462_1"
V Refresh Pineapple and Watermelon Energy Drink 500mL,$3.80,$0.76/100mL,"https://cdn.metcash.media/image/upload/f_auto,c_limit,w_300,q_auto/igashop/images/190000010469"
Global Seafoods Salt & Pepper Squid 500g,$13.45,$2.69/100g,"https://cdn.metcash.media/image/upload/f_auto,c_limit,w_300,q_auto/igashop/images/348152"
Patak's Lime Pickle 283g,$7.50,$2.65/100g,"https://cdn.metcash.media/image/upload/f_auto,c_limit,w_300,q_auto/igashop/images/16000001651"
Jack Hammer Mirror Blnd/Spt 2 Pack,$5.25,$2.63 each,https://www.igashop.com.au/static/default-product-image.png
Macquarie Valley Drink Orange & Passionfruit 500mL,$3.05,$0.61/100mL,"https://cdn.metcash.media/image/upload/f_auto,c_limit,w_300,q_auto/igashop/images/120774"
Garofalo #90 Lumaca Rigata Pasta 500g,$4.20,$0.84/100g,"https://cdn.metcash.media/image/upload/f_auto,c_limit,w_300,q_auto/igashop/images/160000013912"
Helga's Spinach & Herb Wraps 7 Pack,$5.50,$0.79 each,"https://cdn.metcash.media/image/upload/f_auto,c_limit,w_300,q_auto/igashop/images/923025"
Ecostore Orange & Geranium Laundry Powder 1kg,$8.25,$8.25/kg,"https://cdn.metcash.media/image/upload/f_auto,c_limit,w_300,q_auto/igashop/images/892499"
Heat Beads Easy-Lite BBQ Briquettes 3kg,$14.75,$4.92/kg,"https://cdn.metcash.media/image/upload/f_auto,c_limit,w_300,q_auto/igashop/images/224662"
Comfort Rosy Blush Fabric Conditioner 900mL,$11.00,$1.22/100mL,"https://cdn.metcash.media/image/upload/f_auto,c_limit,w_300,q_auto/igashop/images/20000004984"
Brookfarm Brothers Blend Explorer Mix 75g,$6.50,$8.67/100g,"https://cdn.metcash.media/image/upload/f_auto,c_limit,w_300,q_auto/igashop/images/20000000520"
Bega Cream Cheese Spread Bold 250g,$4.10,$1.64/100g,"https://cdn.metcash.media/image/upload/f_auto,c_limit,w_300,q_auto/igashop/images/527492"
The Yoghurt Shop Strawberry Shortcake Greek Yoghurt 190g,$5.00,$2.63/100g,"https://cdn.metcash.media/image/upload/f_auto,c_limit,w_300,q_auto/igashop/images/560759"
Ryde Focus Shot 60mL,$4.00,$6.67/100mL,"https://cdn.metcash.media/image/upload/f_auto,c_limit,w_300,q_auto/igashop/images/318717"
Darrell Lea Rocklea Road 250g,$19.85,$7.94/100g,"https://cdn.metcash.media/image/upload/f_auto,c_limit,w_300,q_auto/igashop/images/464893"
Heinz Little Treats Vanilla Custard Baby Food Jar 6+ months 110g,$1.20,$1.09/100g,"https://cdn.metcash.media/image/upload/f_auto,c_limit,w_300,q_auto/igashop/images/644626"
Shiitake Mushroom Punnet,$6.90,N/A,"https://cdn.metcash.media/image/upload/f_auto,c_limit,w_300,q_auto/igashop/images/80050116"
Life Savers Pastilles Blackcurrant 34g,$1.20,$3.53/100g,"https://cdn.metcash.media/image/upload/f_auto,c_limit,w_300,q_auto/igashop/images/69334"
Tony's Chocolate Almond Sea Salt Dark Chocolate 180g,$11.95,$6.64/100g,https://www.igashop.com.au/static/default-product-image.png
Colgate Triple Action Cavity Protection Fluoride Toothpaste Original Mint 160g,$3.40,$2.13/100g,"https://cdn.metcash.media/image/upload/f_auto,c_limit,w_300,q_auto/igashop/images/3838"
Health Lab Peanut Butter Envy Nut-Butter Filled Ball 40g,$3.70,$9.25/100g,"https://cdn.metcash.media/image/upload/f_auto,c_limit,w_300,q_auto/igashop/images/4915"
Leggo's Pasta Sauce Bolognese With Chunky Tomato Garlic & Herbs 500g,$2.30,$0.46/100g,"https://cdn.metcash.media/image/upload/f_auto,c_limit,w_300,q_auto/igashop/images/612462"
Nescafe Blend 43 Decaf 100g,$11.85,$11.85/100g,"https://cdn.metcash.media/image/upload/f_auto,c_limit,w_300,q_auto/igashop/images/47777"
Nestlé Kit Kat Chocolate Neapolitan Block 160g,$5.25,$3.28/100g,"https://cdn.metcash.media/image/upload/f_auto,c_limit,w_300,q_auto/igashop/images/969898"
My Dog Fillets In Gravy With Tender Chicken Wet Dog Food Trays 6 Pack,$8.00,$1.33 each,"https://cdn.metcash.media/image/upload/f_auto,c_limit,w_300,q_auto/igashop/images/423114"
Clif Blueberry Almond Crisp Bar 68g,$3.40,$5.00/100g,"https://cdn.metcash.media/image/upload/f_auto,c_limit,w_300,q_auto/igashop/images/160000013598"
Black & Gold Lunch Bags 100 Pack,$4.00,$0.04 each,"https://cdn.metcash.media/image/upload/f_auto,c_limit,w_300,q_auto/igashop/images/361184"
On The Menu Beef Lasagne 2kg,$12.00,$6.00/kg,"https://cdn.metcash.media/image/upload/f_auto,c_limit,w_300,q_auto/igashop/images/190000004197"
Community Co Hand Sanitiser 200mL,$3.50,$1.75/100mL,https://www.igashop.com.au/static/default-product-image.png
Schwarzkopf Got2B Farewell Flyaways Touch-Up Brush 16mL,$25.00,$156.25/100mL,"https://cdn.metcash.media/image/upload/f_auto,c_limit,w_300,q_auto/igashop/images/577235"
Community Co Peaches Slices In Juice 695g,$3.70,$0.53/100g,"https://cdn.metcash.media/image/upload/f_auto,c_limit,w_300,q_auto/igashop/images/445263"
Chupa Chup XXL Trio 29g,$1.25,$4.31/100g,"https://cdn.metcash.media/image/upload/f_auto,c_limit,w_300,q_auto/igashop/images/350997"
Chupa Chups Incredible Chew Confectionery Orange 45g,$1.50,$3.33/100g,https://www.igashop.com.au/static/default-product-image.png
Remedy Kombucha Peach 4 Pack,$10.00,$2.50 each,"https://cdn.metcash.media/image/upload/f_auto,c_limit,w_300,q_auto/igashop/images/190000002946"
Grants Sensitive Mint Natural Toothpaste 100g,$6.95,$6.95/100g,"https://cdn.metcash.media/image/upload/f_auto,c_limit,w_300,q_auto/igashop/images/20000006694"
Devondale Moo Strawberry Flavoured Milk 6 Pack,$5.00,$0.83 each,"https://cdn.metcash.media/image/upload/f_auto,c_limit,w_300,q_auto/igashop/images/1800000070453"
Swisspers Original Facial Wipes 25 Pack,$5.70,$0.23 each,"https://cdn.metcash.media/image/upload/f_auto,c_limit,w_300,q_auto/igashop/images/453172"
Black & Gold Basmati Microwave Rice Cups 250g,$2.20,$0.88/100g,"https://cdn.metcash.media/image/upload/f_auto,c_limit,w_300,q_auto/igashop/images/185774"
Nature's Gift Deli Roll Beef Potato Carrot Peas Dog Food 200g,$2.70,$1.35/100g,"https://cdn.metcash.media/image/upload/f_auto,c_limit,w_300,q_auto/igashop/images/646429"
Caltrate Bone & Muscle 60 Pack,$15.00,$0.25 each,"https://cdn.metcash.media/image/upload/f_auto,c_limit,w_300,q_auto/igashop/images/50110"
Indomie Mi Goreng Fried Noodles 85g,$1.00,$1.18/100g,"https://cdn.metcash.media/image/upload/f_auto,c_limit,w_300,q_auto/igashop/images/190000000996"
Mersey Valley Vintage Club Pickled Onion 235g,$9.90,$4.21/100g,"https://cdn.metcash.media/image/upload/f_auto,c_limit,w_300,q_auto/igashop/images/113484"
Nature's Own Dietary Supplements Magnesium + Muscle Support Tablets 20 Pack,$6.00,$0.30 each,"https://cdn.metcash.media/image/upload/f_auto,c_limit,w_300,q_auto/igashop/images/193311"
Bega Peanut Butter Crunchy 375g,$4.90,$1.31/100g,"https://cdn.metcash.media/image/upload/f_auto,c_limit,w_300,q_auto/igashop/images/31920"
Mentholatum Ice Gel Therapy 100g,$6.10,$6.10/100g,"https://cdn.metcash.media/image/upload/f_auto,c_limit,w_300,q_auto/igashop/images/992134"
My Muscle Chef Crumbed Chicken With Roast Potatoes 340g,$11.95,$3.51/100g,"https://cdn.metcash.media/image/upload/f_auto,c_limit,w_300,q_auto/igashop/images/192755"
Nestle Nan Supremepro Baby/Infant Formula 3 800g,$30.00,$3.75/100g,"https://cdn.metcash.media/image/upload/f_auto,c_limit,w_300,q_auto/igashop/images/1800000069092"
Sunbeam Sesame Seeds 100g,$2.55,$2.55/100g,"https://cdn.metcash.media/image/upload/f_auto,c_limit,w_300,q_auto/igashop/images/116827"
Somat Excellence 4-In-1 Machine Dishwasher Tablets 15 Pack,$16.45,$1.10 each,"https://cdn.metcash.media/image/upload/f_auto,c_limit,w_300,q_auto/igashop/images/277576"
Cornetto Ice Confection Chocolate 120mL,$5.10,$4.25/100mL,"https://cdn.metcash.media/image/upload/f_auto,c_limit,w_300,q_auto/igashop/images/369027"
Primo Thin Franks 500g,$3.90,$0.78/100g,"https://cdn.metcash.media/image/upload/f_auto,c_limit,w_300,q_auto/igashop/images/148683"
Bega Tasty Cheese 500g,$9.50,$1.90/100g,"https://cdn.metcash.media/image/upload/f_auto,c_limit,w_300,q_auto/igashop/images/101539"
Blackmores Vitamin E 1000IU 30 Pack,$20.00,$0.67 each,"https://cdn.metcash.media/image/upload/f_auto,c_limit,w_300,q_auto/igashop/images/720676"
Starbucks By Nespresso Blonde Espresso Roast Coffee Pods 10 Pack,$6.50,$0.65 each,"https://cdn.metcash.media/image/upload/f_auto,c_limit,w_300,q_auto/igashop/images/926390"
ViledaAnsell Silverlined Pink Glove Large,$3.60,N/A,"https://cdn.metcash.media/image/upload/f_auto,c_limit,w_300,q_auto/igashop/images/274374"
Heinz Classic Canned Soup Soup Creamy Tomato 535g,$4.40,$0.82/100g,"https://cdn.metcash.media/image/upload/f_auto,c_limit,w_300,q_auto/igashop/images/78333"
Lipton Quality Black Tea Bags 50 Pack,$4.25,$0.09 each,"https://cdn.metcash.media/image/upload/f_auto,c_limit,w_300,q_auto/igashop/images/786460"
Ingham Tempura Breast Nug 1kg,$0.50,$0.50/kg,https://www.igashop.com.au/static/default-product-image.png
La Famiglia Bread Garlic Traditional 400g,$5.00,$1.25/100g,"https://cdn.metcash.media/image/upload/f_auto,c_limit,w_300,q_auto/igashop/images/161652"
Beerenberg Slow Cooker Hungarian Beef Goulash 240mL,$6.50,$2.71/100mL,"https://cdn.metcash.media/image/upload/f_auto,c_limit,w_300,q_auto/igashop/images/631288"
Birds Eye Corn Kernels 825g,$5.70,$0.69/100g,"https://cdn.metcash.media/image/upload/f_auto,c_limit,w_300,q_auto/igashop/images/180000005052"
Abbott's Bakery Light Rye Bread 680g,$5.20,$0.76/100g,"https://cdn.metcash.media/image/upload/f_auto,c_limit,w_300,q_auto/igashop/images/811090"
Ultimates Indulge Lamb In Gravy 400g,$2.65,$0.66/100g,"https://cdn.metcash.media/image/upload/f_auto,c_limit,w_300,q_auto/igashop/images/938538"
Kellogg's Coco Pops Gluten Free 390g,$7.50,$1.92/100g,"https://cdn.metcash.media/image/upload/f_auto,c_limit,w_300,q_auto/igashop/images/482029"
Raid One Shot Multi Insect Killer Double Nozzle 320g,$7.95,$2.48/100g,"https://cdn.metcash.media/image/upload/f_auto,c_limit,w_300,q_auto/igashop/images/960001"
White Wings Cupcake Mix Vanilla 410g,$3.50,$0.85/100g,"https://cdn.metcash.media/image/upload/f_auto,c_limit,w_300,q_auto/igashop/images/377978"
TRESemmé Shampoo Colour Revitalise 940mL,$9.25,$0.98/100mL,"https://cdn.metcash.media/image/upload/f_auto,c_limit,w_300,q_auto/igashop/images/509193"
Colgate Dental Ribbon Total Mint Waxed 100m,$8.00,N/A,"https://cdn.metcash.media/image/upload/f_auto,c_limit,w_300,q_auto/igashop/images/189605"
Tyt Apple Crumble 190g,$4.65,$2.45/100g,"https://cdn.metcash.media/image/upload/f_auto,c_limit,w_300,q_auto/igashop/images/180000001512"
Queen Writing Icing 5 Pack,$5.25,$1.05 each,"https://cdn.metcash.media/image/upload/f_auto,c_limit,w_300,q_auto/igashop/images/294552"
Simply Clean Eucalyptus Toilet Cleaner 500mL,$8.60,$1.72/100mL,"https://cdn.metcash.media/image/upload/f_auto,c_limit,w_300,q_auto/igashop/images/150000008109"
Dove Advanced Antiperspirant Aerosol Invisible Dry 250mL,$5.75,$2.30/100mL,"https://cdn.metcash.media/image/upload/f_auto,c_limit,w_300,q_auto/igashop/images/663125"
Beerenberg Green Tomato Pickle 260g,$6.45,$2.48/100g,"https://cdn.metcash.media/image/upload/f_auto,c_limit,w_300,q_auto/igashop/images/931120"
Cadbury Baking Milk Chocolate Block 180g,$7.50,$4.17/100g,"https://cdn.metcash.media/image/upload/f_auto,c_limit,w_300,q_auto/igashop/images/454717"
Boulder Canyon Avocado Oil Kettle Cooked Potato Chips 149g,$10.00,$6.71/100g,"https://cdn.metcash.media/image/upload/f_auto,c_limit,w_300,q_auto/igashop/images/160000013544"
Arnott's Mint Slice 200g,$2.75,$1.38/100g,"https://cdn.metcash.media/image/upload/f_auto,c_limit,w_300,q_auto/igashop/images/308937"
Bulla Mini Frozen Yoghurt Assorted Flavours 14 Pack,$5.00,$0.36 each,"https://cdn.metcash.media/image/upload/f_auto,c_limit,w_300,q_auto/igashop/images/125541"
Ritter Sport Whole Hazelnuts Milk Chocolate 100g,$6.00,$6.00/100g,"https://cdn.metcash.media/image/upload/f_auto,c_limit,w_300,q_auto/igashop/images/20000003387"
Normandie Pate Chicken & Black Peppercorns 150g,$5.60,$3.73/100g,"https://cdn.metcash.media/image/upload/f_auto,c_limit,w_300,q_auto/igashop/images/179207_2"
Supercoat Smartblend Healthy Weight Dog Food Chicken 3kg,$15.50,$5.17/kg,"https://cdn.metcash.media/image/upload/f_auto,c_limit,w_300,q_auto/igashop/images/190000002322"
Heinz Classic Canned Soup Italian Minestrone 535g,$4.40,$0.82/100g,"https://cdn.metcash.media/image/upload/f_auto,c_limit,w_300,q_auto/igashop/images/28456"
Palmolive Naturals Vibrant Colour Shampoo 350mL,$5.75,$1.64/100mL,"https://cdn.metcash.media/image/upload/f_auto,c_limit,w_300,q_auto/igashop/images/327274"
Golden Days Cashew & Cranberry Sesame Bites 120g,$5.10,$4.25/100g,"https://cdn.metcash.media/image/upload/f_auto,c_limit,w_300,q_auto/igashop/images/580322"
Mr Chens Shanghai Soup Dumplings 240g,$8.50,$3.54/100g,"https://cdn.metcash.media/image/upload/f_auto,c_limit,w_300,q_auto/igashop/images/193028_1"
Only Organic Pasta Extra Beef Bolognese 220g,$3.85,$1.75/100g,"https://cdn.metcash.media/image/upload/f_auto,c_limit,w_300,q_auto/igashop/images/362253"
Allen's Red Ripperz Family Size 300g,$6.50,$2.17/100g,"https://cdn.metcash.media/image/upload/f_auto,c_limit,w_300,q_auto/igashop/images/555089"
Ajax Disinfectant Lemon Cleanse Trigger 750mL,$6.00,$0.80/100mL,"https://cdn.metcash.media/image/upload/f_auto,c_limit,w_300,q_auto/igashop/images/1800000067367"
Signature Collection Blueberry Chevre Dairy Cheese 100g,$7.99,$7.99/100g,"https://cdn.metcash.media/image/upload/f_auto,c_limit,w_300,q_auto/igashop/images/190000004986"
Birds Eye Baby Peas 500g,$4.15,$0.83/100g,"https://cdn.metcash.media/image/upload/f_auto,c_limit,w_300,q_auto/igashop/images/132506"
Juicy Fruit Pellet 14g,$1.10,$7.86/100g,https://www.igashop.com.au/static/default-product-image.png
Kirks Pasito Can Soft Drink 375mL,$2.00,$0.53/100mL,"https://cdn.metcash.media/image/upload/f_auto,c_limit,w_300,q_auto/igashop/images/319679"
Felix Adult As Good as it Looks Doubly Delicious Meat Selection in Jelly Wet Cat Food 12 Pack,$10.00,$0.83 each,"https://cdn.metcash.media/image/upload/f_auto,c_limit,w_300,q_auto/igashop/images/630915"
Global Seafoods Prawn Cutlet Crumbed 500g,$14.95,$2.99/100g,https://www.igashop.com.au/static/default-product-image.png
Schweppes Classic Mixers Indian Tonic Water 1.1L,$1.25,$1.14/1L,"https://cdn.metcash.media/image/upload/f_auto,c_limit,w_300,q_auto/igashop/images/852973"
Golden Circle Apple Blackcurrant Juice 2L,$3.90,$1.95/1L,"https://cdn.metcash.media/image/upload/f_auto,c_limit,w_300,q_auto/igashop/images/76784"
Capilano Pure Honey 250g,$5.60,$2.24/100g,"https://cdn.metcash.media/image/upload/f_auto,c_limit,w_300,q_auto/igashop/images/807130"
SunRice Classic Indian Basmati 5kg,$35.00,$7.00/kg,"https://cdn.metcash.media/image/upload/f_auto,c_limit,w_300,q_auto/igashop/images/558998"
Colgate Toothpaste Optic White Pro Series 80g,$20.00,$25.00/100g,"https://cdn.metcash.media/image/upload/f_auto,c_limit,w_300,q_auto/igashop/images/515047"
Black & Gold Beef Dog Food 1.2kg,$3.20,$2.67/kg,"https://cdn.metcash.media/image/upload/f_auto,c_limit,w_300,q_auto/igashop/images/62735"
Cuddly Concentrate Fabric Softener Conditioner Sunshine Fresh 2L,$15.00,$7.50/1L,"https://cdn.metcash.media/image/upload/f_auto,c_limit,w_300,q_auto/igashop/images/443407"
Pitango Tomato & Basil Soup 600g,$7.45,$1.24/100g,"https://cdn.metcash.media/image/upload/f_auto,c_limit,w_300,q_auto/igashop/images/150000000082"
Piksters Interdental Brushes Grey Size 0 10 Pack,$7.45,$0.75 each,"https://cdn.metcash.media/image/upload/f_auto,c_limit,w_300,q_auto/igashop/images/844161"
Matt Moran My Perfect Chicken Stock 500mL,$5.90,$1.18/100mL,"https://cdn.metcash.media/image/upload/f_auto,c_limit,w_300,q_auto/igashop/images/999584"
Slape & Sons Bbq Chipolata 480g,$6.25,$1.30/100g,"https://cdn.metcash.media/image/upload/f_auto,c_limit,w_300,q_auto/igashop/images/180000001390"
Allen's XXX Mints 150g,$3.50,$2.33/100g,"https://cdn.metcash.media/image/upload/f_auto,c_limit,w_300,q_auto/igashop/images/441361"
Beechworth Pure Honey Squeeze 375g,$6.70,$1.79/100g,"https://cdn.metcash.media/image/upload/f_auto,c_limit,w_300,q_auto/igashop/images/20000000565"
Schwarzkopf Got2B Fresh It Up Extra Fresh Dry Shampoo 200mL,$15.00,$7.50/100mL,"https://cdn.metcash.media/image/upload/f_auto,c_limit,w_300,q_auto/igashop/images/941777"
Leggo's Providore Tomato & Pepper 400g,$5.00,$1.25/100g,"https://cdn.metcash.media/image/upload/f_auto,c_limit,w_300,q_auto/igashop/images/461586"
Cuddly In Wash Coco Cuddles Scent Bosster 240g,$9.80,$4.08/100g,"https://cdn.metcash.media/image/upload/f_auto,c_limit,w_300,q_auto/igashop/images/180000002341"
Vitasoy Rice Milk Uht 1L,$3.30,$3.30/1L,"https://cdn.metcash.media/image/upload/f_auto,c_limit,w_300,q_auto/igashop/images/27808"
Suimin Noodle Cup Prawn & Chicken 70g,$1.85,$2.64/100g,"https://cdn.metcash.media/image/upload/f_auto,c_limit,w_300,q_auto/igashop/images/640567"
Gravox Gravy Mix Supreme 200g,$4.20,$2.10/100g,"https://cdn.metcash.media/image/upload/f_auto,c_limit,w_300,q_auto/igashop/images/39871"
TRESemmé Conditioner Lamellar Shine 500mL,$8.50,$1.70/100mL,"https://cdn.metcash.media/image/upload/f_auto,c_limit,w_300,q_auto/igashop/images/554889"
Slape & Sons Burger Lamb Mediterranean 480g,$9.00,$1.87/100g,https://www.igashop.com.au/static/default-product-image.png
SunRice Hinata Short Grain Rice 5kg,$30.00,$6.00/kg,"https://cdn.metcash.media/image/upload/f_auto,c_limit,w_300,q_auto/igashop/images/160000004649"
B Honey Australian Honey 450g,$8.65,$1.92/100g,"https://cdn.metcash.media/image/upload/f_auto,c_limit,w_300,q_auto/igashop/images/170000000661"
Global Seafoods Salad Mix 1kg,$11.35,$11.35/kg,"https://cdn.metcash.media/image/upload/f_auto,c_limit,w_300,q_auto/igashop/images/835104"
Radiant All-In-One Mixed Colours Laundry Liquid 1L,$7.50,$7.50/1L,"https://cdn.metcash.media/image/upload/f_auto,c_limit,w_300,q_auto/igashop/images/302855"
WA Angus Beef with Caramelised Onion 450g,$10.20,$2.27/100g,"https://cdn.metcash.media/image/upload/f_auto,c_limit,w_300,q_auto/igashop/images/180000000524"
PopBox Microwave Popcorn Butter Flavour 100g,$4.00,$4.00/100g,"https://cdn.metcash.media/image/upload/f_auto,c_limit,w_300,q_auto/igashop/images/20000007217"
Cold Power Regular Advanced Clean Powder Laundry Detergent 2kg,$12.00,$6.00/kg,"https://cdn.metcash.media/image/upload/f_auto,c_limit,w_300,q_auto/igashop/images/806671"
Primo Diced Pancetta 120g,$4.50,$3.75/100g,"https://cdn.metcash.media/image/upload/f_auto,c_limit,w_300,q_auto/igashop/images/443368"
Green's Jumbl'D Cookie Loaded Brownie Mix 480g,$5.50,$1.15/100g,"https://cdn.metcash.media/image/upload/f_auto,c_limit,w_300,q_auto/igashop/images/180000005561"
Twinings Ginger & Apple Tea Bags 10 Pack,$3.00,$0.30 each,"https://cdn.metcash.media/image/upload/f_auto,c_limit,w_300,q_auto/igashop/images/463821"
Birds Eye Whiting Fish Fingers Original Crumb 350g,$8.15,$2.33/100g,"https://cdn.metcash.media/image/upload/f_auto,c_limit,w_300,q_auto/igashop/images/329771"
Byron Bay Chilli Co. Spicy Salsa Picante 300g,$5.75,$1.92/100g,"https://cdn.metcash.media/image/upload/f_auto,c_limit,w_300,q_auto/igashop/images/190000004306"
John West Smoked Oysters in Barbecue Sauce 85g,$3.60,$4.24/100g,"https://cdn.metcash.media/image/upload/f_auto,c_limit,w_300,q_auto/igashop/images/455572"
Jalna Farm To Pot Organic Greek Yoghurt 1kg,$9.20,$9.20/kg,"https://cdn.metcash.media/image/upload/f_auto,c_limit,w_300,q_auto/igashop/images/20000005899"
Annalisa Chick Peas 400g,$1.90,$0.48/100g,"https://cdn.metcash.media/image/upload/f_auto,c_limit,w_300,q_auto/igashop/images/378717"
Coca-Cola Classic Soft Drink Multipack Cans 10 Pack,$10.50,$1.05 each,"https://cdn.metcash.media/image/upload/f_auto,c_limit,w_300,q_auto/igashop/images/9300675014779_0"
The Pet Hub - Pet Litter Tray Liner 12 Pack,$4.70,$0.39 each,https://www.igashop.com.au/static/default-product-image.png
NIVEA MEN Sensitive Shaving Gel 200mL,$7.50,$3.75/100mL,"https://cdn.metcash.media/image/upload/f_auto,c_limit,w_300,q_auto/igashop/images/337847"
Black & Gold Tasty Shredded Cheese 500g,$8.30,$1.66/100g,https://www.igashop.com.au/static/default-product-image.png
Cottons Organic Tampons Regular 16 Pack,$6.00,$0.38 each,"https://cdn.metcash.media/image/upload/f_auto,c_limit,w_300,q_auto/igashop/images/650083"
Rexona Men Clinical Protection Anti- Perspirant Active Fresh 45mL,$14.00,$31.11/100mL,"https://cdn.metcash.media/image/upload/f_auto,c_limit,w_300,q_auto/igashop/images/11763"
Love'em Daily Dental Sticks Medium/Large Dogs 5 Pack,$6.35,$1.27 each,"https://cdn.metcash.media/image/upload/f_auto,c_limit,w_300,q_auto/igashop/images/160000000426"
Crankt Protein Shake Banana 400mL,$5.50,$13.75/1L,"https://cdn.metcash.media/image/upload/f_auto,c_limit,w_300,q_auto/igashop/images/217754"
Sirena Tuna In Chilli Oil 95g,$2.00,$2.11/100g,"https://cdn.metcash.media/image/upload/f_auto,c_limit,w_300,q_auto/igashop/images/160000014516"
Schwarzkopf Extra Care Marrakesh Oil & Coconut Replenishing Shampoo 400mL,$10.00,$2.50/100mL,"https://cdn.metcash.media/image/upload/f_auto,c_limit,w_300,q_auto/igashop/images/160000010137"
Black & Gold Neapolitan Ice Cream 2L,$4.50,$2.25/1L,"https://cdn.metcash.media/image/upload/f_auto,c_limit,w_300,q_auto/igashop/images/462841"
Neutrogena Oil-Free Eye Make-Up Remover 112mL,$15.00,$13.39/100mL,"https://cdn.metcash.media/image/upload/f_auto,c_limit,w_300,q_auto/igashop/images/51506"
Cancer Council Face Day Wear Moisturiser Matte Invisible SPF50+ 75mL,$14.40,$19.20/100mL,"https://cdn.metcash.media/image/upload/f_auto,c_limit,w_300,q_auto/igashop/images/160000014340"
Black & Gold Mushroom Whole Champignons 400g,$1.65,$0.41/100g,"https://cdn.metcash.media/image/upload/f_auto,c_limit,w_300,q_auto/igashop/images/591098"
Community Co Salted Caramel & White Choc Cookie 200g,$6.50,$3.25/100g,"https://cdn.metcash.media/image/upload/f_auto,c_limit,w_300,q_auto/igashop/images/245359"
Always Fresh Sundried Tomato Strips 480g,$8.15,$1.70/100g,"https://cdn.metcash.media/image/upload/f_auto,c_limit,w_300,q_auto/igashop/images/642108"
Flora ProActiv Cholesterol Lowering Margarine Spread Light 500g,$6.90,$1.38/100g,"https://cdn.metcash.media/image/upload/f_auto,c_limit,w_300,q_auto/igashop/images/129503"
Helga's Gluten Free Soy & Linseed Mini Loaf 500g,$7.80,$1.56/100g,"https://cdn.metcash.media/image/upload/f_auto,c_limit,w_300,q_auto/igashop/images/405501"
Madura English Breakfast Tea Bags 50 Pack,$5.90,$0.12 each,"https://cdn.metcash.media/image/upload/f_auto,c_limit,w_300,q_auto/igashop/images/632645"
Black & Gold Peas 500g,$2.40,$0.48/100g,"https://cdn.metcash.media/image/upload/f_auto,c_limit,w_300,q_auto/igashop/images/102624"
Nutrient Water Blackberry Goji Focus 575mL,$3.40,$0.59/100mL,"https://cdn.metcash.media/image/upload/f_auto,c_limit,w_300,q_auto/igashop/images/20000005821"
Allen's Snakes Alive Confectionery 200g,$5.00,$2.50/100g,"https://cdn.metcash.media/image/upload/f_auto,c_limit,w_300,q_auto/igashop/images/156042"
Cheetos Flamin Hot Puffs 150g,$4.00,$2.67/100g,"https://cdn.metcash.media/image/upload/f_auto,c_limit,w_300,q_auto/igashop/images/725618"
Morning Fresh Dishwashing Liquid Ultra Concentrate Soft Hands Vanilla & Rose 350mL,$4.50,$1.29/100mL,"https://cdn.metcash.media/image/upload/f_auto,c_limit,w_300,q_auto/igashop/images/929848"
The Pet Hub - Pet Litter Scoop,$3.70,N/A,https://www.igashop.com.au/static/default-product-image.png
SPC Baked Beans Tomato Sauce 4 Pack,$6.50,$1.63 each,"https://cdn.metcash.media/image/upload/f_auto,c_limit,w_300,q_auto/igashop/images/344836"
Surf Laundry Liquid Tropical Lily 2L,$11.50,$5.75/1L,"https://cdn.metcash.media/image/upload/f_auto,c_limit,w_300,q_auto/igashop/images/302546"
Baked Provisions Steak & Onion Pie 440g,$8.50,$1.93/100g,"https://cdn.metcash.media/image/upload/f_auto,c_limit,w_300,q_auto/igashop/images/1800000068792"
Tamar Valley Dairy Blueberries & Cream Yoghurt 170g,$2.70,$1.59/100g,"https://cdn.metcash.media/image/upload/f_auto,c_limit,w_300,q_auto/igashop/images/160000014091"
Community Co Whole Egg Mayonnaise 460mL,$4.00,$0.87/100mL,"https://cdn.metcash.media/image/upload/f_auto,c_limit,w_300,q_auto/igashop/images/271339"
Ajax Spray n' Wipe Multi-Purpose Antibacterial Disinfectant Cleaner Trigger Surface Spray Ocean Fresh 500mL,$3.50,$0.70/100mL,"https://cdn.metcash.media/image/upload/f_auto,c_limit,w_300,q_auto/igashop/images/37450"
Glad Oven Bag Large 4 Pack,$2.85,$0.71 each,"https://cdn.metcash.media/image/upload/f_auto,c_limit,w_300,q_auto/igashop/images/42785"
BabyBoo Nappy Pants Size 5 23 Pack,$9.00,$0.39 each,"https://cdn.metcash.media/image/upload/f_auto,c_limit,w_300,q_auto/igashop/images/180000002515"
Dove Go Fresh Antiperspirant Aerosol Apple & White Tea 250mL,$7.00,$2.80/100mL,"https://cdn.metcash.media/image/upload/f_auto,c_limit,w_300,q_auto/igashop/images/719895"
Uncle Tobys Choc Faves Variety Bars 15 Pack,$8.00,$0.53 each,"https://cdn.metcash.media/image/upload/f_auto,c_limit,w_300,q_auto/igashop/images/160000003595"
Community Co Southern Fried Chicken Tenders 400g,$10.00,$2.50/100g,"https://cdn.metcash.media/image/upload/f_auto,c_limit,w_300,q_auto/igashop/images/20000001184"
Gotzinger Hungarian Beef Sausages 400g,$10.40,$2.60/100g,"https://cdn.metcash.media/image/upload/f_auto,c_limit,w_300,q_auto/igashop/images/875065"
Yes You Can Vanilla Cupcake Mix 470g,$7.80,$1.66/100g,"https://cdn.metcash.media/image/upload/f_auto,c_limit,w_300,q_auto/igashop/images/160000017873"
Birds Eye Sea Salt & Rosemary Deli Seasoned Chips 600g,$4.95,$0.83/100g,"https://cdn.metcash.media/image/upload/f_auto,c_limit,w_300,q_auto/igashop/images/172072"
Schweppes Natural Mineral Water Infused with Lime 1.1L,$3.00,$2.73/1L,"https://cdn.metcash.media/image/upload/f_auto,c_limit,w_300,q_auto/igashop/images/852855"
Nescafe Blend 43 Mild Roast 150g,$6.90,$4.60/100g,"https://cdn.metcash.media/image/upload/f_auto,c_limit,w_300,q_auto/igashop/images/397758"
Fab Fresh Blossoms Laundry Powder Detergent 1kg,$6.50,$6.50/kg,"https://cdn.metcash.media/image/upload/f_auto,c_limit,w_300,q_auto/igashop/images/425360"
Lion Plain Flour 1kg,$2.90,$2.90/kg,"https://cdn.metcash.media/image/upload/f_auto,c_limit,w_300,q_auto/igashop/images/20000002366"
Cadbury Scorched Almonds 280g,$5.00,$1.79/100g,"https://cdn.metcash.media/image/upload/f_auto,c_limit,w_300,q_auto/igashop/images/180907"
Perfect Italiano Parmesan Canister 100g,$5.90,$5.90/100g,"https://cdn.metcash.media/image/upload/f_auto,c_limit,w_300,q_auto/igashop/images/180000005678"
McCain P!Ckers Cheesy Bites With Camembert 230g,$7.50,$3.26/100g,https://www.igashop.com.au/static/default-product-image.png
Selleys Rapid Mould Killer Trigger 500mL,$6.45,$1.29/100mL,"https://cdn.metcash.media/image/upload/f_auto,c_limit,w_300,q_auto/igashop/images/410360"
Slape & Sons German Bratwurst Sausages 480g,$9.00,$1.87/100g,"https://cdn.metcash.media/image/upload/f_auto,c_limit,w_300,q_auto/igashop/images/20000004962"
WD-40 Lubricant Multi Purpose 255g,$10.00,$3.92/100g,"https://cdn.metcash.media/image/upload/f_auto,c_limit,w_300,q_auto/igashop/images/215948"
United Organics Organic Red Onions 500g,$8.95,$1.79/100g,"https://cdn.metcash.media/image/upload/f_auto,c_limit,w_300,q_auto/igashop/images/180000001583"
Oxyshred Energy Ready to Drink Bahama Breeze 355mL,$3.40,$0.96/100mL,"https://cdn.metcash.media/image/upload/f_auto,c_limit,w_300,q_auto/igashop/images/180000002254"
Farmhouse Gold Full Cream Milk 1.5L,$4.70,$3.13/1L,"https://cdn.metcash.media/image/upload/f_auto,c_limit,w_300,q_auto/igashop/images/476489"
Nutty Bruce Organic Coconut Milk 1L,$5.49,$5.49/1L,"https://cdn.metcash.media/image/upload/f_auto,c_limit,w_300,q_auto/igashop/images/638670"
Bundaberg Sarsaparilla 750mL,$3.08,$0.41/100mL,"https://cdn.metcash.media/image/upload/f_auto,c_limit,w_300,q_auto/igashop/images/369218"
Suimin Rice Crackers Barbeque 100g,$1.75,$1.75/100g,"https://cdn.metcash.media/image/upload/f_auto,c_limit,w_300,q_auto/igashop/images/800175"
Huggies DryNites Night Time Pants for Boys 4-7 Years (17-30kg) 9 Pack,$11.00,$1.22 each,"https://cdn.metcash.media/image/upload/f_auto,c_limit,w_300,q_auto/igashop/images/582353"
Blue Dinosaur Cacao Mint Bar 45g,$4.25,$9.44/100g,"https://cdn.metcash.media/image/upload/f_auto,c_limit,w_300,q_auto/igashop/images/323068"
MasterFoods Sweet Plum Marinade 375g,$3.60,$0.96/100g,"https://cdn.metcash.media/image/upload/f_auto,c_limit,w_300,q_auto/igashop/images/342876"
Coyo Organic Sea Salted Caramel Coconut Milk Ice Cream Alternative 500mL,$9.80,$1.96/100mL,"https://cdn.metcash.media/image/upload/f_auto,c_limit,w_300,q_auto/igashop/images/888398"
Cadbury Dairy Milk Freddo Mix 141g,$6.50,$4.61/100g,"https://cdn.metcash.media/image/upload/f_auto,c_limit,w_300,q_auto/igashop/images/170000000457"
Purina Fancy Feast Adult Pet Food Grilled Chicken & Beef 85g,$1.60,$1.88/100g,"https://cdn.metcash.media/image/upload/f_auto,c_limit,w_300,q_auto/igashop/images/577900"
Baxters Fig & Date Balsamic Chutney 235g,$4.50,$1.91/100g,"https://cdn.metcash.media/image/upload/f_auto,c_limit,w_300,q_auto/igashop/images/931921"
Lipton Ice Tea Strawberry Green Iced Tea 500mL,$3.50,$0.70/100mL,https://www.igashop.com.au/static/default-product-image.png
Macro Mike Powdered Peanut Butter Chocolate Caramel Slice 180g,$15.95,$8.86/100g,"https://cdn.metcash.media/image/upload/f_auto,c_limit,w_300,q_auto/igashop/images/160000013526"
Gravox Supreme Gravy Mix 425g,$6.00,$1.41/100g,"https://cdn.metcash.media/image/upload/f_auto,c_limit,w_300,q_auto/igashop/images/473326"
Community Co Fruit salad in Juice 410g,$2.20,$0.54/100g,"https://cdn.metcash.media/image/upload/f_auto,c_limit,w_300,q_auto/igashop/images/190000010628"
Softly Laundry Powder Pure Soap Flakes 700g,$8.85,$1.26/100g,"https://cdn.metcash.media/image/upload/f_auto,c_limit,w_300,q_auto/igashop/images/759646"
Dairy Farmers Thick & Creamy Yoghurt Strawberry 150g,$1.50,$1.00/100g,"https://cdn.metcash.media/image/upload/f_auto,c_limit,w_300,q_auto/igashop/images/180782"
Arnott's Fruit & Milk Chocolate Digestives 200g,$5.60,$2.80/100g,"https://cdn.metcash.media/image/upload/f_auto,c_limit,w_300,q_auto/igashop/images/150000007989"
V.I.P. Fussy Cat Chicken 450g,$5.80,$1.29/100g,"https://cdn.metcash.media/image/upload/f_auto,c_limit,w_300,q_auto/igashop/images/164927"
CC's Nacho Cheese Corn Chips 175g,$4.00,$2.29/100g,"https://cdn.metcash.media/image/upload/f_auto,c_limit,w_300,q_auto/igashop/images/24258"
Yarrows Spiced Fruit Hot Cross Buns 480g,$4.40,$0.92/100g,"https://cdn.metcash.media/image/upload/f_auto,c_limit,w_300,q_auto/igashop/images/961141"
Annabel Karmel Meals Cottage Pie 200g,$4.30,$2.15/100g,"https://cdn.metcash.media/image/upload/f_auto,c_limit,w_300,q_auto/igashop/images/431560"
OMO Ultimate Sensitive Laundry Liquid 2L,$17.50,$8.75/1L,"https://cdn.metcash.media/image/upload/f_auto,c_limit,w_300,q_auto/igashop/images/539774"
L'Oréal Paris Elvive Colour Protect Shampoo 300mL,$7.65,$2.55/100mL,"https://cdn.metcash.media/image/upload/f_auto,c_limit,w_300,q_auto/igashop/images/160000013787"
Sunlight Laundry Soap 500g,$4.80,$0.96/100g,"https://cdn.metcash.media/image/upload/f_auto,c_limit,w_300,q_auto/igashop/images/68511"
Purina One Indoor Formula Pet Food Adult Chicken 70g,$0.95,$1.36/100g,"https://cdn.metcash.media/image/upload/f_auto,c_limit,w_300,q_auto/igashop/images/180000002357"
Dim Sum & Co Spring Rolls Chicken Homestyle 300g,$8.99,$3.00/100g,"https://cdn.metcash.media/image/upload/f_auto,c_limit,w_300,q_auto/igashop/images/343102"
Wet Ones Be Fresh 15 Pack,$2.20,$0.15 each,"https://cdn.metcash.media/image/upload/f_auto,c_limit,w_300,q_auto/igashop/images/316448"
Ambi Pur Air Effects Aerosol Air Freshener Lavender & Vanilla 275g,$7.50,$2.73/100g,"https://cdn.metcash.media/image/upload/f_auto,c_limit,w_300,q_auto/igashop/images/93281"
Sudafed PE Nasal Decongestant 20 Tablets x 10mg 20 Pack,$15.60,$0.78 each,"https://cdn.metcash.media/image/upload/f_auto,c_limit,w_300,q_auto/igashop/images/332509"
Cadbury Caramilk Hokey Pokey Special Edition 170g,$5.00,$2.94/100g,"https://cdn.metcash.media/image/upload/f_auto,c_limit,w_300,q_auto/igashop/images/170000000434"
Listerine Smart Rinse Mouthwash For Kids Berry 500mL,$6.50,$1.30/100mL,"https://cdn.metcash.media/image/upload/f_auto,c_limit,w_300,q_auto/igashop/images/374132"
Eveready Red Heavy Duty AA 1015 4 Pack,$4.20,$1.05 each,"https://cdn.metcash.media/image/upload/f_auto,c_limit,w_300,q_auto/igashop/images/273124"
A2 Milk Lactose Free Light Milk 2L,$6.90,$3.45/1L,"https://cdn.metcash.media/image/upload/f_auto,c_limit,w_300,q_auto/igashop/images/87895"
Leggos Gourmet Tomato And Chardonnay Sauce 390g,$4.80,$1.23/100g,"https://cdn.metcash.media/image/upload/f_auto,c_limit,w_300,q_auto/igashop/images/180000006320"
Lindt Milk Hazelnut Gourmet Eggs Bag 93g,$9.00,$9.68/100g,"https://cdn.metcash.media/image/upload/f_auto,c_limit,w_300,q_auto/igashop/images/277885"
Cadbury Santa Marshmallow 35g,$0.50,$1.43/100g,"https://cdn.metcash.media/image/upload/f_auto,c_limit,w_300,q_auto/igashop/images/342274"
Maltesers Egg Gift Box 175g,$10.00,$5.71/100g,"https://cdn.metcash.media/image/upload/f_auto,c_limit,w_300,q_auto/igashop/images/852457"
Uncle Tobys Roll-Ups Snacks For Kids Watermelon Sour 94g,$5.50,$5.85/100g,"https://cdn.metcash.media/image/upload/f_auto,c_limit,w_300,q_auto/igashop/images/270304"
Osmocote Total All Purpose Fertiliser 500g,$13.50,$2.70/100g,"https://cdn.metcash.media/image/upload/f_auto,c_limit,w_300,q_auto/igashop/images/744604"
Heinz Soup of the Day Sweet Potato with Smokey Chorizo 430g,$4.50,$1.05/100g,"https://cdn.metcash.media/image/upload/f_auto,c_limit,w_300,q_auto/igashop/images/551797"
Rockstar XDurance Can 500mL,$2.75,$0.55/100mL,"https://cdn.metcash.media/image/upload/f_auto,c_limit,w_300,q_auto/igashop/images/257539"
Quorn Vegan Nuggets 280g,$7.50,$2.68/100g,"https://cdn.metcash.media/image/upload/f_auto,c_limit,w_300,q_auto/igashop/images/160000013829"
Duracell Specialty 2032 Lithium Batteries 4 Pack,$16.50,$4.13 each,"https://cdn.metcash.media/image/upload/f_auto,c_limit,w_300,q_auto/igashop/images/893542"
Darrell Lea Rocklea Road Dark Chocolate 250g,$11.00,$4.40/100g,https://www.igashop.com.au/static/default-product-image.png
ASD Fly Swatter Plastic Assorted,$1.15,N/A,"https://cdn.metcash.media/image/upload/f_auto,c_limit,w_300,q_auto/igashop/images/288446"
Nudie Juice Nothing But Orange Pulp Free 2L,$9.50,$4.75/1L,"https://cdn.metcash.media/image/upload/f_auto,c_limit,w_300,q_auto/igashop/images/180000000069"
Continental Sauce White 35g,$1.25,$3.57/100g,"https://cdn.metcash.media/image/upload/f_auto,c_limit,w_300,q_auto/igashop/images/418245"
Patak's Rich & Creamy Tikka Masala Curry Kit 313g,$6.50,$2.08/100g,"https://cdn.metcash.media/image/upload/f_auto,c_limit,w_300,q_auto/igashop/images/160000000825"
Maybelline SuperStay 24 2-Step Longwear Liquid Lipstick Perpetual Plum 055 2g,$27.00,"$1,350.00/100g","https://cdn.metcash.media/image/upload/f_auto,c_limit,w_300,q_auto/igashop/images/369556"
Sorbent Hypo-Allergenic 95 Facial Tissue Thick & Large 95 Pack,$1.70,$0.02 each,"https://cdn.metcash.media/image/upload/f_auto,c_limit,w_300,q_auto/igashop/images/345146"
Tena Pads Instadry Standard Length 10 Pack,$4.00,$0.40 each,"https://cdn.metcash.media/image/upload/f_auto,c_limit,w_300,q_auto/igashop/images/654095"
Monster Energy Ultra Rosa 500mL,$4.45,$0.89/100mL,"https://cdn.metcash.media/image/upload/f_auto,c_limit,w_300,q_auto/igashop/images/20000004638"
Bakers Collection Pastry Flan 160g,$5.75,$3.59/100g,"https://cdn.metcash.media/image/upload/f_auto,c_limit,w_300,q_auto/igashop/images/20000001836"
Maleny Dairies Milk Farmer's Choice Gold 1L,$3.60,$3.60/1L,"https://cdn.metcash.media/image/upload/f_auto,c_limit,w_300,q_auto/igashop/images/190000004027"
Wild One Organic Amazon Lime Sparkling 345mL,$5.50,$15.94/1L,"https://cdn.metcash.media/image/upload/f_auto,c_limit,w_300,q_auto/igashop/images/921900"
Fehlbergs Onions Pickled Chilli 500g,$4.80,$0.96/100g,"https://cdn.metcash.media/image/upload/f_auto,c_limit,w_300,q_auto/igashop/images/413795"
Mentos Cube Gum Ice Mint 46g,$2.95,$6.41/100g,https://www.igashop.com.au/static/default-product-image.png
Ultimates Indulge Planet Friendly Tuna 85g,$1.90,$2.24/100g,https://www.igashop.com.au/static/default-product-image.png
Lilydale Chilled Chicken Breast Burger Pepper & Sea Salt 400g,$12.25,$3.06/100g,"https://cdn.metcash.media/image/upload/f_auto,c_limit,w_300,q_auto/igashop/images/696610"
San Remo Zita Penne No 20 500g,$2.95,$0.59/100g,"https://cdn.metcash.media/image/upload/f_auto,c_limit,w_300,q_auto/igashop/images/415792"
Olina's Bakehouse Artisan Crackers Fig & Sunflower Seed Gluten Free,$6.00,N/A,"https://cdn.metcash.media/image/upload/f_auto,c_limit,w_300,q_auto/igashop/images/180000000432"
Dollar Sweets 100s & 1000s Magic 350g,$4.50,$1.29/100g,"https://cdn.metcash.media/image/upload/f_auto,c_limit,w_300,q_auto/igashop/images/75762"
Duracell Coppertop Batteries C,$9.90,N/A,"https://cdn.metcash.media/image/upload/f_auto,c_limit,w_300,q_auto/igashop/images/274049"
Finish Ultimate All in 1 Dishwashing Tablets Lemon Sparkle 100 Pack,$39.00,$0.39 each,"https://cdn.metcash.media/image/upload/f_auto,c_limit,w_300,q_auto/igashop/images/558401"
Peters Drumstick Super Chocolate 4 Pack,$9.50,$2.38 each,"https://cdn.metcash.media/image/upload/f_auto,c_limit,w_300,q_auto/igashop/images/110732"
Spice & Co Whole White Peppercorns 55g,$3.75,$6.82/100g,"https://cdn.metcash.media/image/upload/f_auto,c_limit,w_300,q_auto/igashop/images/190000002418"
Wai Wai Rice Vermicelli 200g,$2.25,$1.13/100g,"https://cdn.metcash.media/image/upload/f_auto,c_limit,w_300,q_auto/igashop/images/20000001432"
Stoneybrook Blueberries Frozen 850g,$11.95,$1.41/100g,"https://cdn.metcash.media/image/upload/f_auto,c_limit,w_300,q_auto/igashop/images/20000005964"
Glaceau Vitamin Water Antioxidant 500mL,$3.60,$0.72/100mL,"https://cdn.metcash.media/image/upload/f_auto,c_limit,w_300,q_auto/igashop/images/20000003275"
OSO Garbage Bags Roll 25 Pack,$4.30,$0.17 each,"https://cdn.metcash.media/image/upload/f_auto,c_limit,w_300,q_auto/igashop/images/51970"
Tasmanian Pate Cracked Pepper & Orange Brandy Pate 130g,$6.50,$5.00/100g,"https://cdn.metcash.media/image/upload/f_auto,c_limit,w_300,q_auto/igashop/images/190000004914"
Gatorade Blackberry Raspberry 600mL,$4.20,$0.70/100mL,https://www.igashop.com.au/static/default-product-image.png
My Dog Fillets In Gravy With Tender Chicken Wet Dog Food Tray 100g,$1.40,$1.40/100g,"https://cdn.metcash.media/image/upload/f_auto,c_limit,w_300,q_auto/igashop/images/422715"
Kellogg's LCMs 25% Less Sugar Neapolitan Flavour 5 Pack 100g,$4.00,$4.00/100g,"https://cdn.metcash.media/image/upload/f_auto,c_limit,w_300,q_auto/igashop/images/1800000069619"
Schweppes Traditional Pink Lemonade 4 Pack,$3.50,$0.88 each,"https://cdn.metcash.media/image/upload/f_auto,c_limit,w_300,q_auto/igashop/images/653421"
Nescafe Latte 10 Pack,$8.00,$0.80 each,"https://cdn.metcash.media/image/upload/f_auto,c_limit,w_300,q_auto/igashop/images/672409"
Toblerone White 360g,$20.00,$5.56/100g,https://www.igashop.com.au/static/default-product-image.png
Sunbites Snack Crackers With Quinoa Cheddar & Chives 110g,$2.75,$2.50/100g,"https://cdn.metcash.media/image/upload/f_auto,c_limit,w_300,q_auto/igashop/images/479398"
MasterFoods Curried Sausages Simmer Sauce 500g,$4.50,$0.90/100g,"https://cdn.metcash.media/image/upload/f_auto,c_limit,w_300,q_auto/igashop/images/739337"
Up & Go Protein Energize Vanilla 12 Pack,$19.50,$1.62 each,"https://cdn.metcash.media/image/upload/f_auto,c_limit,w_300,q_auto/igashop/images/160000003587"
The Good Crisp Company Sour Cream & Chives 160g,$5.90,$3.69/100g,"https://cdn.metcash.media/image/upload/f_auto,c_limit,w_300,q_auto/igashop/images/190000005024"
"VIP Chunkers with Beef, Peas & Carrots 1kg",$6.50,$6.50/kg,"https://cdn.metcash.media/image/upload/f_auto,c_limit,w_300,q_auto/igashop/images/180000001577"
Twinings English Breakfast Tea Bags 50 Pack,$8.50,$0.17 each,"https://cdn.metcash.media/image/upload/f_auto,c_limit,w_300,q_auto/igashop/images/383872"
Nerada Organics Chai Tea Bags 25g,$4.20,$16.80/100g,"https://cdn.metcash.media/image/upload/f_auto,c_limit,w_300,q_auto/igashop/images/20000005324"
Menz Bumbles Choc Honeycomb 525g,$6.25,$1.19/100g,https://www.igashop.com.au/static/default-product-image.png
Fantastic Rice Crackers BBQ 100g,$2.50,$2.50/100g,"https://cdn.metcash.media/image/upload/f_auto,c_limit,w_300,q_auto/igashop/images/11271"
Zafarelli No17 Fusilli 500g,$2.00,$0.40/100g,"https://cdn.metcash.media/image/upload/f_auto,c_limit,w_300,q_auto/igashop/images/361341"
Green's Sandwich Mix Ice Dream Mint 360g,$2.50,$0.69/100g,"https://cdn.metcash.media/image/upload/f_auto,c_limit,w_300,q_auto/igashop/images/577560"
Ivan's Pie Beef 330g,$13.50,$4.09/100g,https://www.igashop.com.au/static/default-product-image.png
Kikkoman Soy Sauce 250mL,$6.10,$2.44/100mL,"https://cdn.metcash.media/image/upload/f_auto,c_limit,w_300,q_auto/igashop/images/37007"
Bulla Crunch Vanilla 8 Pack,$5.00,$0.63 each,"https://cdn.metcash.media/image/upload/f_auto,c_limit,w_300,q_auto/igashop/images/374564"
Napro Palette Intensive Creme Colour Permanent 4 - 88 Intensive Dark Red,$9.50,N/A,"https://cdn.metcash.media/image/upload/f_auto,c_limit,w_300,q_auto/igashop/images/602373"
Bosisto's Eucalyptus Oil 175mL,$11.90,$6.80/100mL,"https://cdn.metcash.media/image/upload/f_auto,c_limit,w_300,q_auto/igashop/images/800214"
Hercules Sustain Plant Based Kitchen Tidy Bags Large 20 Pack,$3.60,$0.18 each,https://www.igashop.com.au/static/default-product-image.png
Bondi Dairy Maple & Vanilla Granola 400g,$14.30,$3.58/100g,https://www.igashop.com.au/static/default-product-image.png
TCC Light Coconut Milk 165mL,$1.30,$0.79/100mL,"https://cdn.metcash.media/image/upload/f_auto,c_limit,w_300,q_auto/igashop/images/20000000928"
Cottee's Cordial Lemon Cordial 1L,$5.50,$5.50/1L,https://www.igashop.com.au/static/default-product-image.png
Palmolive Men Active Body Wash With Sea Minerals 500mL,$7.50,$1.50/100mL,"https://cdn.metcash.media/image/upload/f_auto,c_limit,w_300,q_auto/igashop/images/367711"
Radox Bath Salt Detox Therapy 900g,$9.30,$1.03/100g,"https://cdn.metcash.media/image/upload/f_auto,c_limit,w_300,q_auto/igashop/images/882787"
Cadbury Peanut Caramel Slice Bar 48g,$3.00,$6.25/100g,"https://cdn.metcash.media/image/upload/f_auto,c_limit,w_300,q_auto/igashop/images/1800000069010"
Black & Gold Juice Apple Blackcurrant 2L,$2.70,$1.35/1L,"https://cdn.metcash.media/image/upload/f_auto,c_limit,w_300,q_auto/igashop/images/15974"
Vital Strength Ripped Protein Powder Chocolate 600g,$52.00,$8.67/100g,"https://cdn.metcash.media/image/upload/f_auto,c_limit,w_300,q_auto/igashop/images/160000017716"
Nestlé KitKat Milk Chocolate 170g,$7.50,$4.41/100g,"https://cdn.metcash.media/image/upload/f_auto,c_limit,w_300,q_auto/igashop/images/468224"
Nestle Baking Chocolate Milk Melts 375g,$8.00,$2.13/100g,"https://cdn.metcash.media/image/upload/f_auto,c_limit,w_300,q_auto/igashop/images/180000006297"
Cadbury Christmas Dairy Milk Santa 180g,$3.00,$1.67/100g,"https://cdn.metcash.media/image/upload/f_auto,c_limit,w_300,q_auto/igashop/images/186835"
Bulla Creamy Classics Cheesecake Ice Cream 2L,$9.25,$4.63/1L,"https://cdn.metcash.media/image/upload/f_auto,c_limit,w_300,q_auto/igashop/images/180000006152"
Redwin Sorbolene Lotion with Vitamin E 100mL,$3.50,$3.50/100mL,"https://cdn.metcash.media/image/upload/f_auto,c_limit,w_300,q_auto/igashop/images/20000000959"
Community Co Waffle Cones 12 Pack,$3.30,$0.27 each,"https://cdn.metcash.media/image/upload/f_auto,c_limit,w_300,q_auto/igashop/images/180000005102"
Dairy Farmers Light Sour Cream 130g,$2.50,$1.92/100g,"https://cdn.metcash.media/image/upload/f_auto,c_limit,w_300,q_auto/igashop/images/180000005105"
Deeko Bio Bowls 8 Pack,$3.75,$0.47 each,"https://cdn.metcash.media/image/upload/f_auto,c_limit,w_300,q_auto/igashop/images/126539"
Telfast Allergy Medication 60Mg Tablets 10 Pack,$6.85,$0.69 each,https://www.igashop.com.au/static/default-product-image.png
The Culture Co Probiotic Kefir Yogurt Natural 1kg,$6.80,$6.80/kg,"https://cdn.metcash.media/image/upload/f_auto,c_limit,w_300,q_auto/igashop/images/1800000069665"
Chris' Hommus Plus Dip Chipotle 200g,$3.00,$1.50/100g,"https://cdn.metcash.media/image/upload/f_auto,c_limit,w_300,q_auto/igashop/images/425344"
ViledaAnsell General Purpose Nitrile Disposable Gloves Medium/Large 50 Pack,$13.50,$0.27 each,"https://cdn.metcash.media/image/upload/f_auto,c_limit,w_300,q_auto/igashop/images/1800000071230"
Primo Sopressa Hot Salami 200g,$8.30,$4.15/100g,"https://cdn.metcash.media/image/upload/f_auto,c_limit,w_300,q_auto/igashop/images/1800000070790"
Hersheys Chocolate Strawberry Ripple Ice Cream 1L,$11.00,$11.00/1L,"https://cdn.metcash.media/image/upload/f_auto,c_limit,w_300,q_auto/igashop/images/437087"
Raw C Liquid Coconut Oil 250mL,$9.00,$3.60/100mL,"https://cdn.metcash.media/image/upload/f_auto,c_limit,w_300,q_auto/igashop/images/7521"
Sara Lee Sticky Date Pudding Individual 180g,$7.00,$3.89/100g,"https://cdn.metcash.media/image/upload/f_auto,c_limit,w_300,q_auto/igashop/images/180000003454"
Yoosh Aloe Vera Drink 500mL,$3.40,$0.68/100mL,"https://cdn.metcash.media/image/upload/f_auto,c_limit,w_300,q_auto/igashop/images/881074"
Green Grape Cluster 850g,Final cost based on weight,$4.24/$4.99,"https://cdn.metcash.media/image/upload/f_auto,c_limit,w_300,q_auto/igashop/images/80060074"
Rockstar Refresh Energy Drink Watermelon Kiwi 500mL,$2.75,$5.50/1L,"https://cdn.metcash.media/image/upload/f_auto,c_limit,w_300,q_auto/igashop/images/333343"
Popcorners Sea Salt Chips 85g,$3.80,$4.47/100g,"https://cdn.metcash.media/image/upload/f_auto,c_limit,w_300,q_auto/igashop/images/307936"
Primo Air-Dried Salami Sticks BBQ 90g,$6.50,$7.22/100g,"https://cdn.metcash.media/image/upload/f_auto,c_limit,w_300,q_auto/igashop/images/180000004941"
Youfoodz Fuel'd BBQ Chicken & Cheesy Mac 410g,$11.95,$2.91/100g,"https://cdn.metcash.media/image/upload/f_auto,c_limit,w_300,q_auto/igashop/images/665567"
Mainland Gouda Cheese 250g,$7.00,$2.80/100g,"https://cdn.metcash.media/image/upload/f_auto,c_limit,w_300,q_auto/igashop/images/109618"
San Remo Macaroni Pasta No 38 500g,$2.95,$0.59/100g,"https://cdn.metcash.media/image/upload/f_auto,c_limit,w_300,q_auto/igashop/images/46836"
Paul's PhysiCAL High Calcium Skim 2L,$5.80,$2.90/1L,"https://cdn.metcash.media/image/upload/f_auto,c_limit,w_300,q_auto/igashop/images/197996"
Streets Golden Gaytime Frozen Dessert 1L,$7.00,$7.00/1L,"https://cdn.metcash.media/image/upload/f_auto,c_limit,w_300,q_auto/igashop/images/535097"
The Natural Chip Co. Lightly Salted Chips 175g,$5.00,$2.86/100g,"https://cdn.metcash.media/image/upload/f_auto,c_limit,w_300,q_auto/igashop/images/410072"
Community Co Apricot Jam 500g,$2.80,$0.56/100g,"https://cdn.metcash.media/image/upload/f_auto,c_limit,w_300,q_auto/igashop/images/610046"
Wonderbao Chicken Bao 405g,$14.95,$3.69/100g,"https://cdn.metcash.media/image/upload/f_auto,c_limit,w_300,q_auto/igashop/images/20000005755"
Lion Chocolate Chip Pancake 325g,$3.35,$1.03/100g,https://www.igashop.com.au/static/default-product-image.png
SunRice Flavoured Mexican Style Cup 2 Pack,$4.00,$2.00 each,"https://cdn.metcash.media/image/upload/f_auto,c_limit,w_300,q_auto/igashop/images/559106"
Betty Crocker 97% Fat Free Blueberry Muffin Mix 500g,$7.00,$1.40/100g,"https://cdn.metcash.media/image/upload/f_auto,c_limit,w_300,q_auto/igashop/images/974916"
Masterfoods One Pan Rice Spanish Style Paella Pouch 250g,$4.00,$1.60/100g,https://www.igashop.com.au/static/default-product-image.png
MasterFoods Lemon Pepper Seasoning 170g,$5.50,$3.24/100g,"https://cdn.metcash.media/image/upload/f_auto,c_limit,w_300,q_auto/igashop/images/170000002902"
Norco Milk Real Iced Coffee Original 500mL,$3.20,$0.64/100mL,"https://cdn.metcash.media/image/upload/f_auto,c_limit,w_300,q_auto/igashop/images/180000000383"
Uncle Tobys Muesli Bars Chewy Choc Chip 6 Pack,$2.75,$0.46 each,"https://cdn.metcash.media/image/upload/f_auto,c_limit,w_300,q_auto/igashop/images/435459"
TRESemmé Dry Shampoo Refresh 250mL,$10.30,$4.12/100mL,"https://cdn.metcash.media/image/upload/f_auto,c_limit,w_300,q_auto/igashop/images/463203"
Cenovis Centrum Triple Vitamin C D3 Zinc Chewable 60 Pack,$18.00,$0.30 each,https://www.igashop.com.au/static/default-product-image.png
Community Co Raw Macadamias 100g,$8.00,$8.00/100g,"https://cdn.metcash.media/image/upload/f_auto,c_limit,w_300,q_auto/igashop/images/861472"
Frisp Fruit Smoothie Drops + Probiotics Banana 15g,$4.90,$32.67/100g,"https://cdn.metcash.media/image/upload/f_auto,c_limit,w_300,q_auto/igashop/images/180000005999"
Birds Eye Birdseye Seasoned Sides Country Garden 600g,$5.60,$0.93/100g,"https://cdn.metcash.media/image/upload/f_auto,c_limit,w_300,q_auto/igashop/images/20000006350"
Polident Denture Adhesive Cream Fresh Mint 60g,$14.25,$23.75/100g,"https://cdn.metcash.media/image/upload/f_auto,c_limit,w_300,q_auto/igashop/images/499013"
Fluffy Crunch Strawberry Lemonade Gourmet Fairy Floss 50g,$6.50,$13.00/100g,https://www.igashop.com.au/static/default-product-image.png
Gillette Mach 3 Turbo Razor 3D,$12.60,N/A,"https://cdn.metcash.media/image/upload/f_auto,c_limit,w_300,q_auto/igashop/images/779086"
MasterFoods Herbs & Spices Lamb Herbs 15g,$3.50,$23.33/100g,"https://cdn.metcash.media/image/upload/f_auto,c_limit,w_300,q_auto/igashop/images/16386"
Black & Gold Dish Brush Sparkle,$2.00,N/A,"https://cdn.metcash.media/image/upload/f_auto,c_limit,w_300,q_auto/igashop/images/190000010083"
Samboy Potato Chips Atomic Tomato 45g,$1.50,$3.33/100g,"https://cdn.metcash.media/image/upload/f_auto,c_limit,w_300,q_auto/igashop/images/20000003903"
Bic Soleil Escape 3 Blade Bl4 4 Pack,$11.20,$2.80 each,https://www.igashop.com.au/static/default-product-image.png
Air Wick Essential Oil Freshmatic Refill Lavender 174g,$11.00,$6.32/100g,"https://cdn.metcash.media/image/upload/f_auto,c_limit,w_300,q_auto/igashop/images/643620"
Only Juice Co. Orange Fruit Drink 2L,$4.80,$2.40/1L,"https://cdn.metcash.media/image/upload/f_auto,c_limit,w_300,q_auto/igashop/images/166741"
Abbott's Bakery Harvest Seeds & Grains Bread 750g,$5.20,$0.69/100g,"https://cdn.metcash.media/image/upload/f_auto,c_limit,w_300,q_auto/igashop/images/811605"
Praise Caesar Dressing 330mL,$3.00,$0.91/100mL,"https://cdn.metcash.media/image/upload/f_auto,c_limit,w_300,q_auto/igashop/images/365036"
"Pedigree Wet Dog Food with Chicken, Rice & Vegies Homestyle Can 700g",$3.50,$0.50/100g,"https://cdn.metcash.media/image/upload/f_auto,c_limit,w_300,q_auto/igashop/images/617027"
Rafferty's Garden Mango & Chia Pressed Bars 1-3Y 90g,$5.00,$5.56/100g,https://www.igashop.com.au/static/default-product-image.png
Black & Gold Stir Fry Veg 500g,$2.60,$0.52/100g,"https://cdn.metcash.media/image/upload/f_auto,c_limit,w_300,q_auto/igashop/images/135384"
Ocean Spray Light Cranberry Fruit Drink 1.5L,$6.40,$4.27/1L,"https://cdn.metcash.media/image/upload/f_auto,c_limit,w_300,q_auto/igashop/images/99122"
Burger Rings Bag 45g,$1.90,$4.22/100g,"https://cdn.metcash.media/image/upload/f_auto,c_limit,w_300,q_auto/igashop/images/842737"
Cancer Council Sunscreen Ultra SPF50+ 500mL,$27.45,$5.49/100mL,"https://cdn.metcash.media/image/upload/f_auto,c_limit,w_300,q_auto/igashop/images/396993"
Fibre One Cookies & Creme Drizzle Squares 120g,$5.50,$4.58/100g,https://www.igashop.com.au/static/default-product-image.png
Dove Deodorant Roll On Invisible Dry 50mL,$6.00,$12.00/100mL,"https://cdn.metcash.media/image/upload/f_auto,c_limit,w_300,q_auto/igashop/images/180000005767"
Kreol Sparkling Drink Ginger Lime 330mL,$4.50,$1.36/100mL,"https://cdn.metcash.media/image/upload/f_auto,c_limit,w_300,q_auto/igashop/images/20000007172"
Chupa Chup and Mentos Mix of Mini Stocking 160g,$2.00,$1.25/100g,"https://cdn.metcash.media/image/upload/f_auto,c_limit,w_300,q_auto/igashop/images/790304"
Prinetti Iron Sream 2000W,$13.50,N/A,"https://cdn.metcash.media/image/upload/f_auto,c_limit,w_300,q_auto/igashop/images/360167"
Papa Joe's Mango and Coconut Bread 500g,$7.30,$1.46/100g,"https://cdn.metcash.media/image/upload/f_auto,c_limit,w_300,q_auto/igashop/images/920205"
Palmolive Antibacterial Foaming Liquid Hand Wash Soap Aqua Lily 250mL,$3.50,$1.40/100mL,"https://cdn.metcash.media/image/upload/f_auto,c_limit,w_300,q_auto/igashop/images/903428"
Byron Gourmet Vegan Curried Lentil Pie 220g,$9.75,$4.43/100g,"https://cdn.metcash.media/image/upload/f_auto,c_limit,w_300,q_auto/igashop/images/20000005176"
K-Roo Kangaroo Herb And Garlic Steaks 400g,$12.00,$3.00/100g,"https://cdn.metcash.media/image/upload/f_auto,c_limit,w_300,q_auto/igashop/images/180000005201"
Fancy Feast Adult Medleys White Meat Chicken Tuscany With Rice & Garden Greens In A Savory Sauce Wet Cat Food 85g,$2.30,$2.71/100g,"https://cdn.metcash.media/image/upload/f_auto,c_limit,w_300,q_auto/igashop/images/412710"
McCain Healthy Choice Spinach Ravioli 350g,$4.45,$1.27/100g,"https://cdn.metcash.media/image/upload/f_auto,c_limit,w_300,q_auto/igashop/images/842232"
Mortein Powergard Crawling Insect Killer Easy Reach With Germ Kill 320g,$17.50,$5.47/100g,"https://cdn.metcash.media/image/upload/f_auto,c_limit,w_300,q_auto/igashop/images/342465"
Suprima Grab & Go Pizza Scrolls 95g,$2.95,$3.11/100g,https://www.igashop.com.au/static/default-product-image.png
Praise Traditional Creamy Mayonnaise 700g,$6.00,$0.86/100g,"https://cdn.metcash.media/image/upload/f_auto,c_limit,w_300,q_auto/igashop/images/372465"
Nestlé Pixie Caramel 50g,$2.90,$5.80/100g,"https://cdn.metcash.media/image/upload/f_auto,c_limit,w_300,q_auto/igashop/images/287979"
Posh Foods Duck & Orange Pate 150g,$6.95,$4.63/100g,"https://cdn.metcash.media/image/upload/f_auto,c_limit,w_300,q_auto/igashop/images/20000000763"
Cetaphil Gentle Foaming Cleanser 236mL,$17.50,$7.42/100mL,"https://cdn.metcash.media/image/upload/f_auto,c_limit,w_300,q_auto/igashop/images/173269"
Beerenberg Mango Lime Chilli Dressing 300mL,$6.85,$2.28/100mL,"https://cdn.metcash.media/image/upload/f_auto,c_limit,w_300,q_auto/igashop/images/364954"
Meredith Dairy Goat Cheese Chevre Fresh Dill 150g,$9.00,$6.00/100g,"https://cdn.metcash.media/image/upload/f_auto,c_limit,w_300,q_auto/igashop/images/991638"
Community Co Fork Wooden 12 Pack,$0.80,$0.07 each,"https://cdn.metcash.media/image/upload/f_auto,c_limit,w_300,q_auto/igashop/images/230749"
Reese's Chocolate Dipped Pretzels 120g,$7.65,$6.38/100g,https://www.igashop.com.au/static/default-product-image.png
Darrell Lea Dad's Cooler Bag,$25.00,N/A,"https://cdn.metcash.media/image/upload/f_auto,c_limit,w_300,q_auto/igashop/images/457804"
Raid Light Trap Refill 3 Pack,$6.10,$2.03 each,"https://cdn.metcash.media/image/upload/f_auto,c_limit,w_300,q_auto/igashop/images/719604"
Beerenberg Slow Cooker Malaysian Kapitan Curry 240mL,$4.90,$2.04/100mL,"https://cdn.metcash.media/image/upload/f_auto,c_limit,w_300,q_auto/igashop/images/692530"
Whiskas Tasty Mix Succulent Meals Chunks In Gravy 85g,$10.40,$12.24/100g,https://www.igashop.com.au/static/default-product-image.png
99th Monkey Salted Natural Peanut Butter 300g,$7.50,$2.50/100g,"https://cdn.metcash.media/image/upload/f_auto,c_limit,w_300,q_auto/igashop/images/160000014348"
Panadol Mini Capsules 16 Pack,$4.80,$0.30 each,"https://cdn.metcash.media/image/upload/f_auto,c_limit,w_300,q_auto/igashop/images/700333"
Sukin X Reef Aid Botanical Body Wash Cap 500mL,$7.80,$1.56/100mL,"https://cdn.metcash.media/image/upload/f_auto,c_limit,w_300,q_auto/igashop/images/496492"
The Natural Confectionery Co. Snakes 260g,$5.00,$1.92/100g,"https://cdn.metcash.media/image/upload/f_auto,c_limit,w_300,q_auto/igashop/images/312088"
Hercules Sustain Compostable Caddy Bags Mini 25 Pack,$4.00,$0.16 each,https://www.igashop.com.au/static/default-product-image.png
Duracell Coppertop Batteries D 2 Pack,$8.40,$4.20 each,"https://cdn.metcash.media/image/upload/f_auto,c_limit,w_300,q_auto/igashop/images/274057"
Community Co Yoghurt Blueberry Pouch 70g,$0.80,$1.14/100g,"https://cdn.metcash.media/image/upload/f_auto,c_limit,w_300,q_auto/igashop/images/456620"
Nerada Relax Tea Bags 20 Pack,$8.00,$0.40 each,"https://cdn.metcash.media/image/upload/f_auto,c_limit,w_300,q_auto/igashop/images/160000012870"
Pukka Night Time Berry Tea Bags 20 Pack,$9.00,$0.45 each,"https://cdn.metcash.media/image/upload/f_auto,c_limit,w_300,q_auto/igashop/images/190000002081"
L'Oreal Men Expert Hydra Energetic Shower Gel 400mL,$10.00,$2.50/100mL,https://www.igashop.com.au/static/default-product-image.png
Vegemite Spread 150g,$4.20,$2.80/100g,"https://cdn.metcash.media/image/upload/f_auto,c_limit,w_300,q_auto/igashop/images/190000001345"
Prima Drink Apple Blackcurrant with No Added Sugar 6 Pack,$4.10,$0.68 each,"https://cdn.metcash.media/image/upload/f_auto,c_limit,w_300,q_auto/igashop/images/871723"
Community Co Sourdough Bread Rolls 4 Pack,$5.00,$1.25 each,"https://cdn.metcash.media/image/upload/f_auto,c_limit,w_300,q_auto/igashop/images/20000001186"
Mother Energy Drink Rainbow Sherbet Cans 500mL,$3.30,$6.60/1L,"https://cdn.metcash.media/image/upload/f_auto,c_limit,w_300,q_auto/igashop/images/356448"
White Wings Cake Mix Layered Vanilla 510g,$7.15,$1.40/100g,"https://cdn.metcash.media/image/upload/f_auto,c_limit,w_300,q_auto/igashop/images/616181"
J Luehders Soft Vegan Candy Red Berries 80g,$3.75,$4.69/100g,"https://cdn.metcash.media/image/upload/f_auto,c_limit,w_300,q_auto/igashop/images/20000000226"
99th Monkey Unsalted Natural Peanut Butter 300g,$7.50,$2.50/100g,"https://cdn.metcash.media/image/upload/f_auto,c_limit,w_300,q_auto/igashop/images/160000014349"
Bosisto's Power + Laundry Liquid 1.2L,$14.30,$11.92/1L,"https://cdn.metcash.media/image/upload/f_auto,c_limit,w_300,q_auto/igashop/images/517751"
Fussy Cat Pate Pieces Meaty Pouch 960g,$11.00,$1.15/100g,https://www.igashop.com.au/static/default-product-image.png
Chum Lamb 700g,$2.95,$0.42/100g,"https://cdn.metcash.media/image/upload/f_auto,c_limit,w_300,q_auto/igashop/images/40686"
Huttons Devon Chub 3kg,$10.70,$3.57/kg,https://www.igashop.com.au/static/default-product-image.png
Youfoodz Creamy Chicken Carbonara With Sliced Ham & Mushrooms 280g,$10.95,$3.91/100g,"https://cdn.metcash.media/image/upload/f_auto,c_limit,w_300,q_auto/igashop/images/803440"
Pedigree Medium Adult Dry Dog Food With Real Beef & Vegies 8kg,$31.00,$3.88/kg,"https://cdn.metcash.media/image/upload/f_auto,c_limit,w_300,q_auto/igashop/images/344682"
Dine Pulled Gravy Tuna 85g,$1.75,$2.06/100g,"https://cdn.metcash.media/image/upload/f_auto,c_limit,w_300,q_auto/igashop/images/525458"
Bulla Frozen Yogurt Mango Apricot Passionfruit Dessert Sticks 8 Pack,$9.00,$1.13 each,"https://cdn.metcash.media/image/upload/f_auto,c_limit,w_300,q_auto/igashop/images/989518"
The Han Kitchen Pocha Ramyun 472g,$9.00,$1.91/100g,https://www.igashop.com.au/static/default-product-image.png
Pics Peanut Butter Crunchy 380g,$7.20,$1.89/100g,"https://cdn.metcash.media/image/upload/f_auto,c_limit,w_300,q_auto/igashop/images/180000000482"
Naked Byron Foods Basil Pesto 180g,$10.75,$5.97/100g,"https://cdn.metcash.media/image/upload/f_auto,c_limit,w_300,q_auto/igashop/images/20000001804"
Majans Infuzions BBQ Rib Prawn Crackers 100g,$4.30,$4.30/100g,"https://cdn.metcash.media/image/upload/f_auto,c_limit,w_300,q_auto/igashop/images/939958"
Vittoria Chocochino Drinking Chocolate 375g,$6.50,$1.73/100g,"https://cdn.metcash.media/image/upload/f_auto,c_limit,w_300,q_auto/igashop/images/359263"
L'Oréal Paris Excellence Crème 4 Dark Brown Hair Colour,$20.00,N/A,"https://cdn.metcash.media/image/upload/f_auto,c_limit,w_300,q_auto/igashop/images/190000000532"
Cenovis Mega E 500iu Capsules Value Pack 250 Pack,$44.90,$0.18 each,"https://cdn.metcash.media/image/upload/f_auto,c_limit,w_300,q_auto/igashop/images/351655"
Temptations Mixups Catnip Chicken And Cheddar 350g,$13.50,$3.86/100g,"https://cdn.metcash.media/image/upload/f_auto,c_limit,w_300,q_auto/igashop/images/1800000068695"
Gourmet Delight with Whitemeat Tuna & Crab 85g,$1.05,$1.24/100g,"https://cdn.metcash.media/image/upload/f_auto,c_limit,w_300,q_auto/igashop/images/48480"
BabyLove Swim Pants Large 9 Pack,$12.00,$1.33 each,"https://cdn.metcash.media/image/upload/f_auto,c_limit,w_300,q_auto/igashop/images/966248"
Schweppes Traditionals Raspberry 1.1L,$1.25,$1.14/1L,"https://cdn.metcash.media/image/upload/f_auto,c_limit,w_300,q_auto/igashop/images/764219"
Tommee Tippee Cool Fish Teether,$6.00,N/A,"https://cdn.metcash.media/image/upload/f_auto,c_limit,w_300,q_auto/igashop/images/250435"
Cornetto Frozen Dessert Classico 6 Pack,$9.00,$1.50 each,"https://cdn.metcash.media/image/upload/f_auto,c_limit,w_300,q_auto/igashop/images/1800000068353"
Green's Chocolate Sponge Pudding 260g,$3.75,$1.44/100g,"https://cdn.metcash.media/image/upload/f_auto,c_limit,w_300,q_auto/igashop/images/425933"
Coopers Brewing Sugars 1kg,$6.05,$6.05/kg,"https://cdn.metcash.media/image/upload/f_auto,c_limit,w_300,q_auto/igashop/images/326642"
Health Lab Peanut Butter Choc Nut Butter Filled Balls 3 Pack,$10.50,$3.50 each,"https://cdn.metcash.media/image/upload/f_auto,c_limit,w_300,q_auto/igashop/images/190000001842"
Fry's Meat Free Family Sausage Rolls 400g,$7.10,$1.78/100g,"https://cdn.metcash.media/image/upload/f_auto,c_limit,w_300,q_auto/igashop/images/20000001676"
Pandaroo Sweet Chilli Sauce 730mL,$6.95,$0.95/100mL,"https://cdn.metcash.media/image/upload/f_auto,c_limit,w_300,q_auto/igashop/images/20000005362"
Smith's Single Pack Salt & Vinegar 45g,$1.50,$3.33/100g,"https://cdn.metcash.media/image/upload/f_auto,c_limit,w_300,q_auto/igashop/images/836752"
Bosisto's Hand Wash Desert Lime & Eucalyptus 1L,$17.00,$17.00/1L,"https://cdn.metcash.media/image/upload/f_auto,c_limit,w_300,q_auto/igashop/images/737576"
Poise Pad Adultcare Poise Livefree Regular Wing 14 Pack,$6.95,$0.50 each,"https://cdn.metcash.media/image/upload/f_auto,c_limit,w_300,q_auto/igashop/images/1800000067790"
Red Rock Deli Roast Pumpkin Caramelised Onion & Cashew Dip 135g,$4.50,$3.33/100g,"https://cdn.metcash.media/image/upload/f_auto,c_limit,w_300,q_auto/igashop/images/425158"
Black & Gold Steel Soap Pads 10 Pack,$1.50,$0.15 each,"https://cdn.metcash.media/image/upload/f_auto,c_limit,w_300,q_auto/igashop/images/69232"
Nice & Natural Chocolate Nut Bars Honeycomb 180g,$5.50,$3.06/100g,"https://cdn.metcash.media/image/upload/f_auto,c_limit,w_300,q_auto/igashop/images/180000004822"
CSR Dark Brown Sugar 1kg,$4.60,$4.60/kg,"https://cdn.metcash.media/image/upload/f_auto,c_limit,w_300,q_auto/igashop/images/98697"
Zoomies Dog Treat Surf & Turf 200g,$7.15,$3.58/100g,"https://cdn.metcash.media/image/upload/f_auto,c_limit,w_300,q_auto/igashop/images/180000005625"
Viva Eco Bamboo Fibre Paper Towel 3 Pack,$6.00,$2.00 each,"https://cdn.metcash.media/image/upload/f_auto,c_limit,w_300,q_auto/igashop/images/160000003606"
Codral Plus 16 Lozenges & 20 Decongestant Tablets 36 Pack,$18.85,$0.52 each,"https://cdn.metcash.media/image/upload/f_auto,c_limit,w_300,q_auto/igashop/images/625892"
Black & Gold Bread Crumbs 500g,$2.00,$0.40/100g,"https://cdn.metcash.media/image/upload/f_auto,c_limit,w_300,q_auto/igashop/images/332164"
Oreo Cupcakes 6 Pack,$10.00,$1.67 each,"https://cdn.metcash.media/image/upload/f_auto,c_limit,w_300,q_auto/igashop/images/875450"
Pump Spring Water Bottle 750mL,$3.25,$0.43/100mL,"https://cdn.metcash.media/image/upload/f_auto,c_limit,w_300,q_auto/igashop/images/340400"
Eveready Red Heavy Duty Lantern 6V 59,$5.99,N/A,"https://cdn.metcash.media/image/upload/f_auto,c_limit,w_300,q_auto/igashop/images/273336"
Goodman Fielder Stick Garlic 210g,$8.95,$4.26/100g,https://www.igashop.com.au/static/default-product-image.png
Gourmet Garden Chilli Lightly Dried 10g,$4.50,$45.00/100g,https://www.igashop.com.au/static/default-product-image.png
Connoisseur Ice Cream Chocolate Brownie Custard 1L,$13.45,$13.45/1L,"https://cdn.metcash.media/image/upload/f_auto,c_limit,w_300,q_auto/igashop/images/645114"
Slape & Sons Chicken & Herb Sausages 480g,$7.50,$1.56/100g,"https://cdn.metcash.media/image/upload/f_auto,c_limit,w_300,q_auto/igashop/images/20000004964"
YoPRO Perform Yoghurt Mango Passionfruit Pouch 175g,$3.90,$2.23/100g,"https://cdn.metcash.media/image/upload/f_auto,c_limit,w_300,q_auto/igashop/images/1800000069853"
J&Co Apricot & Coconut Slices 200g,$8.50,$4.25/100g,"https://cdn.metcash.media/image/upload/f_auto,c_limit,w_300,q_auto/igashop/images/190000004931"
Ryde Sleep Shot 60mL,$4.30,$7.17/100mL,https://www.igashop.com.au/static/default-product-image.png
Cascade Lime & Soda Cans 4 Pack,$4.40,$1.10 each,"https://cdn.metcash.media/image/upload/f_auto,c_limit,w_300,q_auto/igashop/images/665538_1"
Peters Super Chocolate Drumstick 119mL,$5.00,$4.20/100mL,"https://cdn.metcash.media/image/upload/f_auto,c_limit,w_300,q_auto/igashop/images/20000003767"
Extra Spearmint Chewing Gum Sugar Free 3 Pack,$5.50,$1.83 each,"https://cdn.metcash.media/image/upload/f_auto,c_limit,w_300,q_auto/igashop/images/58435"
Ozkleen Shower Power Squeeze 750mL,$7.30,$0.97/100mL,"https://cdn.metcash.media/image/upload/f_auto,c_limit,w_300,q_auto/igashop/images/463745"
Powerade Zero Sugar Blackcurrant 600mL,$2.70,$4.50/1L,"https://cdn.metcash.media/image/upload/f_auto,c_limit,w_300,q_auto/igashop/images/365536"
Norco Minecraft Bubblegum Burst 750mL,$10.00,$1.33/100mL,https://www.igashop.com.au/static/default-product-image.png
Sakata Rice Crackers Sour Cream And Chives 100g,$2.30,$2.30/100g,"https://cdn.metcash.media/image/upload/f_auto,c_limit,w_300,q_auto/igashop/images/21145"
DJ&A Shiitake Mushroom Crisps 30g,$3.40,$11.33/100g,"https://cdn.metcash.media/image/upload/f_auto,c_limit,w_300,q_auto/igashop/images/6854"
Purina Friskies Adult Seafood Sensations Dry Cat Food 1kg,$8.00,$8.00/kg,"https://cdn.metcash.media/image/upload/f_auto,c_limit,w_300,q_auto/igashop/images/306888"
Connoisseur Ice Cream Cookies And Cream Single 114mL,$6.00,$5.26/100mL,"https://cdn.metcash.media/image/upload/f_auto,c_limit,w_300,q_auto/igashop/images/4026"
Nudie Juice Nothing But Cloudy Apple 400mL,$4.00,$1.00/100mL,"https://cdn.metcash.media/image/upload/f_auto,c_limit,w_300,q_auto/igashop/images/180000000065"
Always Fresh Spanish Extra Light Olive Oil 500mL,$12.10,$2.42/100mL,"https://cdn.metcash.media/image/upload/f_auto,c_limit,w_300,q_auto/igashop/images/3360791"
Chris' Hommus Dip 200g,$4.75,$2.38/100g,"https://cdn.metcash.media/image/upload/f_auto,c_limit,w_300,q_auto/igashop/images/153688"
White Wings Chocolate Chunk Brownies 475g,$7.15,$1.51/100g,"https://cdn.metcash.media/image/upload/f_auto,c_limit,w_300,q_auto/igashop/images/2633"
QBA Batard White 460g,$5.75,$1.25/100g,"https://cdn.metcash.media/image/upload/f_auto,c_limit,w_300,q_auto/igashop/images/670517"
Rafferty's Garden Summer Fruits Quinoa & Prebiotic 6+ Months 120g,$1.90,$1.58/100g,"https://cdn.metcash.media/image/upload/f_auto,c_limit,w_300,q_auto/igashop/images/963452"
Uncle Tobys Oats Quick Sachets Breakfast Cereal Vanilla Protein Big Bowl 8 Pack,$7.00,$0.88 each,"https://cdn.metcash.media/image/upload/f_auto,c_limit,w_300,q_auto/igashop/images/532696"
Sandhurst Rainbow Olives 500g,$6.50,$1.30/100g,"https://cdn.metcash.media/image/upload/f_auto,c_limit,w_300,q_auto/igashop/images/20000005414"
Mirabella S10 4W-65W Fluorescent Globe Starter Pack 2 Pack,$4.20,$2.10 each,"https://cdn.metcash.media/image/upload/f_auto,c_limit,w_300,q_auto/igashop/images/600164"
Nerada Organics Green Tea Bags 50 Pack,$5.50,$0.11 each,"https://cdn.metcash.media/image/upload/f_auto,c_limit,w_300,q_auto/igashop/images/160000012867"
Cadbury Peppermint Milk Chocolate Eggs 115g,$7.50,$6.52/100g,"https://cdn.metcash.media/image/upload/f_auto,c_limit,w_300,q_auto/igashop/images/677302"
Signature Collection Christmas Pudding 400g,$11.00,$2.75/100g,"https://cdn.metcash.media/image/upload/f_auto,c_limit,w_300,q_auto/igashop/images/190000004382"
Nair Hair Removal Wax Easiwax Large Strips 20 Pack,$11.35,$0.57 each,"https://cdn.metcash.media/image/upload/f_auto,c_limit,w_300,q_auto/igashop/images/319713"
Heinz Seriously Good 50% Less Fat Aioli 295mL,$5.50,$1.86/100mL,https://www.igashop.com.au/static/default-product-image.png
Mission Extreme Cheese Tortilla Triangles 230g,$4.50,$1.96/100g,"https://cdn.metcash.media/image/upload/f_auto,c_limit,w_300,q_auto/igashop/images/2683"
Eveready Red Heavy Duty AA 10 Pack,$8.80,$0.88 each,"https://cdn.metcash.media/image/upload/f_auto,c_limit,w_300,q_auto/igashop/images/902888"
Kara Coconut Cream 400mL,$3.50,$0.88/100mL,"https://cdn.metcash.media/image/upload/f_auto,c_limit,w_300,q_auto/igashop/images/190000004705"
Quest Protein Bar Smores 60g,$5.40,$9.00/100g,"https://cdn.metcash.media/image/upload/f_auto,c_limit,w_300,q_auto/igashop/images/190000001591"
K-Roo Kangaroo Herb And Garlic Kebab 360g,$11.90,$3.31/100g,"https://cdn.metcash.media/image/upload/f_auto,c_limit,w_300,q_auto/igashop/images/180000005433"
Community Co Pepitas 325g,$6.00,$1.85/100g,"https://cdn.metcash.media/image/upload/f_auto,c_limit,w_300,q_auto/igashop/images/799183"
Bickford's Lemon Barley Cordial 750mL,$5.50,$0.73/100mL,"https://cdn.metcash.media/image/upload/f_auto,c_limit,w_300,q_auto/igashop/images/497469"
Proper Crisps Rosemary & Thyme Crisps 150g,$6.90,$4.60/100g,"https://cdn.metcash.media/image/upload/f_auto,c_limit,w_300,q_auto/igashop/images/8843"
Betadine Sore Throat Gargle Ready To Use 120mL,$17.00,$14.17/100mL,"https://cdn.metcash.media/image/upload/f_auto,c_limit,w_300,q_auto/igashop/images/66297"
Black & Gold Unsalted Butter 250g,$4.00,$1.60/100g,"https://cdn.metcash.media/image/upload/f_auto,c_limit,w_300,q_auto/igashop/images/190000011719"
Yes You Can Buttermilk Pancake 300g,$6.20,$2.07/100g,"https://cdn.metcash.media/image/upload/f_auto,c_limit,w_300,q_auto/igashop/images/180000000202"
Golden Circle Apple Juice 2L,$3.90,$1.95/1L,"https://cdn.metcash.media/image/upload/f_auto,c_limit,w_300,q_auto/igashop/images/634273"
Schick Silk 2 Disposable Razor 5 Pack,$4.50,$0.90 each,https://www.igashop.com.au/static/default-product-image.png
Community Co Peanut Butter Smooth 500g,$3.40,$0.68/100g,"https://cdn.metcash.media/image/upload/f_auto,c_limit,w_300,q_auto/igashop/images/1800000068279"
Robert Timms Coffee Bags Caramel 24 Pack,$10.00,$0.42 each,"https://cdn.metcash.media/image/upload/f_auto,c_limit,w_300,q_auto/igashop/images/236627"
Earthwise Orange & Eucalyptus 2kg,$10.00,$5.00/kg,"https://cdn.metcash.media/image/upload/f_auto,c_limit,w_300,q_auto/igashop/images/1800000067543"
Sanpellegrino Sparkling Mineral Water 1L Plastic Bottles 12 Pack,$39.00,$3.25 each,"https://cdn.metcash.media/image/upload/f_auto,c_limit,w_300,q_auto/igashop/images/160000003081"
Greenies Original Regular Dental Dog Treat 6 Pack,$19.00,$3.17 each,"https://cdn.metcash.media/image/upload/f_auto,c_limit,w_300,q_auto/igashop/images/945470"
Sunbeam Raw Cashew Nuts 150g,$6.65,$4.43/100g,"https://cdn.metcash.media/image/upload/f_auto,c_limit,w_300,q_auto/igashop/images/458318"
Jack Hammer Jute String 55m,$4.00,N/A,https://www.igashop.com.au/static/default-product-image.png
Turkish Bread Rolls 520g,$5.15,$0.99/100g,"https://cdn.metcash.media/image/upload/f_auto,c_limit,w_300,q_auto/igashop/images/134359"
Hydralyte Effervescent Electrolyte Tablets Lemon Lime Flavoured 10 Pack,$7.00,$0.70 each,"https://cdn.metcash.media/image/upload/f_auto,c_limit,w_300,q_auto/igashop/images/223276"
Wild One Apple Juice Organic 360mL,$5.95,$1.65/100mL,"https://cdn.metcash.media/image/upload/f_auto,c_limit,w_300,q_auto/igashop/images/20000005637"
Cadbury Furry Friends 100g,$4.30,$4.30/100g,"https://cdn.metcash.media/image/upload/f_auto,c_limit,w_300,q_auto/igashop/images/490187"
Ally Pink Salmon 210g,$6.30,$3.00/100g,"https://cdn.metcash.media/image/upload/f_auto,c_limit,w_300,q_auto/igashop/images/18794"
Bosisto's Eucalyptus Oil 50mL,$4.20,$8.40/100mL,"https://cdn.metcash.media/image/upload/f_auto,c_limit,w_300,q_auto/igashop/images/380921"
Scenic Rim 4 Real Full Cream Milk 1L,$3.50,$3.50/1L,"https://cdn.metcash.media/image/upload/f_auto,c_limit,w_300,q_auto/igashop/images/416874"
Philips Light Globe Led 13w 1400 Lumen Cool Edison Screw,$10.00,N/A,"https://cdn.metcash.media/image/upload/f_auto,c_limit,w_300,q_auto/igashop/images/20000000487"
Cold Power Advanced Clean Clean & Smooth Washing Liquid Laundry Detergent 900mL,$10.00,$1.11/100mL,"https://cdn.metcash.media/image/upload/f_auto,c_limit,w_300,q_auto/igashop/images/806590"
Prosciutto 1kg,Final cost based on weight,$50.00/$50.00,"https://cdn.metcash.media/image/upload/f_auto,c_limit,w_300,q_auto/igashop/images/80072100"
Edgell Black Beans 4 Pack,$3.80,$0.95 each,"https://cdn.metcash.media/image/upload/f_auto,c_limit,w_300,q_auto/igashop/images/969775"
Cottee's Jam Plum 375g,$3.50,$0.93/100g,"https://cdn.metcash.media/image/upload/f_auto,c_limit,w_300,q_auto/igashop/images/266680"
Spice & Co Sumac Ground 60g,$3.75,$6.25/100g,"https://cdn.metcash.media/image/upload/f_auto,c_limit,w_300,q_auto/igashop/images/190000002423"
Bulla Creamy Classics Ice Cream Vanilla 2L,$6.00,$3.00/1L,"https://cdn.metcash.media/image/upload/f_auto,c_limit,w_300,q_auto/igashop/images/168109"
Maggie Beer Fig & Fennel Paste 100g,$6.30,$6.30/100g,"https://cdn.metcash.media/image/upload/f_auto,c_limit,w_300,q_auto/igashop/images/160000013731"
Gotzinger Continental Franks 300g,$8.50,$2.83/100g,"https://cdn.metcash.media/image/upload/f_auto,c_limit,w_300,q_auto/igashop/images/875112"
DON Entertain Salami Hungarian Mild 80g,$4.00,$5.00/100g,https://www.igashop.com.au/static/default-product-image.png
Community Co Asian Salad Bowl 250g,$6.50,$2.60/100g,"https://cdn.metcash.media/image/upload/f_auto,c_limit,w_300,q_auto/igashop/images/421138"
A2 Milk Lactose Free Full Cream Milk 1L,$3.90,$3.90/1L,"https://cdn.metcash.media/image/upload/f_auto,c_limit,w_300,q_auto/igashop/images/87934"
Dari’s Lamb Medterranean Soup 550g,$7.40,$1.35/100g,"https://cdn.metcash.media/image/upload/f_auto,c_limit,w_300,q_auto/igashop/images/8576"
Brushed Potato Prepack 2kg,$5.50,N/A,"https://cdn.metcash.media/image/upload/f_auto,c_limit,w_300,q_auto/igashop/images/80050107"
Taylors Of Harrogate Yorkshire Tea 25 Pack,$3.00,$0.12 each,https://www.igashop.com.au/static/default-product-image.png
Energizer MAX D Alkaline Batteries 2 Pack,$10.85,$5.43 each,"https://cdn.metcash.media/image/upload/f_auto,c_limit,w_300,q_auto/igashop/images/292403"
Abe's Bagel Bakery Multigrain Bagels 360g,$4.49,$1.25/100g,"https://cdn.metcash.media/image/upload/f_auto,c_limit,w_300,q_auto/igashop/images/20000003958"
Schick Intuition Razor Blades Lemon Berry 6 Pack,$27.00,$4.50 each,"https://cdn.metcash.media/image/upload/f_auto,c_limit,w_300,q_auto/igashop/images/293365"
Cold Power Advanced Clean Cold Water Enzyme Liquid Laundry Detergent 4L,$19.50,$4.88/1L,"https://cdn.metcash.media/image/upload/f_auto,c_limit,w_300,q_auto/igashop/images/805251"
Lavazza Espresso Barista Intenso Coffee Beans 1kg,$42.00,$42.00/kg,"https://cdn.metcash.media/image/upload/f_auto,c_limit,w_300,q_auto/igashop/images/898372"
Naturopathica Fatblaster Weight Loss Shake Red Pouch Vanilla 465g,$28.00,$6.02/100g,https://www.igashop.com.au/static/default-product-image.png
Jack Hammer 4 Outlet Power Board,$10.65,N/A,"https://cdn.metcash.media/image/upload/f_auto,c_limit,w_300,q_auto/igashop/images/270689"
Zoetic Infusions Organic Chamomile 25 Pack,$4.95,$0.20 each,"https://cdn.metcash.media/image/upload/f_auto,c_limit,w_300,q_auto/igashop/images/160000012410"
Remedy Switchel Blood Orange Bottle 330mL,$2.50,$0.76/100mL,"https://cdn.metcash.media/image/upload/f_auto,c_limit,w_300,q_auto/igashop/images/6598"
OMO Laundry Capsules Ultimate Sensitive 28 Pack,$18.00,$0.64 each,"https://cdn.metcash.media/image/upload/f_auto,c_limit,w_300,q_auto/igashop/images/659061"
Youfoodz Nonna's Spaghetti Bolognese 300g,$10.95,$3.65/100g,"https://cdn.metcash.media/image/upload/f_auto,c_limit,w_300,q_auto/igashop/images/858217"
KB's Gyoza Prawn 750g,$18.75,$2.50/100g,"https://cdn.metcash.media/image/upload/f_auto,c_limit,w_300,q_auto/igashop/images/20000004958"
CCs Cornados Corn Chips Cheese & Bacon 110g,$5.00,$4.55/100g,"https://cdn.metcash.media/image/upload/f_auto,c_limit,w_300,q_auto/igashop/images/547523"
Moccona Sugar Free Cappuccino Sachets 10 Pack,$3.95,$0.40 each,"https://cdn.metcash.media/image/upload/f_auto,c_limit,w_300,q_auto/igashop/images/1800000067708"
Gillette Venus Extra Smooth Women's Razor Blade Refills 4 Pack,$28.55,$7.14 each,"https://cdn.metcash.media/image/upload/f_auto,c_limit,w_300,q_auto/igashop/images/160000006063"
Slape & Sons Italiano Supremo Sausages 480g,$9.50,$1.98/100g,"https://cdn.metcash.media/image/upload/f_auto,c_limit,w_300,q_auto/igashop/images/20000004969"
Diet Coca-Cola Soft Drink Multipack Mini Cans 6 Pack,$6.00,$1.00 each,"https://cdn.metcash.media/image/upload/f_auto,c_limit,w_300,q_auto/igashop/images/674493"
Kerrygold Butter Unsalted 250g,$6.50,$2.60/100g,"https://cdn.metcash.media/image/upload/f_auto,c_limit,w_300,q_auto/igashop/images/180000000360"
Gullón Sugar Free Vanilla Wafer Biscuits 180g,$5.00,$2.78/100g,"https://cdn.metcash.media/image/upload/f_auto,c_limit,w_300,q_auto/igashop/images/160000013094"
Nestle Trix Breakfast Cereal 510g,$8.80,$1.73/100g,"https://cdn.metcash.media/image/upload/f_auto,c_limit,w_300,q_auto/igashop/images/180000005900"
Decor Microsafe Oblong Containers 3 Pack,$17.00,$5.67 each,"https://cdn.metcash.media/image/upload/f_auto,c_limit,w_300,q_auto/igashop/images/869713"
Steggles Chicken Tenders Sweet Chilli 1kg,$13.50,$13.50/kg,"https://cdn.metcash.media/image/upload/f_auto,c_limit,w_300,q_auto/igashop/images/160000003327"
Norsca Australian Salt Bush And Coconut Anti-Perspirant Deodorant 130g,$8.50,$6.54/100g,https://www.igashop.com.au/static/default-product-image.png
Darrell Lea Dad's Pack 914g,$20.40,$2.23/100g,https://www.igashop.com.au/static/default-product-image.png
L'Oréal Paris Excellence Crème 7 Dark Blonde Hair Colour,$20.00,N/A,"https://cdn.metcash.media/image/upload/f_auto,c_limit,w_300,q_auto/igashop/images/966374"
Purina Total Care Flea Treatment Flea Knockdown Dog Medium/Large 3 Pack,$17.50,$5.83 each,"https://cdn.metcash.media/image/upload/f_auto,c_limit,w_300,q_auto/igashop/images/872232"
Baker's Oven Lamington Fingers 18 Pack,$4.30,$0.24 each,"https://cdn.metcash.media/image/upload/f_auto,c_limit,w_300,q_auto/igashop/images/926311"
Norco Pure Cream Milk 300mL,$3.90,$1.30/100mL,"https://cdn.metcash.media/image/upload/f_auto,c_limit,w_300,q_auto/igashop/images/8329"
i Pastai Braised Wagyu Beef Tortellone 350g,$10.20,$2.91/100g,"https://cdn.metcash.media/image/upload/f_auto,c_limit,w_300,q_auto/igashop/images/546462"
Don Salami Hungarian Mild Sliced 160g,$5.90,$3.69/100g,"https://cdn.metcash.media/image/upload/f_auto,c_limit,w_300,q_auto/igashop/images/195779"
Moccona Freeze Dried Instant Coffee French Style 200g,$23.60,$11.80/100g,"https://cdn.metcash.media/image/upload/f_auto,c_limit,w_300,q_auto/igashop/images/36797"
Oral-B Pro Health Fluoride Toothpaste Advanced Deep Clean Mint 110g,$6.00,$5.45/100g,"https://cdn.metcash.media/image/upload/f_auto,c_limit,w_300,q_auto/igashop/images/589041"
Purina Felix Adult Cat Treats Play Tubes Tuna & Crab 50g,$3.50,$7.00/100g,"https://cdn.metcash.media/image/upload/f_auto,c_limit,w_300,q_auto/igashop/images/578197"
Panadol Rapid Capsules 16 Pack,$5.10,$0.32 each,"https://cdn.metcash.media/image/upload/f_auto,c_limit,w_300,q_auto/igashop/images/700278"
VitaPet Fish Food Tropical Flake 36g,$9.50,$26.39/100g,"https://cdn.metcash.media/image/upload/f_auto,c_limit,w_300,q_auto/igashop/images/230671"
Goulburn Valley Fruit Salad in Juice 700g,$5.00,$0.71/100g,"https://cdn.metcash.media/image/upload/f_auto,c_limit,w_300,q_auto/igashop/images/391757"
Lynx Antiperspirant Aerosol Black Vanilla 150mL,$5.00,$3.33/100mL,"https://cdn.metcash.media/image/upload/f_auto,c_limit,w_300,q_auto/igashop/images/659579"
Sensodyne Toothpaste Daily Care + Whitening 100g,$5.80,$5.80/100g,"https://cdn.metcash.media/image/upload/f_auto,c_limit,w_300,q_auto/igashop/images/539371"
Glad to be Green 95% Recycled Kitchen Tidy Bags Medium 28 Pack,$4.75,$0.17 each,"https://cdn.metcash.media/image/upload/f_auto,c_limit,w_300,q_auto/igashop/images/160000011739"
ZoOSh Sundried Tomato & Onion Creamy Dreamy Dip 185g,$3.00,$1.62/100g,"https://cdn.metcash.media/image/upload/f_auto,c_limit,w_300,q_auto/igashop/images/178654"
Kimura Giant Ramune Original Flavour 410mL,$4.50,$1.10/100mL,"https://cdn.metcash.media/image/upload/f_auto,c_limit,w_300,q_auto/igashop/images/190000002228"
Community Co Coconut & Coffee Soap 2 Pack,$3.40,$1.70 each,"https://cdn.metcash.media/image/upload/f_auto,c_limit,w_300,q_auto/igashop/images/847287"
Wallaby Bread Improver 125g,$5.20,$4.16/100g,"https://cdn.metcash.media/image/upload/f_auto,c_limit,w_300,q_auto/igashop/images/35830"
Continental Pasta & Sauce Chicken Curry 80g,$2.25,$2.81/100g,https://www.igashop.com.au/static/default-product-image.png
Sistema Tritan Active Water Bottle,$7.00,N/A,"https://cdn.metcash.media/image/upload/f_auto,c_limit,w_300,q_auto/igashop/images/853136"
Patak's Mild & Creamy Butter Chicken Curry Kit 313g,$6.50,$2.08/100g,"https://cdn.metcash.media/image/upload/f_auto,c_limit,w_300,q_auto/igashop/images/160000000818"
Bickford's Cherry Juice 1L,$7.00,$7.00/1L,"https://cdn.metcash.media/image/upload/f_auto,c_limit,w_300,q_auto/igashop/images/160000012038"
Dettol Multipurpose Wipes Lemon Burst 110 Pack,$9.85,$0.09 each,"https://cdn.metcash.media/image/upload/f_auto,c_limit,w_300,q_auto/igashop/images/235613"
Cadbury Marshmallow Pascall Pineapple Lumps 150g,$6.00,$4.00/100g,"https://cdn.metcash.media/image/upload/f_auto,c_limit,w_300,q_auto/igashop/images/690211"
Peters Original Banana Split Ice Cream 2L,$5.50,$2.75/1L,"https://cdn.metcash.media/image/upload/f_auto,c_limit,w_300,q_auto/igashop/images/981196"
Monster Energy Drink Peach Cans 500mL,$4.45,$8.90/1L,"https://cdn.metcash.media/image/upload/f_auto,c_limit,w_300,q_auto/igashop/images/356537"
Lynx Lift Your Game Deodorant Bodyspray 165mL,$8.00,$4.85/100mL,"https://cdn.metcash.media/image/upload/f_auto,c_limit,w_300,q_auto/igashop/images/748501"
Old El Paso Fajita Spice Mix 40g,$3.00,$7.50/100g,"https://cdn.metcash.media/image/upload/f_auto,c_limit,w_300,q_auto/igashop/images/47751"
Enzo's Ravioli Ragu Single 300g,$10.95,$3.65/100g,"https://cdn.metcash.media/image/upload/f_auto,c_limit,w_300,q_auto/igashop/images/190000000963"
Bref Spa Moments Harmony Rim Block Toilet Cleaner 100g,$5.50,$5.50/100g,"https://cdn.metcash.media/image/upload/f_auto,c_limit,w_300,q_auto/igashop/images/297149"
Goldenfry Yorkshire Pudding Mix 142g,$3.70,$2.61/100g,"https://cdn.metcash.media/image/upload/f_auto,c_limit,w_300,q_auto/igashop/images/739159"
Lindt Excellence Dark Chocolate With A Touch of Sea Salt 100g,$4.95,$4.95/100g,"https://cdn.metcash.media/image/upload/f_auto,c_limit,w_300,q_auto/igashop/images/160000000423"
Moccona Barista Reserve Long Black Intensity 10 Pack,$3.60,$0.36 each,"https://cdn.metcash.media/image/upload/f_auto,c_limit,w_300,q_auto/igashop/images/672467"
Dare Iced Coffee Espresso 750mL,$5.40,$0.72/100mL,"https://cdn.metcash.media/image/upload/f_auto,c_limit,w_300,q_auto/igashop/images/920001"
Philips LED Edison Screw Cool Daylight 9W,$7.20,N/A,"https://cdn.metcash.media/image/upload/f_auto,c_limit,w_300,q_auto/igashop/images/20000000483"
B Honey Australian Honey 300g,$6.65,$2.22/100g,"https://cdn.metcash.media/image/upload/f_auto,c_limit,w_300,q_auto/igashop/images/170000000662"
Maggi Apricot Chicken Recipe Base 35g,$1.85,$5.29/100g,"https://cdn.metcash.media/image/upload/f_auto,c_limit,w_300,q_auto/igashop/images/626657"
Epzen Relax Magnesian Bath Crystal 900g,$13.00,$1.44/100g,"https://cdn.metcash.media/image/upload/f_auto,c_limit,w_300,q_auto/igashop/images/89431"
Perfect Italiano Perfect Bakes Grated Cheese 150g,$4.00,$2.67/100g,"https://cdn.metcash.media/image/upload/f_auto,c_limit,w_300,q_auto/igashop/images/160000000856"
Multix Muffin Wraps 24 Pack,$4.50,$0.19 each,"https://cdn.metcash.media/image/upload/f_auto,c_limit,w_300,q_auto/igashop/images/10848"
Yates Pest Kill White Oil 400g,$12.45,$3.11/100g,"https://cdn.metcash.media/image/upload/f_auto,c_limit,w_300,q_auto/igashop/images/260980"
Norco Cappucino Plus 2L,$5.10,$2.55/1L,"https://cdn.metcash.media/image/upload/f_auto,c_limit,w_300,q_auto/igashop/images/20000001735"
McKenzie's Ground Cinnamon 40g,$2.65,$6.63/100g,"https://cdn.metcash.media/image/upload/f_auto,c_limit,w_300,q_auto/igashop/images/84672"
Nature's Own Dietary Supplements Collagen + Skin Support Tablets 20 Pack,$12.00,$0.60 each,"https://cdn.metcash.media/image/upload/f_auto,c_limit,w_300,q_auto/igashop/images/193340"
Lamb Forequarter Chops 600g,Final cost based on weight,$13.20/$22.00,"https://cdn.metcash.media/image/upload/f_auto,c_limit,w_300,q_auto/igashop/images/80080090"
Maxiblock SPF 50+ Spray 250mL,$17.10,$6.84/100mL,"https://cdn.metcash.media/image/upload/f_auto,c_limit,w_300,q_auto/igashop/images/238514"
Wrigley's 5 Gum Cool Mint Stick Sugarfree 32g,$2.50,$7.81/100g,"https://cdn.metcash.media/image/upload/f_auto,c_limit,w_300,q_auto/igashop/images/711347"
Praise Whole Egg Mayonnaise Whole Egg 670g,$7.00,$1.04/100g,"https://cdn.metcash.media/image/upload/f_auto,c_limit,w_300,q_auto/igashop/images/17395"
KR Castlemaine Slim Stix Mild 200g,$7.59,$3.80/100g,"https://cdn.metcash.media/image/upload/f_auto,c_limit,w_300,q_auto/igashop/images/20000003323"
Sorbent Toilet Tissue Hypoallergenic White 3-Ply 18 Pack,$9.80,$0.54 each,https://www.igashop.com.au/static/default-product-image.png
Streets Icy Treats Variety Pack 26 Pack,$25.60,$0.98 each,"https://cdn.metcash.media/image/upload/f_auto,c_limit,w_300,q_auto/igashop/images/939869"
Campbell's Condensed Soup Cream of Chicken 420g,$2.20,$0.52/100g,"https://cdn.metcash.media/image/upload/f_auto,c_limit,w_300,q_auto/igashop/images/15233"
Botanica By Air Wick Candle Vanilla & Himalayan Magnolia 205g,$15.00,$7.32/100g,"https://cdn.metcash.media/image/upload/f_auto,c_limit,w_300,q_auto/igashop/images/170169"
Batiste Tropical Dry Shampoo 200mL,$11.95,$5.98/100mL,"https://cdn.metcash.media/image/upload/f_auto,c_limit,w_300,q_auto/igashop/images/407508"
Community Co Canola Oil 750mL,$3.80,$0.51/100mL,"https://cdn.metcash.media/image/upload/f_auto,c_limit,w_300,q_auto/igashop/images/670892"
Huggies Ultra Dry Nappy Pants Girl Size 6 (15kg+) 48 Pack,$33.50,$0.70 each,"https://cdn.metcash.media/image/upload/f_auto,c_limit,w_300,q_auto/igashop/images/170000002409"
Masterfoods Tarragon Leaves 9g,$3.50,$38.89/100g,"https://cdn.metcash.media/image/upload/f_auto,c_limit,w_300,q_auto/igashop/images/180000005707"
Enzo's Vegan Spaghetti Bolognese 350g,$10.95,$3.13/100g,"https://cdn.metcash.media/image/upload/f_auto,c_limit,w_300,q_auto/igashop/images/190000000962"
Liddells Lactose Free Cream Cheese 250g,$6.30,$2.52/100g,"https://cdn.metcash.media/image/upload/f_auto,c_limit,w_300,q_auto/igashop/images/266915"
A2 Milk Full Cream 1L,$3.90,$3.90/1L,"https://cdn.metcash.media/image/upload/f_auto,c_limit,w_300,q_auto/igashop/images/882575"
Harpic White and Shine Lime Fresh Bleach Block 39g,$7.00,$17.95/100g,"https://cdn.metcash.media/image/upload/f_auto,c_limit,w_300,q_auto/igashop/images/675562"
Bakers Collection Christmas Star Biscuit 225g,$6.00,$2.67/100g,"https://cdn.metcash.media/image/upload/f_auto,c_limit,w_300,q_auto/igashop/images/180000002091"
Dine Nature's Collection Salmon With Sweet Potato And Spinach 85g,$1.75,$2.06/100g,https://www.igashop.com.au/static/default-product-image.png
Cadbury Christmas Classics 415g,$8.00,$1.93/100g,"https://cdn.metcash.media/image/upload/f_auto,c_limit,w_300,q_auto/igashop/images/180000005357"
Eveready Dolphin 6V Lantern Batteries,$20.80,N/A,"https://cdn.metcash.media/image/upload/f_auto,c_limit,w_300,q_auto/igashop/images/214950"
Leo Coco Belgian Hazelnut & Cocoa Spread 325g,$4.80,$1.48/100g,"https://cdn.metcash.media/image/upload/f_auto,c_limit,w_300,q_auto/igashop/images/1800000069643"
Old El Paso Family Taco Shell 202g,$6.00,$2.97/100g,"https://cdn.metcash.media/image/upload/f_auto,c_limit,w_300,q_auto/igashop/images/629040"
Queen Finest Single Origin Extract Madagascar 50mL,$8.00,$16.00/100mL,"https://cdn.metcash.media/image/upload/f_auto,c_limit,w_300,q_auto/igashop/images/188808"
DON Lunchbox Sticks 140g,$3.75,$2.68/100g,"https://cdn.metcash.media/image/upload/f_auto,c_limit,w_300,q_auto/igashop/images/20000006966"
Lipton Quality Black Tea Bags 25 Pack,$3.25,$0.13 each,"https://cdn.metcash.media/image/upload/f_auto,c_limit,w_300,q_auto/igashop/images/786826"
Finish Dishwasher Cleaner Liquid Original 250mL,$8.95,$3.58/100mL,"https://cdn.metcash.media/image/upload/f_auto,c_limit,w_300,q_auto/igashop/images/372601"
Busy Bees Vegan Anzac Biscuits 195g,$5.65,$2.90/100g,"https://cdn.metcash.media/image/upload/f_auto,c_limit,w_300,q_auto/igashop/images/160000012733"
Rana Ricotta & Spinach Ravioli 325g,$8.00,$2.46/100g,https://www.igashop.com.au/static/default-product-image.png
Cheeky Brothers Pizza Smoky Chunky Chorizo 505g,$9.70,$1.92/100g,https://www.igashop.com.au/static/default-product-image.png
Purina One Adult Nestle Purina Dry Urinary Tract Health Chicken 2.8kg,$32.00,$11.43/kg,"https://cdn.metcash.media/image/upload/f_auto,c_limit,w_300,q_auto/igashop/images/408601"
Cadbury Caramels 160g,$3.50,$2.19/100g,"https://cdn.metcash.media/image/upload/f_auto,c_limit,w_300,q_auto/igashop/images/10020510"
Pandaroo Thai Rice Noodles 200g,$2.10,$1.05/100g,"https://cdn.metcash.media/image/upload/f_auto,c_limit,w_300,q_auto/igashop/images/79203"
GAIA Baby Bath Sleeptime Wash 500mL,$17.00,$3.40/100mL,"https://cdn.metcash.media/image/upload/f_auto,c_limit,w_300,q_auto/igashop/images/228535"
Kirks Sugar Free Creaming Soda Can Soft Drink 375mL,$2.00,$0.53/100mL,"https://cdn.metcash.media/image/upload/f_auto,c_limit,w_300,q_auto/igashop/images/180000000306"
Pepsi Max No Sugar Vanilla Soda Cans 10 Pack,$19.00,$1.90 each,"https://cdn.metcash.media/image/upload/f_auto,c_limit,w_300,q_auto/igashop/images/766871"
Lo Bros Not Soda Pink Grapefruit 375mL,$3.70,$0.99/100mL,"https://cdn.metcash.media/image/upload/f_auto,c_limit,w_300,q_auto/igashop/images/20000007181"
Spice & Co Ground Chillies 60g,$3.75,$6.25/100g,"https://cdn.metcash.media/image/upload/f_auto,c_limit,w_300,q_auto/igashop/images/190000002386"
Harvest Snaps Pea Crisps Mixed Multipack 15 Pack,$7.50,$0.50 each,"https://cdn.metcash.media/image/upload/f_auto,c_limit,w_300,q_auto/igashop/images/695339"
Pop Tops Apple 6 Pack,$5.90,$0.98 each,"https://cdn.metcash.media/image/upload/f_auto,c_limit,w_300,q_auto/igashop/images/642137"
Arnott's Tiny Teddy Biscuits Half Coated in Milk Chocolate 200g,$3.00,$1.50/100g,"https://cdn.metcash.media/image/upload/f_auto,c_limit,w_300,q_auto/igashop/images/308903"
Munchme Roasted Almond 120g,$5.50,$4.58/100g,"https://cdn.metcash.media/image/upload/f_auto,c_limit,w_300,q_auto/igashop/images/160000012482"
Primo Ham Double Smoked Boneless 800g,$23.00,$2.88/100g,"https://cdn.metcash.media/image/upload/f_auto,c_limit,w_300,q_auto/igashop/images/282301"
Palmolive Naturals Liquid Hand Wash Soap Aloe Vera & Chamomile 250mL,$2.50,$1.00/100mL,"https://cdn.metcash.media/image/upload/f_auto,c_limit,w_300,q_auto/igashop/images/436845"
Macquarie Valley Orange Mango Nectar 200mL,$2.05,$10.25/1L,"https://cdn.metcash.media/image/upload/f_auto,c_limit,w_300,q_auto/igashop/images/120732"
Aqua Pura Pure Water 1L,$2.05,$2.05/1L,"https://cdn.metcash.media/image/upload/f_auto,c_limit,w_300,q_auto/igashop/images/722102"
Rafferty's Garden Vanilla Custard 6+ Months 120g,$2.15,$1.79/100g,"https://cdn.metcash.media/image/upload/f_auto,c_limit,w_300,q_auto/igashop/images/345243"
Edgell Diced Capsicum 125g,$1.60,$1.28/100g,"https://cdn.metcash.media/image/upload/f_auto,c_limit,w_300,q_auto/igashop/images/477273"
Bluey Giant Hollow Moulded Foiled Chocolate Bluey Gift Box 125g,$4.00,$3.20/100g,"https://cdn.metcash.media/image/upload/f_auto,c_limit,w_300,q_auto/igashop/images/351309"
Greenies Original Teenie Dental Dog Treat 22 Pack,$19.00,$0.86 each,"https://cdn.metcash.media/image/upload/f_auto,c_limit,w_300,q_auto/igashop/images/945454"
Farmer Jo Honey Granola 400g,$14.50,$3.63/100g,"https://cdn.metcash.media/image/upload/f_auto,c_limit,w_300,q_auto/igashop/images/7999"
La Casa Del Formaggio Bambini Bocconcini 220g,$6.00,$2.73/100g,"https://cdn.metcash.media/image/upload/f_auto,c_limit,w_300,q_auto/igashop/images/180000000201"
Huggies Ultra Dry Nappies Girls Size 3 (6-11kg) 90 Pack,$39.00,$0.43 each,"https://cdn.metcash.media/image/upload/f_auto,c_limit,w_300,q_auto/igashop/images/343526"
Bulla Splits Raspberry 10 Pack,$5.00,$0.50 each,"https://cdn.metcash.media/image/upload/f_auto,c_limit,w_300,q_auto/igashop/images/150643"
MasterFoods Seafood Sauce Cocktail 260g,$3.80,$1.46/100g,"https://cdn.metcash.media/image/upload/f_auto,c_limit,w_300,q_auto/igashop/images/37219"
Undivided Food Co. Good Fat Mayo 280g,$15.00,$5.36/100g,"https://cdn.metcash.media/image/upload/f_auto,c_limit,w_300,q_auto/igashop/images/160000013657"
McKenzie's Pearl Barley 500g,$1.90,$0.38/100g,"https://cdn.metcash.media/image/upload/f_auto,c_limit,w_300,q_auto/igashop/images/354239"
Kyvalley Farms Full Cream Milk 2L,$21.95,$10.98/1L,"https://cdn.metcash.media/image/upload/f_auto,c_limit,w_300,q_auto/igashop/images/20000000935"
Marinated Eggplant 1kg,Final cost based on weight,$34.99/$34.99,"https://cdn.metcash.media/image/upload/f_auto,c_limit,w_300,q_auto/igashop/images/80072054"
The Happy Donut Co Donut Strawberry 4 Pack,$5.00,$1.25 each,"https://cdn.metcash.media/image/upload/f_auto,c_limit,w_300,q_auto/igashop/images/981340"
GF Precinct Buckwheat & Chia Wraps 260g,$10.95,$4.21/100g,"https://cdn.metcash.media/image/upload/f_auto,c_limit,w_300,q_auto/igashop/images/190000004660"
Nudie Diary Free Coconut Yoghurt Natural 500g,$7.00,$1.40/100g,"https://cdn.metcash.media/image/upload/f_auto,c_limit,w_300,q_auto/igashop/images/180000000095"
Sandhurst Pepper Cheese Filled 280g,$6.90,$2.46/100g,"https://cdn.metcash.media/image/upload/f_auto,c_limit,w_300,q_auto/igashop/images/907139"
Norco Pure Cream 600mL,$6.25,$1.04/100mL,"https://cdn.metcash.media/image/upload/f_auto,c_limit,w_300,q_auto/igashop/images/20000001456"
Orgran Corn & Veg Pasta Penne 350g,$6.50,$1.86/100g,"https://cdn.metcash.media/image/upload/f_auto,c_limit,w_300,q_auto/igashop/images/20000007204"
U By Kotex Sanitary Pads Super With Wings 14 Pack,$5.60,$0.40 each,"https://cdn.metcash.media/image/upload/f_auto,c_limit,w_300,q_auto/igashop/images/55474"
Masterfoods Avocado Smash Spice Blend 35g,$3.50,$10.00/100g,"https://cdn.metcash.media/image/upload/f_auto,c_limit,w_300,q_auto/igashop/images/180000005709"
Vitapet Shampoo Flea & Tic 250mL,$16.70,$6.68/100mL,https://www.igashop.com.au/static/default-product-image.png
Metamucil Daily Fibre Supplement Orange Granular 48 Pack,$24.50,$0.51 each,"https://cdn.metcash.media/image/upload/f_auto,c_limit,w_300,q_auto/igashop/images/988203"
Black & Gold Australian Canola Oil 2L,$6.30,$3.15/1L,"https://cdn.metcash.media/image/upload/f_auto,c_limit,w_300,q_auto/igashop/images/447812"
Energizer Lithium Ultimate AAA Batteries 4 Pack,$18.40,$4.60 each,"https://cdn.metcash.media/image/upload/f_auto,c_limit,w_300,q_auto/igashop/images/213603"
T2 Sleep Tight Loose Leaf 50g,$17.50,$35.00/100g,"https://cdn.metcash.media/image/upload/f_auto,c_limit,w_300,q_auto/igashop/images/160000014328"
Cadbury Dairy Milk Breakaway Iced Coffee 180g,$8.00,$4.44/100g,"https://cdn.metcash.media/image/upload/f_auto,c_limit,w_300,q_auto/igashop/images/338335"
ZoOSh Smoked Salmon & Dill Creamy Dreamy Dip 185g,$3.55,$1.92/100g,"https://cdn.metcash.media/image/upload/f_auto,c_limit,w_300,q_auto/igashop/images/164228"
McKenzie's Yellow Split Peas 500g,$1.90,$0.38/100g,"https://cdn.metcash.media/image/upload/f_auto,c_limit,w_300,q_auto/igashop/images/43618"
Kooee! Snack Sticks Organic Beef & Sea Salt 25g,$3.45,$13.80/100g,"https://cdn.metcash.media/image/upload/f_auto,c_limit,w_300,q_auto/igashop/images/391540"
Medix Eucalyptus Oil Solution 200mL,$7.15,$3.58/100mL,"https://cdn.metcash.media/image/upload/f_auto,c_limit,w_300,q_auto/igashop/images/160000013355"
Grannys Muffins Mixed 8 Pack,$7.50,$0.94 each,"https://cdn.metcash.media/image/upload/f_auto,c_limit,w_300,q_auto/igashop/images/663667"
Smith's Crackers Sour Cream And Onion 160g,$4.00,$2.50/100g,"https://cdn.metcash.media/image/upload/f_auto,c_limit,w_300,q_auto/igashop/images/1800000068066"
Minor Figures Nitro Latte 200mL,$4.70,$2.35/100mL,"https://cdn.metcash.media/image/upload/f_auto,c_limit,w_300,q_auto/igashop/images/160000013875"
The Natural Chip Co. Potato Chips Lightly Salted 114g,$4.50,$3.95/100g,"https://cdn.metcash.media/image/upload/f_auto,c_limit,w_300,q_auto/igashop/images/558058"
Uncle Tobys Plus Antioxidants 435g,$5.50,$1.26/100g,"https://cdn.metcash.media/image/upload/f_auto,c_limit,w_300,q_auto/igashop/images/776151"
Heinz Cups Free Flow,$7.15,N/A,"https://cdn.metcash.media/image/upload/f_auto,c_limit,w_300,q_auto/igashop/images/736541"
Purina Fancy Feast Adult Pet Food Grilled Tuna 85g,$1.45,$1.71/100g,"https://cdn.metcash.media/image/upload/f_auto,c_limit,w_300,q_auto/igashop/images/577984"
BIC Pencil Evolution With Eraser 4 Pack,$1.90,$0.48 each,"https://cdn.metcash.media/image/upload/f_auto,c_limit,w_300,q_auto/igashop/images/911599"
Oreo Ice Cream Cone 4 Pack,$11.50,$2.88 each,"https://cdn.metcash.media/image/upload/f_auto,c_limit,w_300,q_auto/igashop/images/458795"
Head & Shoulders Oil Control with Lemon Extract 2 in 1 Shampoo and Conditioner 350mL,$15.00,$4.29/100mL,"https://cdn.metcash.media/image/upload/f_auto,c_limit,w_300,q_auto/igashop/images/160000011011"
Bun Plus Sweet Bun Buttermilk 75g,$4.30,$5.73/100g,https://www.igashop.com.au/static/default-product-image.png
Kirks Club Soda Water Bottle 1.25L,$2.85,$2.28/1L,"https://cdn.metcash.media/image/upload/f_auto,c_limit,w_300,q_auto/igashop/images/307606"
PureHarvest Organic Oat Milk 1L,$3.00,$3.00/1L,"https://cdn.metcash.media/image/upload/f_auto,c_limit,w_300,q_auto/igashop/images/902977"
Carefree Organic Tampon Super 16 Pack,$3.25,$0.20 each,https://www.igashop.com.au/static/default-product-image.png
Community Co Microwave Long Grain Rice 250g,$1.80,$0.72/100g,"https://cdn.metcash.media/image/upload/f_auto,c_limit,w_300,q_auto/igashop/images/936573"
Glick's Bread Rye Traditional 900g,$5.00,$0.56/100g,"https://cdn.metcash.media/image/upload/f_auto,c_limit,w_300,q_auto/igashop/images/20000003540"
In A Biskit Drumstix 160g,$2.50,$1.56/100g,"https://cdn.metcash.media/image/upload/f_auto,c_limit,w_300,q_auto/igashop/images/190000004685"
Bubs Australia Organic Pear and Grape Puree 120g,$2.60,$2.17/100g,"https://cdn.metcash.media/image/upload/f_auto,c_limit,w_300,q_auto/igashop/images/20000005343"
Rafferty's Garden Little Smoothies Coconut Cacao No Added Sugar 120g,$2.50,$2.08/100g,"https://cdn.metcash.media/image/upload/f_auto,c_limit,w_300,q_auto/igashop/images/288695"
Morning Fresh Advanced Fast Dry White Tea Dishwashing Liquid 650mL,$8.64,$1.33/100mL,"https://cdn.metcash.media/image/upload/f_auto,c_limit,w_300,q_auto/igashop/images/190000002347"
Mr Chen's Easy Snack Vegetable Gyoza 150g,$4.75,$3.17/100g,"https://cdn.metcash.media/image/upload/f_auto,c_limit,w_300,q_auto/igashop/images/681628"
Pearl River Light Soy Sauce 150mL,$1.75,$1.17/100mL,"https://cdn.metcash.media/image/upload/f_auto,c_limit,w_300,q_auto/igashop/images/20000005383"
Dairy Farmers Classic Vanilla Slice Bottle 500mL,$2.90,$5.80/1L,https://www.igashop.com.au/static/default-product-image.png
Pace Farm Free Range Eggs 600g,$9.95,$1.66/100g,"https://cdn.metcash.media/image/upload/f_auto,c_limit,w_300,q_auto/igashop/images/9282230"
Dettol Disinfectant Wipes Fresh 150 Pack,$20.00,$0.13 each,"https://cdn.metcash.media/image/upload/f_auto,c_limit,w_300,q_auto/igashop/images/645724"
The Australian Friday,$4.50,N/A,https://www.igashop.com.au/static/default-product-image.png
Connoisseur Ice Cream Caramel Honey Macadamia 1L,$9.00,$9.00/1L,"https://cdn.metcash.media/image/upload/f_auto,c_limit,w_300,q_auto/igashop/images/115677"
BIC Black Clic Pen 3 Pack,$3.80,$1.27 each,"https://cdn.metcash.media/image/upload/f_auto,c_limit,w_300,q_auto/igashop/images/632844"
Spice & Co Mild Butter Chicken Curry 45g,$3.75,$8.33/100g,"https://cdn.metcash.media/image/upload/f_auto,c_limit,w_300,q_auto/igashop/images/190000002431"
Nature's Gift Sustain Beef Dry Dog Food 2.5kg,$14.95,$5.98/kg,"https://cdn.metcash.media/image/upload/f_auto,c_limit,w_300,q_auto/igashop/images/868458"
NIVEA Soft Moisturising Cream 200mL,$11.50,$5.75/100mL,"https://cdn.metcash.media/image/upload/f_auto,c_limit,w_300,q_auto/igashop/images/893712"
Haagen-Dazs Strawberries & Cream Ice Cream 457mL,$7.95,$1.74/100mL,"https://cdn.metcash.media/image/upload/f_auto,c_limit,w_300,q_auto/igashop/images/650486"
LifeStyles Party Mix Condoms 10 Pack,$7.50,$0.75 each,"https://cdn.metcash.media/image/upload/f_auto,c_limit,w_300,q_auto/igashop/images/160000002364"
Peters Drumstick Plant Based Classic Vanilla Cones 4 Pack,$4.75,$1.19 each,"https://cdn.metcash.media/image/upload/f_auto,c_limit,w_300,q_auto/igashop/images/487613"
Clairol Nice N Easy Natural Medium Ash Blonde 8A,$9.00,N/A,"https://cdn.metcash.media/image/upload/f_auto,c_limit,w_300,q_auto/igashop/images/34758"
Dove Deodorant Aerosol Peach & Lemon Verbena Zero Aluminium 200mL,$8.50,$4.25/100mL,"https://cdn.metcash.media/image/upload/f_auto,c_limit,w_300,q_auto/igashop/images/160000011622"
Roundup Garden Weed Killer Fast Action 1L,$23.00,$23.00/1L,"https://cdn.metcash.media/image/upload/f_auto,c_limit,w_300,q_auto/igashop/images/299028"
I&J Fish Fillets Original Crumb 1kg,$15.00,$15.00/kg,"https://cdn.metcash.media/image/upload/f_auto,c_limit,w_300,q_auto/igashop/images/970425"
Prima Apple & Raspberry Fruit Drink 6 Pack,$5.80,$0.97 each,"https://cdn.metcash.media/image/upload/f_auto,c_limit,w_300,q_auto/igashop/images/190000004742"
Arnott's Shapes Cracker Biscuits Vegemite & Cheese 165g,$4.00,$2.42/100g,"https://cdn.metcash.media/image/upload/f_auto,c_limit,w_300,q_auto/igashop/images/67934"
Pedigree Dentastix Medium Dental Dog Treat 7 Pack,$7.00,$1.00 each,"https://cdn.metcash.media/image/upload/f_auto,c_limit,w_300,q_auto/igashop/images/71027"
Aurora Bacio Gelato 2L,$16.99,$8.50/1L,"https://cdn.metcash.media/image/upload/f_auto,c_limit,w_300,q_auto/igashop/images/190000004270"
Nice & Natural Bars Thins Rocky Road 120g,$5.50,$4.58/100g,"https://cdn.metcash.media/image/upload/f_auto,c_limit,w_300,q_auto/igashop/images/594295"
Kikkoman Soy Sauce 600mL,$7.90,$1.32/100mL,"https://cdn.metcash.media/image/upload/f_auto,c_limit,w_300,q_auto/igashop/images/37853"
Hippo Closet Container Moisture Absorber Small Spaces 300g,$7.50,$2.50/100g,"https://cdn.metcash.media/image/upload/f_auto,c_limit,w_300,q_auto/igashop/images/487781"
Schick Hydro Silk Razor Kit 2,$12.25,N/A,"https://cdn.metcash.media/image/upload/f_auto,c_limit,w_300,q_auto/igashop/images/361778"
Peters Maxibon Vanilla Slice 4 Pack,$7.90,$1.98 each,"https://cdn.metcash.media/image/upload/f_auto,c_limit,w_300,q_auto/igashop/images/180000005730"
Panadol Rapid For Pain Relief Paracetamol 500mg 20 Pack,$6.50,$0.33 each,"https://cdn.metcash.media/image/upload/f_auto,c_limit,w_300,q_auto/igashop/images/937736"
MasterFoods Herbs and Spices Oregano Leaves 18g,$6.50,$36.11/100g,"https://cdn.metcash.media/image/upload/f_auto,c_limit,w_300,q_auto/igashop/images/160000010916"
Fyna 2 Metres Of Licorice 240g,$5.95,$2.48/100g,"https://cdn.metcash.media/image/upload/f_auto,c_limit,w_300,q_auto/igashop/images/190000004343"
Mainland Organic Spreadable Salted Butter 250g,$7.50,$3.00/100g,"https://cdn.metcash.media/image/upload/f_auto,c_limit,w_300,q_auto/igashop/images/425917"
Gillette Venus Simply 3 Sensitive Women's Disposable Razors 4 Pack,$9.00,$2.25 each,"https://cdn.metcash.media/image/upload/f_auto,c_limit,w_300,q_auto/igashop/images/55377"
Candy Market Raspberries 200g,$2.50,$1.25/100g,"https://cdn.metcash.media/image/upload/f_auto,c_limit,w_300,q_auto/igashop/images/931277"
Napro Palette Hair Colour 1-0 Black,$9.50,N/A,"https://cdn.metcash.media/image/upload/f_auto,c_limit,w_300,q_auto/igashop/images/602145"
Allen's Freckles 120g,$3.05,$2.54/100g,"https://cdn.metcash.media/image/upload/f_auto,c_limit,w_300,q_auto/igashop/images/20000005777"
Community Co Mexican Shredded Cheese 250g,$5.50,$2.20/100g,"https://cdn.metcash.media/image/upload/f_auto,c_limit,w_300,q_auto/igashop/images/190000010649"
Cheesecake Shop Dessert Cup Strawberry 140g,$4.50,$3.21/100g,"https://cdn.metcash.media/image/upload/f_auto,c_limit,w_300,q_auto/igashop/images/20000003235"
Arnott's Salada Crackers Sourdough 250g,$3.00,$1.20/100g,"https://cdn.metcash.media/image/upload/f_auto,c_limit,w_300,q_auto/igashop/images/409233"
Country Delight Father's Day Choc Mud Cake 500g,$8.65,$1.73/100g,"https://cdn.metcash.media/image/upload/f_auto,c_limit,w_300,q_auto/igashop/images/180156"
Natures Organics Spa Energising Mens Aqua Fresh Shower Gel 400mL,$3.10,$0.78/100mL,"https://cdn.metcash.media/image/upload/f_auto,c_limit,w_300,q_auto/igashop/images/82353"
H2jUICE Pink Guava 1.25L,$5.00,$4.00/1L,"https://cdn.metcash.media/image/upload/f_auto,c_limit,w_300,q_auto/igashop/images/437286"
Oso Resealable Large Storage Bags 15 Pack,$2.30,$0.15 each,"https://cdn.metcash.media/image/upload/f_auto,c_limit,w_300,q_auto/igashop/images/160000001901"
Garnier BB Cream SPF50 Even Tone Med 50mL,$17.00,$34.00/100mL,"https://cdn.metcash.media/image/upload/f_auto,c_limit,w_300,q_auto/igashop/images/678895"
Impulse Women Body Spray Aerosol Deodorant Merely Musk 75mL,$6.00,$8.00/100mL,"https://cdn.metcash.media/image/upload/f_auto,c_limit,w_300,q_auto/igashop/images/139901"
Raguletto Red Wine & Garlic Sauce 500g,$2.70,$0.54/100g,"https://cdn.metcash.media/image/upload/f_auto,c_limit,w_300,q_auto/igashop/images/180000002347"
MasterFoods Chicken Casserole Slow Cook Recipe Base 175g,$2.70,$1.54/100g,"https://cdn.metcash.media/image/upload/f_auto,c_limit,w_300,q_auto/igashop/images/74538"
McCain Air Fryer Chips Skin On 750g,$5.50,$0.73/100g,https://www.igashop.com.au/static/default-product-image.png
Neutrogena Deep Clean Invigorating Foam Scrub 150g,$18.00,$12.00/100g,https://www.igashop.com.au/static/default-product-image.png
Dari's Hearty Vegetable Soup 550g,$7.50,$1.36/100g,"https://cdn.metcash.media/image/upload/f_auto,c_limit,w_300,q_auto/igashop/images/150000008181"
Black Swan Salsa Corn 225g,$6.00,$2.67/100g,"https://cdn.metcash.media/image/upload/f_auto,c_limit,w_300,q_auto/igashop/images/20000005005"
DON Footy Frankfurts Skinless 600g,$7.00,$1.17/100g,"https://cdn.metcash.media/image/upload/f_auto,c_limit,w_300,q_auto/igashop/images/273467"
Magnum Ice Cream Dessert Stick Peppermint Frozen,$5.55,N/A,"https://cdn.metcash.media/image/upload/f_auto,c_limit,w_300,q_auto/igashop/images/160000000337"
Colgate Cavity Protection Cool Mint Fluoride Toothpaste 175g,$3.40,$1.94/100g,"https://cdn.metcash.media/image/upload/f_auto,c_limit,w_300,q_auto/igashop/images/61331"
Nature's Gift Adult All Breeds Wet Dog Food Strips Chicken With Carrots & Peas 6 Pack,$7.50,$1.25 each,"https://cdn.metcash.media/image/upload/f_auto,c_limit,w_300,q_auto/igashop/images/180000001130"
D'Orsogna Ham Leg Portion Honey 850g,$19.00,$2.24/100g,https://www.igashop.com.au/static/default-product-image.png
Black & Gold Tomato Paste 500g,$1.40,$0.28/100g,"https://cdn.metcash.media/image/upload/f_auto,c_limit,w_300,q_auto/igashop/images/322680"
Depend Real Fit Men's Night Defence Underwear 8 Pack,$15.50,$1.94 each,"https://cdn.metcash.media/image/upload/f_auto,c_limit,w_300,q_auto/igashop/images/160000011764"
Nestlé Smarties Chocolate Incredible Egg 200g,$18.35,$9.18/100g,"https://cdn.metcash.media/image/upload/f_auto,c_limit,w_300,q_auto/igashop/images/352753"
Fantastic Delites Honey Soy Chicken 100g,$2.80,$2.80/100g,"https://cdn.metcash.media/image/upload/f_auto,c_limit,w_300,q_auto/igashop/images/368021"
Banana Boat After Sun Aloe 250mL,$5.50,$2.20/100mL,"https://cdn.metcash.media/image/upload/f_auto,c_limit,w_300,q_auto/igashop/images/931099"
Slape & Sons Italian Casalinga 480g,$9.45,$1.97/100g,"https://cdn.metcash.media/image/upload/f_auto,c_limit,w_300,q_auto/igashop/images/150000007617"
Steggles Chicken Kebabs Teriyaki 400g,$8.40,$2.10/100g,"https://cdn.metcash.media/image/upload/f_auto,c_limit,w_300,q_auto/igashop/images/20000003407"
Lee Kum Kee Sauce Garlic Chilli 226g,$4.40,$1.95/100g,"https://cdn.metcash.media/image/upload/f_auto,c_limit,w_300,q_auto/igashop/images/190000001630"
Mortein Powergard Insecticides Control Bomb 3 Pack,$22.50,$7.50 each,"https://cdn.metcash.media/image/upload/f_auto,c_limit,w_300,q_auto/igashop/images/674508"
I&J Salmon Portion Skin Off 500g,$26.50,$5.30/100g,"https://cdn.metcash.media/image/upload/f_auto,c_limit,w_300,q_auto/igashop/images/190000002776"
Moccona Mixes Strong Cappuccino 10 Pack,$4.50,$0.45 each,"https://cdn.metcash.media/image/upload/f_auto,c_limit,w_300,q_auto/igashop/images/398335"
Karma Drinks Lemmy Lime Bitters 300mL,$3.95,$1.32/100mL,"https://cdn.metcash.media/image/upload/f_auto,c_limit,w_300,q_auto/igashop/images/190000005242"
Ajax Eco Bathroom Cleaner Spray Orange & Ginger 450mL,$5.00,$1.11/100mL,"https://cdn.metcash.media/image/upload/f_auto,c_limit,w_300,q_auto/igashop/images/812431"
Bundaberg Pineapple & Coconut Sparkling Drink 4 Pack,$6.30,$1.58 each,"https://cdn.metcash.media/image/upload/f_auto,c_limit,w_300,q_auto/igashop/images/388165"
Ayam Ginger Sweet Chilli Sauce 435mL,$5.30,$1.22/100mL,"https://cdn.metcash.media/image/upload/f_auto,c_limit,w_300,q_auto/igashop/images/160000012184"
Reese's Chocolate Wafer Sticks 42g,$1.50,$3.57/100g,"https://cdn.metcash.media/image/upload/f_auto,c_limit,w_300,q_auto/igashop/images/573891"
Dolmio Creamy Carbonara Pasta Sauce 490g,$4.60,$0.94/100g,"https://cdn.metcash.media/image/upload/f_auto,c_limit,w_300,q_auto/igashop/images/390125"
Blackmores Fish Oil 1000 Odourless Capsules 200 Pack,$20.00,$0.10 each,"https://cdn.metcash.media/image/upload/f_auto,c_limit,w_300,q_auto/igashop/images/160000011536"
John West Tuna In Olive Oil Blend 185g,$3.00,$1.62/100g,"https://cdn.metcash.media/image/upload/f_auto,c_limit,w_300,q_auto/igashop/images/25335"
Schick Quattro Titanium 3 Pack,$10.30,$3.43 each,"https://cdn.metcash.media/image/upload/f_auto,c_limit,w_300,q_auto/igashop/images/1357"
Yoplait Vanilla Yoghurt Multipack 6 Pack,$7.00,$1.17 each,"https://cdn.metcash.media/image/upload/f_auto,c_limit,w_300,q_auto/igashop/images/927972"
Sirena Tuna Zesty Vinaigette 95g,$2.95,$3.11/100g,https://www.igashop.com.au/static/default-product-image.png
Weight Watchers Classic Mushroom & Pumpkin Risotto 320g,$6.65,$2.08/100g,"https://cdn.metcash.media/image/upload/f_auto,c_limit,w_300,q_auto/igashop/images/891176"
Moki Sync & Charge USB Cable Cable,$10.00,N/A,"https://cdn.metcash.media/image/upload/f_auto,c_limit,w_300,q_auto/igashop/images/615981"
Jalna Pouch Of Purity Strawberry Yoghurt 100g,$1.95,$1.95/100g,"https://cdn.metcash.media/image/upload/f_auto,c_limit,w_300,q_auto/igashop/images/190000002792"
IXL Raspberry Jam 480g,$4.69,$0.98/100g,"https://cdn.metcash.media/image/upload/f_auto,c_limit,w_300,q_auto/igashop/images/705524"
Peters Summer Faves 24 Pack,$20.00,$0.83 each,"https://cdn.metcash.media/image/upload/f_auto,c_limit,w_300,q_auto/igashop/images/532905"
Coca-Cola Classic Soft Drink Bottle 1L,$5.05,$5.05/1L,"https://cdn.metcash.media/image/upload/f_auto,c_limit,w_300,q_auto/igashop/images/9300675001243_0"
Vittoria Espresso Ground Coffee 1kg,$42.00,$42.00/kg,"https://cdn.metcash.media/image/upload/f_auto,c_limit,w_300,q_auto/igashop/images/419306"
Kikkoman Gluten Free Sauce Sweet Chili Dipping 250g,$3.40,$1.36/100g,https://www.igashop.com.au/static/default-product-image.png
Black & Gold Surface Spray Low Irritant 250g,$3.50,$1.40/100g,"https://cdn.metcash.media/image/upload/f_auto,c_limit,w_300,q_auto/igashop/images/86569"
Remedy Kombucha Wild Berry 330mL,$2.50,$0.76/100mL,"https://cdn.metcash.media/image/upload/f_auto,c_limit,w_300,q_auto/igashop/images/180000000130"
McKenzie's ChickPeas 1kg,$3.70,$3.70/kg,"https://cdn.metcash.media/image/upload/f_auto,c_limit,w_300,q_auto/igashop/images/190000003793"
San Remo Spinach Fettuccine No 13 500g,$2.95,$0.59/100g,"https://cdn.metcash.media/image/upload/f_auto,c_limit,w_300,q_auto/igashop/images/30932"
Country Chef Meringue Kisses 100g,$7.15,$7.15/100g,"https://cdn.metcash.media/image/upload/f_auto,c_limit,w_300,q_auto/igashop/images/658523"
Jackhammer Mosquito Head Net,$5.25,N/A,https://www.igashop.com.au/static/default-product-image.png
Primo Maple Streaky Bacon Maple 175g,$5.70,$3.26/100g,"https://cdn.metcash.media/image/upload/f_auto,c_limit,w_300,q_auto/igashop/images/1800000069878"
Baby U Scented Nappy Bags 200 Pack,$5.70,$0.03 each,"https://cdn.metcash.media/image/upload/f_auto,c_limit,w_300,q_auto/igashop/images/951426"
V Blue Guarana Energy Drink 330mL,$3.50,$1.06/100mL,"https://cdn.metcash.media/image/upload/f_auto,c_limit,w_300,q_auto/igashop/images/894996"
Fantastic Rice Crackers Chicken 100g,$2.50,$2.50/100g,"https://cdn.metcash.media/image/upload/f_auto,c_limit,w_300,q_auto/igashop/images/11394"
Bulla Creamy Classics Cones Choc Caramel Peanut 4 Pack,$11.00,$2.75 each,"https://cdn.metcash.media/image/upload/f_auto,c_limit,w_300,q_auto/igashop/images/439539"
Prime Energy Drink Tropical Punch 355mL,$5.10,$14.37/1L,https://www.igashop.com.au/static/default-product-image.png
Cold Power Advanced Clean Lemon Liquid Laundry Detergent 2L,$24.00,$12.00/1L,"https://cdn.metcash.media/image/upload/f_auto,c_limit,w_300,q_auto/igashop/images/805277"
McCain Supreme Pizza Slices 600g,$7.70,$1.28/100g,"https://cdn.metcash.media/image/upload/f_auto,c_limit,w_300,q_auto/igashop/images/127569"
Du Jour Fully Baked Croissants 3 Pack,$3.85,$1.28 each,https://www.igashop.com.au/static/default-product-image.png
John West Tuna Springwater 95g,$19.00,$20.00/100g,"https://cdn.metcash.media/image/upload/f_auto,c_limit,w_300,q_auto/igashop/images/972833"
Doritos Corn Chips Cheese Supreme 45g,$1.50,$3.33/100g,"https://cdn.metcash.media/image/upload/f_auto,c_limit,w_300,q_auto/igashop/images/836833"
Vittoria Cappuccino Strong Coffee Sachets 8 Pack,$7.50,$0.94 each,"https://cdn.metcash.media/image/upload/f_auto,c_limit,w_300,q_auto/igashop/images/1800000068870"
Pure Life Sprouted Essene Supreme Bread 1.1kg,$12.50,$11.36/kg,"https://cdn.metcash.media/image/upload/f_auto,c_limit,w_300,q_auto/igashop/images/20000006299"
Codral Cold & Flu Tablets + Mucus Cough 20 Pack,$22.50,$1.13 each,"https://cdn.metcash.media/image/upload/f_auto,c_limit,w_300,q_auto/igashop/images/161827"
Dim Sum & Co Spring Rolls Vegetable 300g,$10.49,$3.50/100g,"https://cdn.metcash.media/image/upload/f_auto,c_limit,w_300,q_auto/igashop/images/353275"
Youfoodz Choc Chip Protein Cookie 60g,$3.65,$6.08/100g,"https://cdn.metcash.media/image/upload/f_auto,c_limit,w_300,q_auto/igashop/images/190000005186"
Anchor Salt Original Chip Chicken Salt 170g,$3.55,$2.09/100g,"https://cdn.metcash.media/image/upload/f_auto,c_limit,w_300,q_auto/igashop/images/99287"
Community Co Fruitcake Light 700g,$6.55,$0.94/100g,"https://cdn.metcash.media/image/upload/f_auto,c_limit,w_300,q_auto/igashop/images/457435"
Mogu Mogu Blackcurrant Drink with Nata de Coco 320mL,$2.40,$0.75/100mL,"https://cdn.metcash.media/image/upload/f_auto,c_limit,w_300,q_auto/igashop/images/160000018125"
Samboy Share Pack BBQ 175g,$4.00,$2.29/100g,"https://cdn.metcash.media/image/upload/f_auto,c_limit,w_300,q_auto/igashop/images/27138"
MasterFoods Lemon Herb & Garlic Seasoning 46g,$3.50,$7.61/100g,"https://cdn.metcash.media/image/upload/f_auto,c_limit,w_300,q_auto/igashop/images/229507"
Pace Farm Cage 800G Eggs 800g,$5.10,$0.64/100g,https://www.igashop.com.au/static/default-product-image.png
Dairy Farmers Thickened Cream 300mL,$3.65,$1.22/100mL,"https://cdn.metcash.media/image/upload/f_auto,c_limit,w_300,q_auto/igashop/images/102705"
Arnott's Sesame Cracker Wheat 250g,$4.50,$1.80/100g,"https://cdn.metcash.media/image/upload/f_auto,c_limit,w_300,q_auto/igashop/images/309103"
Ecostore Laundry Powder Lemon 1kg,$9.10,$9.10/kg,"https://cdn.metcash.media/image/upload/f_auto,c_limit,w_300,q_auto/igashop/images/54033"
Dynamo Professional Oxi Capsules 48 Pack,$30.00,$0.62 each,https://www.igashop.com.au/static/default-product-image.png
Mum's Favourites 100s And 1000s Biscuits 100g,$7.50,$7.50/100g,"https://cdn.metcash.media/image/upload/f_auto,c_limit,w_300,q_auto/igashop/images/20000005302"
Black & Gold Chocolate Flavoured Topping 600mL,$1.90,$0.32/100mL,"https://cdn.metcash.media/image/upload/f_auto,c_limit,w_300,q_auto/igashop/images/441861"
Beerenberg Raspberry Jam 300g,$6.15,$2.05/100g,"https://cdn.metcash.media/image/upload/f_auto,c_limit,w_300,q_auto/igashop/images/886888"
Frozen Sunshine Mango Ice Block 4 Pack,$13.50,$3.38 each,"https://cdn.metcash.media/image/upload/f_auto,c_limit,w_300,q_auto/igashop/images/20000005890"
Tru Blu Crush Passion 2L,$2.40,$1.20/1L,"https://cdn.metcash.media/image/upload/f_auto,c_limit,w_300,q_auto/igashop/images/386561"
MasterFoods Finely Chopped Onion 270g,$5.30,$1.96/100g,"https://cdn.metcash.media/image/upload/f_auto,c_limit,w_300,q_auto/igashop/images/1800000068678"
Cocobella Hydrate Raspberry 500mL,$3.40,$0.68/100mL,https://www.igashop.com.au/static/default-product-image.png
Advil Liquid Capsules 20 Pack,$5.00,$0.25 each,"https://cdn.metcash.media/image/upload/f_auto,c_limit,w_300,q_auto/igashop/images/_79350"
PI Fresh New York Cheesecake Slice 220g,$6.65,$3.02/100g,https://www.igashop.com.au/static/default-product-image.png
Summer Snow Juice Sparkling Pink Lady Apple Juice 330mL,$4.30,$1.30/100mL,"https://cdn.metcash.media/image/upload/f_auto,c_limit,w_300,q_auto/igashop/images/190000002016"
Kinder Mini Milk Chocolate Hazelnut Easter Eggs 100g,$8.00,$8.00/100g,"https://cdn.metcash.media/image/upload/f_auto,c_limit,w_300,q_auto/igashop/images/20000003833"
Cadbury Pineapple 46g,$1.20,$2.61/100g,"https://cdn.metcash.media/image/upload/f_auto,c_limit,w_300,q_auto/igashop/images/356252"
Nobby's Snack Mix 80g,$2.65,$3.31/100g,"https://cdn.metcash.media/image/upload/f_auto,c_limit,w_300,q_auto/igashop/images/630245"
Arnott's Shapes Fully Loaded Ultimate Cheese 130g,$4.00,$3.08/100g,"https://cdn.metcash.media/image/upload/f_auto,c_limit,w_300,q_auto/igashop/images/681458"
Community Co Organic Eggs 6 Pack 6 Pack,$6.00,$1.00 each,"https://cdn.metcash.media/image/upload/f_auto,c_limit,w_300,q_auto/igashop/images/490276"
Impressed Sunny Side Up Cold Pressed Juice 325mL,$3.60,$1.11/100mL,"https://cdn.metcash.media/image/upload/f_auto,c_limit,w_300,q_auto/igashop/images/190000002136"
On The Menu Cottage Pie 260g,$4.50,$1.73/100g,"https://cdn.metcash.media/image/upload/f_auto,c_limit,w_300,q_auto/igashop/images/324962"
Pico Organic Chocolate Original Milk 80g,$9.00,$11.25/100g,"https://cdn.metcash.media/image/upload/f_auto,c_limit,w_300,q_auto/igashop/images/30259914"
Ice Break OAK Mocha Flavoured Milk 500mL,$3.95,$0.79/100mL,"https://cdn.metcash.media/image/upload/f_auto,c_limit,w_300,q_auto/igashop/images/20000006106"
Community Co Fabric Softer Frangipani & Boronia 1L,$4.00,$4.00/1L,https://www.igashop.com.au/static/default-product-image.png
Cenovis Women's Multi + Energy Boost Capsules 50 Pack,$20.90,$0.42 each,"https://cdn.metcash.media/image/upload/f_auto,c_limit,w_300,q_auto/igashop/images/160000014911"
BabyLove Micellar Water Baby Wipes 240 Pack,$14.50,$0.06 each,"https://cdn.metcash.media/image/upload/f_auto,c_limit,w_300,q_auto/igashop/images/160000012795"
Red Bull Energy Drink Can 355mL,$3.90,$1.10/100mL,"https://cdn.metcash.media/image/upload/f_auto,c_limit,w_300,q_auto/igashop/images/150000000718"
Uncle Tobys Nutritious Snacks Protein Bar Double Chocolate 175g,$6.70,$3.83/100g,"https://cdn.metcash.media/image/upload/f_auto,c_limit,w_300,q_auto/igashop/images/263247"
Chris' Dips Sweet Potato & Cashew 200g,$5.00,$2.50/100g,"https://cdn.metcash.media/image/upload/f_auto,c_limit,w_300,q_auto/igashop/images/961159"
Nice Rice Sushi Rice 1kg,$5.40,$5.40/kg,https://www.igashop.com.au/static/default-product-image.png
Vittoria Black Valley Nespresso Compatible Coffee Capsules 10 Pack,$6.00,$0.60 each,"https://cdn.metcash.media/image/upload/f_auto,c_limit,w_300,q_auto/igashop/images/160000014189"
Nature's Gift Meal Time Loaf With Kangaroo Rice & Veg Wet Dog Food 700g,$2.10,$0.30/100g,"https://cdn.metcash.media/image/upload/f_auto,c_limit,w_300,q_auto/igashop/images/982079"
Moccona Freeze Dried Instant Coffee Classic Medium Roast 400g,$37.50,$9.38/100g,"https://cdn.metcash.media/image/upload/f_auto,c_limit,w_300,q_auto/igashop/images/351493"
Dine Pulled Menu Chicken 85g,$1.75,$2.06/100g,"https://cdn.metcash.media/image/upload/f_auto,c_limit,w_300,q_auto/igashop/images/525408"
Black & Gold Self Raising Flour 2kg,$2.50,$1.25/kg,"https://cdn.metcash.media/image/upload/f_auto,c_limit,w_300,q_auto/igashop/images/38485"
Weis Ice Confection Pineapple Lime & Coconut Bar 6 Pack,$9.50,$1.58 each,"https://cdn.metcash.media/image/upload/f_auto,c_limit,w_300,q_auto/igashop/images/161335"
Whole Cauliflower,$6.95,N/A,"https://cdn.metcash.media/image/upload/f_auto,c_limit,w_300,q_auto/igashop/images/80050025"
The Natural Confectionery Co. Rainbow Snakes Lollies 220g,$5.00,$2.27/100g,"https://cdn.metcash.media/image/upload/f_auto,c_limit,w_300,q_auto/igashop/images/716460"
Finish Dishwasher Rinse Aid 0% 400mL,$10.50,$2.63/100mL,"https://cdn.metcash.media/image/upload/f_auto,c_limit,w_300,q_auto/igashop/images/749748"
"Birds Eye Steam Fresh Carrot, Cauliflower and Broccoli Mix 450g",$3.60,$0.80/100g,"https://cdn.metcash.media/image/upload/f_auto,c_limit,w_300,q_auto/igashop/images/104090"
Korbond Number 9 Birthday Candle,$1.60,N/A,"https://cdn.metcash.media/image/upload/f_auto,c_limit,w_300,q_auto/igashop/images/266059"
Belladotti Seaweed & Soy Salad Topper 120g,$3.95,$3.29/100g,https://www.igashop.com.au/static/default-product-image.png
Orgran Quinoa Crispbread 125g,$4.00,$3.20/100g,"https://cdn.metcash.media/image/upload/f_auto,c_limit,w_300,q_auto/igashop/images/160000018044"
Bakery Du Jour Brioche Burger Buns 4 Pack,$3.60,$0.90 each,"https://cdn.metcash.media/image/upload/f_auto,c_limit,w_300,q_auto/igashop/images/883916"
BSc Body Science High Protein Bar Low Carb Salted Caramel 60g,$5.00,$8.33/100g,"https://cdn.metcash.media/image/upload/f_auto,c_limit,w_300,q_auto/igashop/images/270511"
Nutella Chocolate Hazelnut Spread Family Pack 1kg,$14.80,$14.80/kg,"https://cdn.metcash.media/image/upload/f_auto,c_limit,w_300,q_auto/igashop/images/361600"
Perfect Italiano Cheese Perfect Bakes Lactose Free Grated 150g,$4.00,$2.67/100g,https://www.igashop.com.au/static/default-product-image.png
Four Seasons Naked Closer Condoms 12 Pack,$6.30,$0.52 each,"https://cdn.metcash.media/image/upload/f_auto,c_limit,w_300,q_auto/igashop/images/626393"
NIVEA Soft Moisturising Cream 75mL,$3.90,$5.20/100mL,"https://cdn.metcash.media/image/upload/f_auto,c_limit,w_300,q_auto/igashop/images/305743"
Cheezels Cheese Box 125g,$2.80,$2.24/100g,"https://cdn.metcash.media/image/upload/f_auto,c_limit,w_300,q_auto/igashop/images/929830"
Huggies Baby Wipes Value Refill Cucumber & Aloe 400 Pack,$18.00,$0.05 each,"https://cdn.metcash.media/image/upload/f_auto,c_limit,w_300,q_auto/igashop/images/614192"
Starbucks House Blend Coffee Medium Capsules 36 Pack,$23.00,$0.64 each,"https://cdn.metcash.media/image/upload/f_auto,c_limit,w_300,q_auto/igashop/images/890942"
Double D Smart Sweets Fruits & Cream 50g,$2.65,$5.30/100g,https://www.igashop.com.au/static/default-product-image.png
White Wings Cookie Mix Soft Centred Choc Chip 485g,$7.15,$1.47/100g,"https://cdn.metcash.media/image/upload/f_auto,c_limit,w_300,q_auto/igashop/images/55908"
Always Fresh Cucumber Dill 680g,$4.60,$0.68/100g,"https://cdn.metcash.media/image/upload/f_auto,c_limit,w_300,q_auto/igashop/images/9680"
Vileda Cleaning Cloth All Purpose Cloth 6 Pack,$6.40,$1.07 each,"https://cdn.metcash.media/image/upload/f_auto,c_limit,w_300,q_auto/igashop/images/355272"
Sard Oils & Grime Stain Remover Soaker Powder 1kg,$11.00,$11.00/kg,"https://cdn.metcash.media/image/upload/f_auto,c_limit,w_300,q_auto/igashop/images/69915"
Connoisseur Ice Cream Belgian Chocolate 1L,$9.00,$9.00/1L,"https://cdn.metcash.media/image/upload/f_auto,c_limit,w_300,q_auto/igashop/images/143196"
Huggies Baby Wipes Fragrance Free 80 Wipes Per Pack 3 Pack,$14.00,$4.67 each,"https://cdn.metcash.media/image/upload/f_auto,c_limit,w_300,q_auto/igashop/images/889996"
Vannella Bocconcini Cherry 180g,$10.50,$5.83/100g,"https://cdn.metcash.media/image/upload/f_auto,c_limit,w_300,q_auto/igashop/images/160000017721"
Zafarelli No 3 Spaghetti 500g,$2.00,$0.40/100g,"https://cdn.metcash.media/image/upload/f_auto,c_limit,w_300,q_auto/igashop/images/331647"
Community Co BBQ Beef Meatballs 420g,$6.70,$1.60/100g,"https://cdn.metcash.media/image/upload/f_auto,c_limit,w_300,q_auto/igashop/images/190000010643"
Angas Park Apricots 200g,$10.60,$5.30/100g,"https://cdn.metcash.media/image/upload/f_auto,c_limit,w_300,q_auto/igashop/images/23008"
Fab Fresh Frangipani Laundry Powder Detergent 1kg,$6.50,$6.50/kg,"https://cdn.metcash.media/image/upload/f_auto,c_limit,w_300,q_auto/igashop/images/425386"
Bun Plus Sweet Bun Chocolate 75g,$4.30,$5.73/100g,https://www.igashop.com.au/static/default-product-image.png
Lay's Potato Chips Cucumber 150g,$5.10,$3.40/100g,https://www.igashop.com.au/static/default-product-image.png
Nuttelex Olive Plant-Based Butter Alternative 500g,$5.80,$1.16/100g,"https://cdn.metcash.media/image/upload/f_auto,c_limit,w_300,q_auto/igashop/images/110512"
Black & Gold Peas 1kg,$2.50,$2.50/kg,"https://cdn.metcash.media/image/upload/f_auto,c_limit,w_300,q_auto/igashop/images/121929"
Asahi Super Dry Zero Alcohol Beer 330mL,$15.25,$4.62/100mL,https://www.igashop.com.au/static/default-product-image.png
Schar Savoiardi Ladyfingers 200g,$16.50,$8.25/100g,https://www.igashop.com.au/static/default-product-image.png
My Berries Raspberries 800g,$24.95,$3.12/100g,"https://cdn.metcash.media/image/upload/f_auto,c_limit,w_300,q_auto/igashop/images/20000006490"
Bulla Splits Summer Variety 10 Pack,$5.00,$0.50 each,"https://cdn.metcash.media/image/upload/f_auto,c_limit,w_300,q_auto/igashop/images/160000018253"
Schwarzkopf Extra Care Normal Balance Nourishing Express Repair Conditioner 250mL,$7.00,$2.80/100mL,"https://cdn.metcash.media/image/upload/f_auto,c_limit,w_300,q_auto/igashop/images/160000010225"
Noah's Apple Guava Blackcurrant Smoothie 260mL,$5.00,$1.92/100mL,"https://cdn.metcash.media/image/upload/f_auto,c_limit,w_300,q_auto/igashop/images/20000003357"
L'Oréal Elvive Extraordinary Oil Midnight Serum 100mL,$23.00,$23.00/100mL,https://www.igashop.com.au/static/default-product-image.png
Babylove Beyond Nappies Size 4 38 Pack,$21.50,$0.57 each,"https://cdn.metcash.media/image/upload/f_auto,c_limit,w_300,q_auto/igashop/images/582523"
Carman's Protein Rich Porridge Almond Vanilla Cinnamon 270g,$7.50,$2.78/100g,"https://cdn.metcash.media/image/upload/f_auto,c_limit,w_300,q_auto/igashop/images/875837"
Gillette Venus Smooth Sensitive Women's Razor 2 Pack,$15.30,$7.65 each,"https://cdn.metcash.media/image/upload/f_auto,c_limit,w_300,q_auto/igashop/images/160000006072"
Fountain Sweet Chilli Sauce 250mL,$2.75,$1.10/100mL,"https://cdn.metcash.media/image/upload/f_auto,c_limit,w_300,q_auto/igashop/images/486701"
Rexona Clinical Antiperspirant Cream Ultimate Sport 45mL,$14.00,$31.11/100mL,https://www.igashop.com.au/static/default-product-image.png
Huggies Ultimate Baby Wipes Water Refill 72 Pack,$5.00,$0.07 each,"https://cdn.metcash.media/image/upload/f_auto,c_limit,w_300,q_auto/igashop/images/580791"
Cracker Barrel Extra Sharp Vintage Cheese Slices 250g,$7.00,$2.80/100g,"https://cdn.metcash.media/image/upload/f_auto,c_limit,w_300,q_auto/igashop/images/165892"
L'Oreal Paris Elvive Hyaluron Plump Shampoo 340mL,$11.00,$3.24/100mL,"https://cdn.metcash.media/image/upload/f_auto,c_limit,w_300,q_auto/igashop/images/1800000069990"
Doritos Minis Corn Chips Cheese Supreme 45g,$2.75,$6.11/100g,"https://cdn.metcash.media/image/upload/f_auto,c_limit,w_300,q_auto/igashop/images/1800000071409"
Cleaver's Organic Lamb Cutlets 250g,$20.25,$81.00/kg,"https://cdn.metcash.media/image/upload/f_auto,c_limit,w_300,q_auto/igashop/images/921007"
Duck Toilet Fresh Disc Citrus Refill 2 Pack,$9.00,$4.50 each,"https://cdn.metcash.media/image/upload/f_auto,c_limit,w_300,q_auto/igashop/images/300798"
Aveeno Baby Calming Comfort Bath Wash 236mL,$12.90,$5.47/100mL,"https://cdn.metcash.media/image/upload/f_auto,c_limit,w_300,q_auto/igashop/images/170000000576"
Aim Toothpaste Original 90g,$2.25,$2.50/100g,"https://cdn.metcash.media/image/upload/f_auto,c_limit,w_300,q_auto/igashop/images/422723"
Mentos Confectionery Discovery 37.5g,$1.25,$3.33/100g,"https://cdn.metcash.media/image/upload/f_auto,c_limit,w_300,q_auto/igashop/images/1800000071433"
Paddle Pop Ice Banana 70mL,$3.00,$4.29/100mL,"https://cdn.metcash.media/image/upload/f_auto,c_limit,w_300,q_auto/igashop/images/879682"
Glad Cling Wrap 60 Metres,$5.25,N/A,"https://cdn.metcash.media/image/upload/f_auto,c_limit,w_300,q_auto/igashop/images/49355"
Heritage Delight Meringue Nests 12 Pack,$7.95,$0.66 each,https://www.igashop.com.au/static/default-product-image.png
Red Rock Deli Classics Chargrilled Style Corn Relish Dip 190g,$4.40,$2.32/100g,"https://cdn.metcash.media/image/upload/f_auto,c_limit,w_300,q_auto/igashop/images/337981"
Odyssey Sea Face Washer 2 Pack,$5.70,$2.85 each,"https://cdn.metcash.media/image/upload/f_auto,c_limit,w_300,q_auto/igashop/images/358916"
KB Seafood Skin On Whiting Fillets 800g,$12.00,$1.50/100g,https://www.igashop.com.au/static/default-product-image.png
Nestle Milo High Protein Milk Modifiers Pro 440g,$12.00,$2.73/100g,"https://cdn.metcash.media/image/upload/f_auto,c_limit,w_300,q_auto/igashop/images/180000006300"
Maggi Soup Onion 32g,$2.70,$8.44/100g,"https://cdn.metcash.media/image/upload/f_auto,c_limit,w_300,q_auto/igashop/images/190000005215"
Schweppes Solo Thirst Crusher Original Lemon Can 375mL,$2.55,$0.68/100mL,"https://cdn.metcash.media/image/upload/f_auto,c_limit,w_300,q_auto/igashop/images/806359"
Nestlé Milo Breakfast Cereal 620g,$9.50,$1.53/100g,"https://cdn.metcash.media/image/upload/f_auto,c_limit,w_300,q_auto/igashop/images/301668"
Masterfoods Herbs And Spices Italian Herb 33g,$6.50,$19.70/100g,"https://cdn.metcash.media/image/upload/f_auto,c_limit,w_300,q_auto/igashop/images/180000005692"
Sustagen Vanilla Ready To Drink 3 Pack,$6.70,$2.23 each,"https://cdn.metcash.media/image/upload/f_auto,c_limit,w_300,q_auto/igashop/images/193308"
Cenovis Women's Multi capsules 50 Pack,$17.85,$0.36 each,"https://cdn.metcash.media/image/upload/f_auto,c_limit,w_300,q_auto/igashop/images/676678"
Praise Deli Style Balsamic & Roasted Garlic 250mL,$3.80,$1.52/100mL,"https://cdn.metcash.media/image/upload/f_auto,c_limit,w_300,q_auto/igashop/images/889983_2"
Wild Breads Fresh Plain Scones 500g,$6.10,$1.22/100g,https://www.igashop.com.au/static/default-product-image.png
McCain Healthy Choice Butter Chicken 300g,$4.45,$1.48/100g,"https://cdn.metcash.media/image/upload/f_auto,c_limit,w_300,q_auto/igashop/images/177404"
Mum's Favourites Smarties Biscuits 250g,$7.50,$3.00/100g,"https://cdn.metcash.media/image/upload/f_auto,c_limit,w_300,q_auto/igashop/images/20000005306"
Sunbites Grain Waves Sweet Chilli Wholegrain Chips 170g,$3.75,$2.21/100g,"https://cdn.metcash.media/image/upload/f_auto,c_limit,w_300,q_auto/igashop/images/777144"
Campbell's Beef Real Stock 250mL,$1.80,$0.72/100mL,"https://cdn.metcash.media/image/upload/f_auto,c_limit,w_300,q_auto/igashop/images/378709"
Cadbury Christmas White Chocolate Raspberry 144g,$5.00,$3.47/100g,"https://cdn.metcash.media/image/upload/f_auto,c_limit,w_300,q_auto/igashop/images/190000009708"
Trill Food Pellets Large Birds 600g,$10.00,$1.67/100g,"https://cdn.metcash.media/image/upload/f_auto,c_limit,w_300,q_auto/igashop/images/824501"
Nescafe Gold Green Blend Instant Coffee Jar 100g,$10.00,$10.00/100g,"https://cdn.metcash.media/image/upload/f_auto,c_limit,w_300,q_auto/igashop/images/190000000986"
Fussy Cat Grain Free Chicken With Tuna & Salmon Gravy Wet Cat Food 400g,$1.65,$0.41/100g,"https://cdn.metcash.media/image/upload/f_auto,c_limit,w_300,q_auto/igashop/images/180000002592"
Love'em Joint Care Beef Liver Cookies 250g,$6.10,$2.44/100g,"https://cdn.metcash.media/image/upload/f_auto,c_limit,w_300,q_auto/igashop/images/160000000439"
OurEco Clean Mould Oil Of Clove + Sweet Orange 500mL,$11.99,$2.40/100mL,"https://cdn.metcash.media/image/upload/f_auto,c_limit,w_300,q_auto/igashop/images/20000002092"
Eveready Gold AAA Batteries 4 Pack,$6.75,$1.69 each,"https://cdn.metcash.media/image/upload/f_auto,c_limit,w_300,q_auto/igashop/images/706648"
Kettle Multipack Sea Salt 5 Pack,$3.50,$0.70 each,"https://cdn.metcash.media/image/upload/f_auto,c_limit,w_300,q_auto/igashop/images/77900"
Angas Park Prunes Pitted Resealable 500g,$9.00,$1.80/100g,"https://cdn.metcash.media/image/upload/f_auto,c_limit,w_300,q_auto/igashop/images/643832"
Quilton Regular Toilet Tissue Classic White 3ply 2 Pack,$2.60,$1.30 each,"https://cdn.metcash.media/image/upload/f_auto,c_limit,w_300,q_auto/igashop/images/823979"
Glad Bake & Cooking Paper 25m,$6.00,N/A,"https://cdn.metcash.media/image/upload/f_auto,c_limit,w_300,q_auto/igashop/images/95178"
Cancer Council Everyday Sunscreen SPF 30 Pump 1L,$39.00,$39.00/1L,"https://cdn.metcash.media/image/upload/f_auto,c_limit,w_300,q_auto/igashop/images/338584"
Capilano Pail Honey 1kg,$14.00,$14.00/kg,"https://cdn.metcash.media/image/upload/f_auto,c_limit,w_300,q_auto/igashop/images/786096"
Nestle Baking Chocolate White Chocolate Baking Block 170g,$6.00,$3.53/100g,"https://cdn.metcash.media/image/upload/f_auto,c_limit,w_300,q_auto/igashop/images/1800000067741"
TRESemmé Keratin Smooth Shampoo 350mL,$9.00,$2.57/100mL,"https://cdn.metcash.media/image/upload/f_auto,c_limit,w_300,q_auto/igashop/images/431557"
TRESemmé Shampoo Deep Cleansing 900mL,$10.50,$1.17/100mL,"https://cdn.metcash.media/image/upload/f_auto,c_limit,w_300,q_auto/igashop/images/160000014531"
Up & Go Liquid Breakfast Banana 6 Pack,$13.00,$2.17 each,"https://cdn.metcash.media/image/upload/f_auto,c_limit,w_300,q_auto/igashop/images/78723_2"
Hob Gluten Free Passionfruit Biscuits 200g,$9.25,$4.63/100g,"https://cdn.metcash.media/image/upload/f_auto,c_limit,w_300,q_auto/igashop/images/8523"
Energizer Lithium 2025 Battery 4 Pack,$16.00,$4.00 each,"https://cdn.metcash.media/image/upload/f_auto,c_limit,w_300,q_auto/igashop/images/842740"
Kleenex Complete Clean Toilet Tissues 4 Pack,$3.60,$0.90 each,"https://cdn.metcash.media/image/upload/f_auto,c_limit,w_300,q_auto/igashop/images/949487"
My Muscle Chef Smokey BBQ Chicken With Creamy Broccoli 300g,$11.95,$3.98/100g,"https://cdn.metcash.media/image/upload/f_auto,c_limit,w_300,q_auto/igashop/images/249434"
Impressed Easy Greens Juice 1L,$5.50,$5.50/1L,"https://cdn.metcash.media/image/upload/f_auto,c_limit,w_300,q_auto/igashop/images/9301"
Mars Bar 47g,$1.50,$3.19/100g,"https://cdn.metcash.media/image/upload/f_auto,c_limit,w_300,q_auto/igashop/images/20000000184"
Canon Chicken Petite Nuggets 400g,$9.20,$2.30/100g,"https://cdn.metcash.media/image/upload/f_auto,c_limit,w_300,q_auto/igashop/images/833131"
Arnott's Tim Tam Deluxe Salted Caramel Brownie 175g,$3.25,$1.86/100g,"https://cdn.metcash.media/image/upload/f_auto,c_limit,w_300,q_auto/igashop/images/484380"
Coriander Herbs 50g,$4.00,$8.00/100g,https://www.igashop.com.au/static/default-product-image.png
Cadbury Dairy Milk Freddo Easter Adventure 25g,$2.20,$8.80/100g,"https://cdn.metcash.media/image/upload/f_auto,c_limit,w_300,q_auto/igashop/images/978863"
The Good Crisp Company Potato Crisps Original 160g,$3.95,$2.47/100g,"https://cdn.metcash.media/image/upload/f_auto,c_limit,w_300,q_auto/igashop/images/190000005027"
Finish 0% Dishwasher Tablets 22 Pack,$17.50,$0.80 each,"https://cdn.metcash.media/image/upload/f_auto,c_limit,w_300,q_auto/igashop/images/281020"
Scotch-Brite Non-Scratch Scrub Sponge 3 Pack,$5.00,$1.67 each,"https://cdn.metcash.media/image/upload/f_auto,c_limit,w_300,q_auto/igashop/images/20000006308"
Community Co Organic Apple Cider Vineger 500mL,$4.50,$0.90/100mL,"https://cdn.metcash.media/image/upload/f_auto,c_limit,w_300,q_auto/igashop/images/190000011712"
Red Bull Energy Drink Cans 8 Pack,$22.00,$2.75 each,"https://cdn.metcash.media/image/upload/f_auto,c_limit,w_300,q_auto/igashop/images/150000007902"
Queen Royal Imitation Flavouring Vanilla 300mL,$3.00,$1.00/100mL,"https://cdn.metcash.media/image/upload/f_auto,c_limit,w_300,q_auto/igashop/images/190000002357"
Optimum Dog Treats Salmon & Chia Discs 6 Pack,$7.50,$1.25 each,"https://cdn.metcash.media/image/upload/f_auto,c_limit,w_300,q_auto/igashop/images/211038_1"
Palmolive Naturals Liquid Hand Wash Soap Milk & Honey with Moisturising Milk Refill & Save 0% Parabens Recyclable 1L,$6.00,$6.00/1L,"https://cdn.metcash.media/image/upload/f_auto,c_limit,w_300,q_auto/igashop/images/321590"
Allen's Frogs Red 1.3kg,$22.10,$17.00/kg,"https://cdn.metcash.media/image/upload/f_auto,c_limit,w_300,q_auto/igashop/images/455394"
Fanta Orange Soft Drink Multipack Cans 10 Pack,$10.50,$1.05 each,"https://cdn.metcash.media/image/upload/f_auto,c_limit,w_300,q_auto/igashop/images/382321_1"
Lawson's Traditional Settler's Grain Extra Thick Sliced Bread 750g,$5.80,$0.77/100g,"https://cdn.metcash.media/image/upload/f_auto,c_limit,w_300,q_auto/igashop/images/842279"
San Remo Tomato Onion & Garlic Pasta Sauce 425g,$6.30,$1.48/100g,"https://cdn.metcash.media/image/upload/f_auto,c_limit,w_300,q_auto/igashop/images/20000003660"
Sara Lee Cheesecake Lemon 410g,$6.30,$1.54/100g,"https://cdn.metcash.media/image/upload/f_auto,c_limit,w_300,q_auto/igashop/images/1800000067836"
Smith's Potato Chips Sour Cream And Onion 105g,$2.75,$2.62/100g,https://www.igashop.com.au/static/default-product-image.png
V Guarana Energy Drink Original 4 Pack,$8.20,$2.05 each,"https://cdn.metcash.media/image/upload/f_auto,c_limit,w_300,q_auto/igashop/images/190000001921"
Nutrient Water Defence 575mL,$3.40,$0.59/100mL,"https://cdn.metcash.media/image/upload/f_auto,c_limit,w_300,q_auto/igashop/images/190000004178"
Cottee's Zero Sugar Lemon Crush Cordial 1L,$5.50,$5.50/1L,"https://cdn.metcash.media/image/upload/f_auto,c_limit,w_300,q_auto/igashop/images/623612"
King Oscar Sardines In Olive Oil 45g,$2.60,$5.78/100g,"https://cdn.metcash.media/image/upload/f_auto,c_limit,w_300,q_auto/igashop/images/20000000303"
Real Corn Thins Sour Cream & Chives 125g,$1.50,$1.20/100g,"https://cdn.metcash.media/image/upload/f_auto,c_limit,w_300,q_auto/igashop/images/376278"
Abbott's Bakery Country Grains Bread 800g,$5.20,$0.65/100g,"https://cdn.metcash.media/image/upload/f_auto,c_limit,w_300,q_auto/igashop/images/442626"
Community Co Kalamata Olives Sourdough Loaf 500g,$7.00,$1.40/100g,"https://cdn.metcash.media/image/upload/f_auto,c_limit,w_300,q_auto/igashop/images/180000000676"
Medix Paracetamol Caplets 20 Pack,$3.00,$0.15 each,"https://cdn.metcash.media/image/upload/f_auto,c_limit,w_300,q_auto/igashop/images/841155"
Youfoodz Fuel’d Chicken Katsu Curry 430g,$11.95,$2.78/100g,"https://cdn.metcash.media/image/upload/f_auto,c_limit,w_300,q_auto/igashop/images/150000007626"
Doritos Loadables Tortilla Chips Salt 255g,$4.00,$1.57/100g,"https://cdn.metcash.media/image/upload/f_auto,c_limit,w_300,q_auto/igashop/images/1800000068156"
Voost Calcium & Vitamin D Orange Tablets 10 Pack,$4.00,$0.40 each,"https://cdn.metcash.media/image/upload/f_auto,c_limit,w_300,q_auto/igashop/images/160000010388"
Birds Eye Steam Fresh Parsley & Citrus Sauce 380g,$11.00,$2.89/100g,"https://cdn.metcash.media/image/upload/f_auto,c_limit,w_300,q_auto/igashop/images/38540"
KB Seafood Basa Fillet Skinless 260g,$6.45,$2.48/100g,https://www.igashop.com.au/static/default-product-image.png
H2Coco Chocolate Coconut Water 1L,$4.00,$4.00/1L,"https://cdn.metcash.media/image/upload/f_auto,c_limit,w_300,q_auto/igashop/images/339108"
Cadbury Christmas Mix Gift Box 522g,$22.00,$4.21/100g,"https://cdn.metcash.media/image/upload/f_auto,c_limit,w_300,q_auto/igashop/images/526043"
Purina Fancy Feast Adult Pet Food Classic Ocean Whitefish 85g,$1.60,$1.88/100g,"https://cdn.metcash.media/image/upload/f_auto,c_limit,w_300,q_auto/igashop/images/580364"
Mirabella LED 11W Warm White GLS Bayonet Cap Globe,$4.10,N/A,"https://cdn.metcash.media/image/upload/f_auto,c_limit,w_300,q_auto/igashop/images/223349"
St Dalfour Red Raspberry Spread 284g,$6.20,$2.18/100g,"https://cdn.metcash.media/image/upload/f_auto,c_limit,w_300,q_auto/igashop/images/26666"
Johnson's Baby Bedtime Bath 200mL,$6.50,$3.25/100mL,"https://cdn.metcash.media/image/upload/f_auto,c_limit,w_300,q_auto/igashop/images/392847"
Cobram Estate Light Olive Oil Extra Virgin 750mL,$25.00,$3.33/100mL,"https://cdn.metcash.media/image/upload/f_auto,c_limit,w_300,q_auto/igashop/images/160000012142"
Gravox Liquid Pepercorn Finishing Sauce 165g,$3.50,$2.12/100g,"https://cdn.metcash.media/image/upload/f_auto,c_limit,w_300,q_auto/igashop/images/346451"
Fever-Tree Naturally Light Tonic Water 4 Pack,$10.50,$2.63 each,"https://cdn.metcash.media/image/upload/f_auto,c_limit,w_300,q_auto/igashop/images/190000006035"
Carman's Clusters Gourmet Cereal Cranberry Apple And Roasted Nut 450g,$8.50,$1.89/100g,"https://cdn.metcash.media/image/upload/f_auto,c_limit,w_300,q_auto/igashop/images/411141"
Huggies DryNites Night Time Pants for Girls 2-4 Years (13-20kg) 10 Pack,$11.00,$1.10 each,"https://cdn.metcash.media/image/upload/f_auto,c_limit,w_300,q_auto/igashop/images/581399"
TRESemmé Styling Hairspray Extra Hold Hairspray 360g,$7.00,$1.94/100g,"https://cdn.metcash.media/image/upload/f_auto,c_limit,w_300,q_auto/igashop/images/411269"
Trident Sriracha Green Chilli Sauce 480mL,$5.80,$1.21/100mL,"https://cdn.metcash.media/image/upload/f_auto,c_limit,w_300,q_auto/igashop/images/252660"
Cenovis Centrum Vitamin C 1000Mg Lemon Chewable 60 Pack,$2.95,$0.05 each,https://www.igashop.com.au/static/default-product-image.png
Mother Black Energy Drink 500mL,$3.30,$0.66/100mL,"https://cdn.metcash.media/image/upload/f_auto,c_limit,w_300,q_auto/igashop/images/789426"
Ferrero Rocher Boxed Chocolate Gift 375g,$32.00,$8.53/100g,"https://cdn.metcash.media/image/upload/f_auto,c_limit,w_300,q_auto/igashop/images/170000001206"
Streets Golden Gaytime Frozen Dessert Caramel Slice 4 Pack,$10.00,$2.50 each,https://www.igashop.com.au/static/default-product-image.png
Homestyle Bake Meal Sliced 700g,$4.00,$0.57/100g,https://www.igashop.com.au/static/default-product-image.png
Glen 20 Pure Disinfectant Mist Fresh Water 283g,$11.50,$4.06/100g,"https://cdn.metcash.media/image/upload/f_auto,c_limit,w_300,q_auto/igashop/images/160000011440"
Twinings Lemon & Ginger Tea Bags 10 Pack,$3.00,$0.30 each,"https://cdn.metcash.media/image/upload/f_auto,c_limit,w_300,q_auto/igashop/images/334239"
Colgate Advanced Whitening Toothpaste 115g,$6.50,$5.65/100g,"https://cdn.metcash.media/image/upload/f_auto,c_limit,w_300,q_auto/igashop/images/514847"
Maleny Dairies Milk Farmers Choice Gold 2L,$6.00,$3.00/1L,"https://cdn.metcash.media/image/upload/f_auto,c_limit,w_300,q_auto/igashop/images/190000003862"
Febreze with Ambi Pur Fabric Spray Blossom & Breeze 700g,$6.50,$0.93/100g,"https://cdn.metcash.media/image/upload/f_auto,c_limit,w_300,q_auto/igashop/images/170000004603"
Popcorners Popcorn Chips Cheddar Cheese 130g,$3.75,$2.88/100g,"https://cdn.metcash.media/image/upload/f_auto,c_limit,w_300,q_auto/igashop/images/690177"
Perfect Italiano Extra Strong Romano Cheese Block 200g,$7.50,$3.75/100g,"https://cdn.metcash.media/image/upload/f_auto,c_limit,w_300,q_auto/igashop/images/345811"
Kirks Dry Ginger Ale Can Soft Drink Multipack Bottles 10 Pack,$15.00,$1.50 each,"https://cdn.metcash.media/image/upload/f_auto,c_limit,w_300,q_auto/igashop/images/393005"
Decor Match Ups Clips Square 1.4L,$7.50,N/A,"https://cdn.metcash.media/image/upload/f_auto,c_limit,w_300,q_auto/igashop/images/946285"
Harpic Hygienic & Fresh Toilet Cleaner Sticker Marine 2 Pack,$3.50,$1.75 each,"https://cdn.metcash.media/image/upload/f_auto,c_limit,w_300,q_auto/igashop/images/630716"
Table of Plenty Mini Rice Cakes Chocolate 60g,$4.90,$8.17/100g,"https://cdn.metcash.media/image/upload/f_auto,c_limit,w_300,q_auto/igashop/images/160000017676"
Wokka Sauce Honey Sauce 175g,$3.50,$2.00/100g,"https://cdn.metcash.media/image/upload/f_auto,c_limit,w_300,q_auto/igashop/images/675541"
Heinz Baked Beanz Taco 300g,$2.90,$0.97/100g,"https://cdn.metcash.media/image/upload/f_auto,c_limit,w_300,q_auto/igashop/images/642988"
Colgate Toothbrush 360 Degrees Soft,$5.50,N/A,"https://cdn.metcash.media/image/upload/f_auto,c_limit,w_300,q_auto/igashop/images/3846"
Dine Saucy Morsels With Salmon Wet Cat Food Tray 85g,$1.60,$1.88/100g,"https://cdn.metcash.media/image/upload/f_auto,c_limit,w_300,q_auto/igashop/images/49740"
Sunbeam Sultanas 6 Pack,$3.75,$0.63 each,"https://cdn.metcash.media/image/upload/f_auto,c_limit,w_300,q_auto/igashop/images/46577"
Olay Moisturising Cream Sensitive Skin 100g,$17.00,$17.00/100g,"https://cdn.metcash.media/image/upload/f_auto,c_limit,w_300,q_auto/igashop/images/499681"
Dr. Oetker Ristorante Pizza Hawaii 355g,$9.50,$2.68/100g,"https://cdn.metcash.media/image/upload/f_auto,c_limit,w_300,q_auto/igashop/images/137527"
Dine Pulled Menu Gravy Indulgence Chicken 85g,$1.75,$2.06/100g,"https://cdn.metcash.media/image/upload/f_auto,c_limit,w_300,q_auto/igashop/images/525288"
Wrigley's 5 Gum Watermelon Burst Sugar Free 32g,$2.50,$7.81/100g,"https://cdn.metcash.media/image/upload/f_auto,c_limit,w_300,q_auto/igashop/images/722084"
Bubs Organic Baby Food Banana Apricot Power Porridge 6+Months 120g,$2.60,$2.17/100g,"https://cdn.metcash.media/image/upload/f_auto,c_limit,w_300,q_auto/igashop/images/180000000225"
Meggles Cage Eggs Jumbo 800g,$7.95,$0.99/100g,"https://cdn.metcash.media/image/upload/f_auto,c_limit,w_300,q_auto/igashop/images/20000004880"
Decor Microsafe Oblong Container With Steaming Rack 1.6 L,$4.35,N/A,"https://cdn.metcash.media/image/upload/f_auto,c_limit,w_300,q_auto/igashop/images/714269"
Riviana Rice Long Grain Basmati 2kg,$13.25,$6.63/kg,"https://cdn.metcash.media/image/upload/f_auto,c_limit,w_300,q_auto/igashop/images/459869"
Barilla Pesto Pistachio 190g,$5.90,$3.11/100g,"https://cdn.metcash.media/image/upload/f_auto,c_limit,w_300,q_auto/igashop/images/180000006245"
"Herbert Adams Slow Cooked Beef, Caramelised Onion & Cabernet Sauvignon 2 Pack",$10.00,$5.00 each,"https://cdn.metcash.media/image/upload/f_auto,c_limit,w_300,q_auto/igashop/images/430776"
Riviana Basmati Rice Extra Long Grain 1kg,$7.00,$7.00/kg,"https://cdn.metcash.media/image/upload/f_auto,c_limit,w_300,q_auto/igashop/images/33809"
Piranha Snaps Smokehouse BBQ 25g,$1.75,$7.00/100g,"https://cdn.metcash.media/image/upload/f_auto,c_limit,w_300,q_auto/igashop/images/190000004785"
Four Seasons Lubricants Massage Oil 150mL,$6.30,$4.20/100mL,"https://cdn.metcash.media/image/upload/f_auto,c_limit,w_300,q_auto/igashop/images/285838"
Cadbury Dairy Milk Caramello Bites 142g,$3.50,$2.46/100g,"https://cdn.metcash.media/image/upload/f_auto,c_limit,w_300,q_auto/igashop/images/156474"
Bellamy's Organic Baby Porridge 125g,$4.40,$3.52/100g,"https://cdn.metcash.media/image/upload/f_auto,c_limit,w_300,q_auto/igashop/images/969429"
Huggies Drynites Pyjama Pants 8-15yrs Boy 9 Pack,$12.00,$1.33 each,"https://cdn.metcash.media/image/upload/f_auto,c_limit,w_300,q_auto/igashop/images/424385"
Grannys Mixed Muffins 600g,$8.10,$1.35/100g,https://www.igashop.com.au/static/default-product-image.png
Dynamo Professional Sensitive Laundry Detergent Liquid 2L,$29.00,$14.50/1L,"https://cdn.metcash.media/image/upload/f_auto,c_limit,w_300,q_auto/igashop/images/360277"
Dulwich Bakery Anzac Biscuits 350g,$8.95,$2.56/100g,https://www.igashop.com.au/static/default-product-image.png
Tip Top Bread Cafe Raisin Toast 650g,$5.50,$0.85/100g,"https://cdn.metcash.media/image/upload/f_auto,c_limit,w_300,q_auto/igashop/images/664545"
No-Doz Awakeners Tablet 24 Pack,$6.00,$0.25 each,"https://cdn.metcash.media/image/upload/f_auto,c_limit,w_300,q_auto/igashop/images/341294"
Bepanthen Antiseptic Soothing Cream 100g,$17.50,$17.50/100g,"https://cdn.metcash.media/image/upload/f_auto,c_limit,w_300,q_auto/igashop/images/362499"
MasterFoods Slow Cooker Beef & Red Wine Casserole 175g,$2.70,$1.54/100g,"https://cdn.metcash.media/image/upload/f_auto,c_limit,w_300,q_auto/igashop/images/83985"
SPC Baked Beans In Rich Tomato 4 Pack,$5.50,$1.38 each,"https://cdn.metcash.media/image/upload/f_auto,c_limit,w_300,q_auto/igashop/images/867253"
Cottees Apple Raspberry 1L,$5.50,$5.50/1L,"https://cdn.metcash.media/image/upload/f_auto,c_limit,w_300,q_auto/igashop/images/64198_2"
White Wings Plain Wholemeal Flour 1kg,$3.60,$3.60/kg,"https://cdn.metcash.media/image/upload/f_auto,c_limit,w_300,q_auto/igashop/images/76530"
St Dalfour Apricot Fruit Spread 284g,$6.20,$2.18/100g,"https://cdn.metcash.media/image/upload/f_auto,c_limit,w_300,q_auto/igashop/images/25822"
Edgell Creamed Corn 420g,$1.95,$0.46/100g,"https://cdn.metcash.media/image/upload/f_auto,c_limit,w_300,q_auto/igashop/images/393089"
My Muscle Chef Protein Shake Coffee 375mL,$5.95,$1.59/100mL,"https://cdn.metcash.media/image/upload/f_auto,c_limit,w_300,q_auto/igashop/images/681783"
Carman's Protein Bars Pistachio 200g,$8.50,$4.25/100g,https://www.igashop.com.au/static/default-product-image.png
Continental Beef Stock Powder 125g,$4.00,$3.20/100g,"https://cdn.metcash.media/image/upload/f_auto,c_limit,w_300,q_auto/igashop/images/646322"
CC's Corn Chips Chilli Con Carne 175g,$4.00,$2.29/100g,https://www.igashop.com.au/static/default-product-image.png
Symons Organic Vintage Cheddar 150g,$10.99,$7.33/100g,"https://cdn.metcash.media/image/upload/f_auto,c_limit,w_300,q_auto/igashop/images/20000006319"
Community Co Smoked Salmon 90g,$7.30,$8.11/100g,"https://cdn.metcash.media/image/upload/f_auto,c_limit,w_300,q_auto/igashop/images/771952"
Dairy Farmers Milk Chocolate No Added Sugar 500mL,$3.20,$0.64/100mL,"https://cdn.metcash.media/image/upload/f_auto,c_limit,w_300,q_auto/igashop/images/850120"
Stockman's Free Range Eggs XLarge 700g,$10.50,$1.50/100g,"https://cdn.metcash.media/image/upload/f_auto,c_limit,w_300,q_auto/igashop/images/190000009776"
Air Wick Essential Oil Air Freshener Sea Mist & Blue Minerals Prime 2 Pack,$14.00,$7.00 each,"https://cdn.metcash.media/image/upload/f_auto,c_limit,w_300,q_auto/igashop/images/207495"
Earth Choice Fabric Softener Pure Soft 1L,$2.60,$2.60/1L,"https://cdn.metcash.media/image/upload/f_auto,c_limit,w_300,q_auto/igashop/images/321715"
Weet-Bix Gluten Free 375g,$5.00,$1.33/100g,"https://cdn.metcash.media/image/upload/f_auto,c_limit,w_300,q_auto/igashop/images/192200"
My Muscle Chef Satay Chicken with Basmati Rice and Green Peas 330g,$11.95,$3.62/100g,"https://cdn.metcash.media/image/upload/f_auto,c_limit,w_300,q_auto/igashop/images/567094"
Method Gel Hand Wash Pump Pink Grapefruit 354mL,$5.00,$1.41/100mL,"https://cdn.metcash.media/image/upload/f_auto,c_limit,w_300,q_auto/igashop/images/692941"
Schweppes Solo Thirst Crusher Soda Syrup Zero Sugar Bottle 300mL,$3.50,$1.17/100mL,"https://cdn.metcash.media/image/upload/f_auto,c_limit,w_300,q_auto/igashop/images/160000003298"
Ritz Mini Sour Cream & Onion Crackers 155g,$2.50,$1.61/100g,"https://cdn.metcash.media/image/upload/f_auto,c_limit,w_300,q_auto/igashop/images/529017"
Swisspers Cucumber Facial Wipes 25 Pack,$6.55,$0.26 each,"https://cdn.metcash.media/image/upload/f_auto,c_limit,w_300,q_auto/igashop/images/605169"
Community Co Teaspoons Wooden 12 Pack,$1.60,$0.13 each,https://www.igashop.com.au/static/default-product-image.png
Jasper Coffee Ethiopia Whole Beans 250g,$17.95,$7.18/100g,https://www.igashop.com.au/static/default-product-image.png
Fantastic Rice Crackers French Onion and Cheese 100g,$2.50,$2.50/100g,"https://cdn.metcash.media/image/upload/f_auto,c_limit,w_300,q_auto/igashop/images/898"
The Natural Confectionery Co. Party Mix 220g,$5.00,$2.27/100g,"https://cdn.metcash.media/image/upload/f_auto,c_limit,w_300,q_auto/igashop/images/557492"
Magnum Mini Ice Cream Almond 6 Pack,$12.00,$2.00 each,"https://cdn.metcash.media/image/upload/f_auto,c_limit,w_300,q_auto/igashop/images/132239"
Lindt Easter Casket 85g,$5.72,$6.73/100g,"https://cdn.metcash.media/image/upload/f_auto,c_limit,w_300,q_auto/igashop/images/193743"
Pampas Puff Pastry Reduced Fat 1kg,$5.50,$5.50/kg,"https://cdn.metcash.media/image/upload/f_auto,c_limit,w_300,q_auto/igashop/images/145606"
Vicks VapoDrops Xtra Strong Lemon Menthol Blast 36 Pack,$17.25,$0.48 each,"https://cdn.metcash.media/image/upload/f_auto,c_limit,w_300,q_auto/igashop/images/190000010439"
South Cape Reduced Fat Greek Style Fetta 200g,$6.45,$3.23/100g,"https://cdn.metcash.media/image/upload/f_auto,c_limit,w_300,q_auto/igashop/images/677988"
"Carman's Super Berry Cranberry, Blueberry & Goji Muesli 500g",$6.00,$1.20/100g,"https://cdn.metcash.media/image/upload/f_auto,c_limit,w_300,q_auto/igashop/images/362949"
Atkins Endulge Mint Crisp 30g,$3.90,$13.00/100g,"https://cdn.metcash.media/image/upload/f_auto,c_limit,w_300,q_auto/igashop/images/797351"
The Natural Chip Co. Sour Cream & Chives Chips 175g,$4.00,$2.29/100g,"https://cdn.metcash.media/image/upload/f_auto,c_limit,w_300,q_auto/igashop/images/690232"
OMO Sensitive Laundry Detergent Washing Powder Front & Top Loader 1kg,$10.00,$10.00/kg,"https://cdn.metcash.media/image/upload/f_auto,c_limit,w_300,q_auto/igashop/images/625203"
Schweppes Classic Mixers Indian Tonic Water Zero Sugar 4 Pack,$3.50,$0.88 each,"https://cdn.metcash.media/image/upload/f_auto,c_limit,w_300,q_auto/igashop/images/301919"
Lo Bros Kombucha Raspberry & Lemon 330mL,$3.60,$1.09/100mL,"https://cdn.metcash.media/image/upload/f_auto,c_limit,w_300,q_auto/igashop/images/416028"
DON Mild Hungarian Salami Chub 200g,$7.90,$3.95/100g,"https://cdn.metcash.media/image/upload/f_auto,c_limit,w_300,q_auto/igashop/images/190000000344"
Calbee Hooleys Rings Original Onion 95g,$4.10,$4.32/100g,"https://cdn.metcash.media/image/upload/f_auto,c_limit,w_300,q_auto/igashop/images/558540"
Great Temptations Mufnutz 5 Pack,$4.50,$0.90 each,https://www.igashop.com.au/static/default-product-image.png
Medix Electrolyte Effervescent Tablets Blackcurrant 20 Pack,$8.15,$0.41 each,https://www.igashop.com.au/static/default-product-image.png
So Good Dairy Substitute Oat Milk High Protein 1L,$4.00,$4.00/1L,"https://cdn.metcash.media/image/upload/f_auto,c_limit,w_300,q_auto/igashop/images/180000006322"
BabyLove Sleepy Nights 8 - 15 Years 8 Pack,$12.50,$1.56 each,"https://cdn.metcash.media/image/upload/f_auto,c_limit,w_300,q_auto/igashop/images/315248"
Talley's Chilled Mussels Marinated Garlic 375g,$5.00,$1.33/100g,"https://cdn.metcash.media/image/upload/f_auto,c_limit,w_300,q_auto/igashop/images/167983"
Chicken Tonight Simmer Sauce Sweet And Sour 520g,$3.50,$0.67/100g,"https://cdn.metcash.media/image/upload/f_auto,c_limit,w_300,q_auto/igashop/images/276902"
YoPRO High Protein Strawberry Pouch Yoghurt 150g,$3.20,$2.13/100g,"https://cdn.metcash.media/image/upload/f_auto,c_limit,w_300,q_auto/igashop/images/160000012133"
San Remo La Pasta Sour Cream & Chives Pasta & Sauce 80g,$1.40,$1.75/100g,"https://cdn.metcash.media/image/upload/f_auto,c_limit,w_300,q_auto/igashop/images/328775"
Remedy Sodaly Raspberry 4 Pack,$6.20,$1.55 each,"https://cdn.metcash.media/image/upload/f_auto,c_limit,w_300,q_auto/igashop/images/20000007249"
Nestle Nesquik Milk Modifiers Banana 250g,$4.00,$1.60/100g,"https://cdn.metcash.media/image/upload/f_auto,c_limit,w_300,q_auto/igashop/images/180000006283"
Smith's Crinkle Cut Potato Chips Bacon 150g,$3.75,$2.50/100g,https://www.igashop.com.au/static/default-product-image.png
Whiskas Adult Wet Cat Food Ocean Fish Loaf Can 400g,$2.10,$0.53/100g,"https://cdn.metcash.media/image/upload/f_auto,c_limit,w_300,q_auto/igashop/images/402838"
Schweppes Lime Lemon Mineral Water 10 Pack,$19.00,$1.90 each,"https://cdn.metcash.media/image/upload/f_auto,c_limit,w_300,q_auto/igashop/images/222372"
"Optimum Chewsli Bar Dog Treats with Chicken, Coconut & Kefir 4 Pack",$7.75,$1.94 each,"https://cdn.metcash.media/image/upload/f_auto,c_limit,w_300,q_auto/igashop/images/210621_1"
Vanish Napisan Laundry Products Gold Multi Power Crystal White 2kg,$15.00,$7.50/kg,"https://cdn.metcash.media/image/upload/f_auto,c_limit,w_300,q_auto/igashop/images/540288"
Destination Italy Salted Caramel Italian Gelato 500mL,$12.75,$2.55/100mL,https://www.igashop.com.au/static/default-product-image.png
Daily Company Daily Juice Green Blend 2L,$5.95,$2.98/1L,"https://cdn.metcash.media/image/upload/f_auto,c_limit,w_300,q_auto/igashop/images/806338"
Golden Circle Zero Sugar Fruit Cup Flavoured Cordial 2L,$4.50,$2.25/1L,"https://cdn.metcash.media/image/upload/f_auto,c_limit,w_300,q_auto/igashop/images/1800000067591"
Harris Coffee Ground Smooth 200g,$8.25,$4.13/100g,"https://cdn.metcash.media/image/upload/f_auto,c_limit,w_300,q_auto/igashop/images/858495"
Allen's Berry Bunch 160g,$5.00,$3.13/100g,"https://cdn.metcash.media/image/upload/f_auto,c_limit,w_300,q_auto/igashop/images/180000005331"
So Good Long Life High Protein Almond Milk 1L,$4.00,$4.00/1L,"https://cdn.metcash.media/image/upload/f_auto,c_limit,w_300,q_auto/igashop/images/160000003284"
Steggles Mini Garlic Chicken Kiev Balls 1kg,$17.35,$17.35/kg,"https://cdn.metcash.media/image/upload/f_auto,c_limit,w_300,q_auto/igashop/images/168560"
Helga's Garlic Turkish Pide Loaf 450g,$4.00,$0.89/100g,"https://cdn.metcash.media/image/upload/f_auto,c_limit,w_300,q_auto/igashop/images/631932"
Green's Temptations Cake Mix Chocolate Supreme 630g,$5.50,$0.87/100g,"https://cdn.metcash.media/image/upload/f_auto,c_limit,w_300,q_auto/igashop/images/232034"
Energizer Max Plus Advanced AAA 16 Pack,$20.80,$1.30 each,"https://cdn.metcash.media/image/upload/f_auto,c_limit,w_300,q_auto/igashop/images/739523"
Snappy Tom Naturals Flushable Cat Litter Unscented 2kg,$13.20,$6.60/kg,"https://cdn.metcash.media/image/upload/f_auto,c_limit,w_300,q_auto/igashop/images/106694"
Country Delight Cake Choc Cherry 500g,$8.30,$1.66/100g,https://www.igashop.com.au/static/default-product-image.png
Darrell Lea Raspberry Dark Chocolate Bullets 190g,$6.00,$3.16/100g,https://www.igashop.com.au/static/default-product-image.png
Fiji Still Natural Artesian Water 700mL,$3.90,$0.56/100mL,"https://cdn.metcash.media/image/upload/f_auto,c_limit,w_300,q_auto/igashop/images/779484"
Helga's Lower Carb 5 Seeds 700g,$5.60,$0.80/100g,"https://cdn.metcash.media/image/upload/f_auto,c_limit,w_300,q_auto/igashop/images/160000018059"
Life Savers Stix Sherbert Fizz Cola 200g,$2.50,$1.25/100g,"https://cdn.metcash.media/image/upload/f_auto,c_limit,w_300,q_auto/igashop/images/236478"
OGX Coconut Miracle Oil Extra Strength Conditioner 385mL,$25.00,$6.49/100mL,"https://cdn.metcash.media/image/upload/f_auto,c_limit,w_300,q_auto/igashop/images/472485"
Moccona Hot/Iced Hazelnut Latte 142.4g,$7.90,$5.55/100g,"https://cdn.metcash.media/image/upload/f_auto,c_limit,w_300,q_auto/igashop/images/180000002324"
Uncle Tobys Le Snak Cheddar Cheese Dip & Crackers 12 Pack,$9.00,$0.75 each,"https://cdn.metcash.media/image/upload/f_auto,c_limit,w_300,q_auto/igashop/images/433203"
Gotzinger Short Cut Bacon 400g,$12.75,$3.19/100g,"https://cdn.metcash.media/image/upload/f_auto,c_limit,w_300,q_auto/igashop/images/190000004965"
Lauke Wallaby Self-Raising Flour 1kg,$4.10,$4.10/kg,"https://cdn.metcash.media/image/upload/f_auto,c_limit,w_300,q_auto/igashop/images/549567"
Philips CFL Tornado Warm White Globe 20W ES Base,$9.00,N/A,"https://cdn.metcash.media/image/upload/f_auto,c_limit,w_300,q_auto/igashop/images/715087"
Destination Italy Margherita Woodfired Pizza 380g,$9.90,$2.61/100g,https://www.igashop.com.au/static/default-product-image.png
Vileda Mop Super Soft Yellow,$10.75,N/A,"https://cdn.metcash.media/image/upload/f_auto,c_limit,w_300,q_auto/igashop/images/710914"
Barambah Organics Light Milk 1L,$3.60,$3.60/1L,"https://cdn.metcash.media/image/upload/f_auto,c_limit,w_300,q_auto/igashop/images/677247"
SKYN Extra Lube Condoms 10 Pack,$10.40,$1.04 each,"https://cdn.metcash.media/image/upload/f_auto,c_limit,w_300,q_auto/igashop/images/387677"
Nescafe Andes Coffee Farmers Origins Nespresso Compatibles 10 Pack,$5.90,$0.59 each,"https://cdn.metcash.media/image/upload/f_auto,c_limit,w_300,q_auto/igashop/images/180000006247"
G-FRESH Cinnamon Quills 15g,$4.13,$27.53/100g,"https://cdn.metcash.media/image/upload/f_auto,c_limit,w_300,q_auto/igashop/images/676526"
Patak's Pappadums Plain 100g,$4.10,$4.10/100g,"https://cdn.metcash.media/image/upload/f_auto,c_limit,w_300,q_auto/igashop/images/16000001645"
Lotus Biscoff Biscuit Spread Crunchy 380g,$6.00,$1.58/100g,"https://cdn.metcash.media/image/upload/f_auto,c_limit,w_300,q_auto/igashop/images/580291"
United Organics Organic Baby Salad Leaves 120g,$4.50,$3.75/100g,"https://cdn.metcash.media/image/upload/f_auto,c_limit,w_300,q_auto/igashop/images/180000001586"
Monster Energy Mango Loco 500mL,$4.45,$0.89/100mL,"https://cdn.metcash.media/image/upload/f_auto,c_limit,w_300,q_auto/igashop/images/190000002900"
NIVEA Protect & Care Moisturising Shaving Gel 200mL,$4.50,$2.25/100mL,"https://cdn.metcash.media/image/upload/f_auto,c_limit,w_300,q_auto/igashop/images/435700"
Pepsi Soda Bottle 1.25L,$3.50,$2.80/1L,"https://cdn.metcash.media/image/upload/f_auto,c_limit,w_300,q_auto/igashop/images/14279"
Haribo Goldbears Cups 220g,$6.65,$3.02/100g,"https://cdn.metcash.media/image/upload/f_auto,c_limit,w_300,q_auto/igashop/images/321278"
Carrman's Salted Caramel Bliss Balls 8 Pack,$4.63,$0.58 each,"https://cdn.metcash.media/image/upload/f_auto,c_limit,w_300,q_auto/igashop/images/929495"
Uncle Tobys Snacks Crunch Snack Bars 145g,$2.75,$1.90/100g,"https://cdn.metcash.media/image/upload/f_auto,c_limit,w_300,q_auto/igashop/images/180000004795"
Maggi Butter Chicken Recipe Base 29g,$1.85,$6.38/100g,"https://cdn.metcash.media/image/upload/f_auto,c_limit,w_300,q_auto/igashop/images/624778"
Kirks Pasito Multipack Cans Soft Drink 10 Pack,$15.00,$1.50 each,"https://cdn.metcash.media/image/upload/f_auto,c_limit,w_300,q_auto/igashop/images/392928"
Frisky Iced Coffee Double Espresso 240mL,$3.00,$1.25/100mL,https://www.igashop.com.au/static/default-product-image.png
MasterFoods Ground All Spice 30g,$3.50,$11.67/100g,"https://cdn.metcash.media/image/upload/f_auto,c_limit,w_300,q_auto/igashop/images/363343"
Moccona Freeze Dried Instant Coffee Classic Dark Roast 200g,$23.60,$11.80/100g,"https://cdn.metcash.media/image/upload/f_auto,c_limit,w_300,q_auto/igashop/images/450881"
Golden Circle Diced Beetroot 450g,$2.60,$0.58/100g,"https://cdn.metcash.media/image/upload/f_auto,c_limit,w_300,q_auto/igashop/images/170000000795"
Decor Tellfresh Storer Oblong Tall,$7.50,N/A,"https://cdn.metcash.media/image/upload/f_auto,c_limit,w_300,q_auto/igashop/images/253297"
Garnier Pure Active Deep Hydrating Cleanser 250mL,$20.00,$8.00/100mL,https://www.igashop.com.au/static/default-product-image.png
Genius Gluten Free Brioche Burger Buns 2 Pack,$3.50,$1.75 each,"https://cdn.metcash.media/image/upload/f_auto,c_limit,w_300,q_auto/igashop/images/160000011116"
Tassal Tasmanian Smoked Salmon Slices 100g,$9.30,$9.30/100g,"https://cdn.metcash.media/image/upload/f_auto,c_limit,w_300,q_auto/igashop/images/146262"
Baked Provisions Steak & Onion Pie 420g,$8.50,$2.02/100g,"https://cdn.metcash.media/image/upload/f_auto,c_limit,w_300,q_auto/igashop/images/20000000578"
Ajax Eco Multipurpose Cleaner Spray Coconut & Lime 450mL,$3.00,$0.67/100mL,"https://cdn.metcash.media/image/upload/f_auto,c_limit,w_300,q_auto/igashop/images/812504"
Ardmona Rich & Thick Diced Tomatoes with Paste Classic 410g,$2.50,$0.61/100g,"https://cdn.metcash.media/image/upload/f_auto,c_limit,w_300,q_auto/igashop/images/415069"
Whiskas 1+ Dry Cat Food Sardine & Prawn Flavours 800g,$7.00,$0.88/100g,"https://cdn.metcash.media/image/upload/f_auto,c_limit,w_300,q_auto/igashop/images/150000006386"
Dilmah Tea Bags 300 Pack,$18.00,$0.06 each,"https://cdn.metcash.media/image/upload/f_auto,c_limit,w_300,q_auto/igashop/images/386529"
Amolin Baby Nappy Rash Cream 100g,$8.65,$8.65/100g,"https://cdn.metcash.media/image/upload/f_auto,c_limit,w_300,q_auto/igashop/images/53192"
The Paw Grocer Peanut Butter Fresh Breath Bikkies Dog Treats 150g,$9.20,$6.13/100g,"https://cdn.metcash.media/image/upload/f_auto,c_limit,w_300,q_auto/igashop/images/829519"
Gillette Shaving Foam Lemon Lime 250g,$6.50,$2.60/100g,"https://cdn.metcash.media/image/upload/f_auto,c_limit,w_300,q_auto/igashop/images/58891"
Mum's Favourites Melting Moments 350g,$7.50,$2.14/100g,"https://cdn.metcash.media/image/upload/f_auto,c_limit,w_300,q_auto/igashop/images/190000004976"
Mt Athos Cheese Haloumi 200g,$5.95,$2.98/100g,"https://cdn.metcash.media/image/upload/f_auto,c_limit,w_300,q_auto/igashop/images/20000001672"
Aeroplane Jelly Chocolate Mousse Mix 65g,$2.40,$3.69/100g,"https://cdn.metcash.media/image/upload/f_auto,c_limit,w_300,q_auto/igashop/images/8071"
Proud & Punch Pining For Lime 6 Pack,$5.50,$0.92 each,"https://cdn.metcash.media/image/upload/f_auto,c_limit,w_300,q_auto/igashop/images/160000013280"
Huggies Ultimate Baby Wipes Nourish & Care 64 Pack,$6.00,$0.09 each,"https://cdn.metcash.media/image/upload/f_auto,c_limit,w_300,q_auto/igashop/images/899433"
Schwarzkopf Live Colour Deep Black 75mL,$14.00,$18.67/100mL,"https://cdn.metcash.media/image/upload/f_auto,c_limit,w_300,q_auto/igashop/images/254832"
Glaceau Vitamin Water Power Dragonfruit 500mL,$3.60,$0.72/100mL,"https://cdn.metcash.media/image/upload/f_auto,c_limit,w_300,q_auto/igashop/images/368128"
Weet-Bix Breakfast Cereal 1.12kg,$7.00,$6.25/kg,"https://cdn.metcash.media/image/upload/f_auto,c_limit,w_300,q_auto/igashop/images/137899"
Birds Eye Golden Crunch Steakhouse Chips 750g,$4.00,$0.53/100g,"https://cdn.metcash.media/image/upload/f_auto,c_limit,w_300,q_auto/igashop/images/105737"
Decor Tellfresh Storer Oblong 3 Pack,$10.00,$3.33 each,"https://cdn.metcash.media/image/upload/f_auto,c_limit,w_300,q_auto/igashop/images/731766"
Libra Maternity Pads Extra Long with Wings 10 Pack,$5.70,$0.57 each,"https://cdn.metcash.media/image/upload/f_auto,c_limit,w_300,q_auto/igashop/images/64436"
Cadbury Dairy Milk Top Deck Bubbly 160g,$8.00,$5.00/100g,https://www.igashop.com.au/static/default-product-image.png
Poise Incontinence Pads Extra Plus Absorbency 10 Pack,$5.35,$0.54 each,"https://cdn.metcash.media/image/upload/f_auto,c_limit,w_300,q_auto/igashop/images/373678"
Fresh Bake Apple Turnover 200g,$6.00,$3.00/100g,https://www.igashop.com.au/static/default-product-image.png
Captain's Table Water Cracker 125g,$2.20,$1.76/100g,"https://cdn.metcash.media/image/upload/f_auto,c_limit,w_300,q_auto/igashop/images/433847"
Lo Bros Kombucha Organic Blueberry 330mL,$4.50,$1.36/100mL,"https://cdn.metcash.media/image/upload/f_auto,c_limit,w_300,q_auto/igashop/images/180000000105"
Fairy Ultra Concentrate Antibacterial Dishwashing Liquid 475mL,$6.50,$1.37/100mL,"https://cdn.metcash.media/image/upload/f_auto,c_limit,w_300,q_auto/igashop/images/160000011034"
Lite n' Easy Butter Chicken 410g,$13.50,$3.29/100g,"https://cdn.metcash.media/image/upload/f_auto,c_limit,w_300,q_auto/igashop/images/429709"
Sunbeam Natural Sultanas 450g,$6.65,$1.48/100g,"https://cdn.metcash.media/image/upload/f_auto,c_limit,w_300,q_auto/igashop/images/190000003315"
Weis Half & Half Raspberry & Dark Chocolate Frozen Dessert 1L,$10.20,$10.20/1L,"https://cdn.metcash.media/image/upload/f_auto,c_limit,w_300,q_auto/igashop/images/150000007661"
Celsius Energy Drink Sparkling Watermelon Lemonade 330mL,$2.80,$0.85/100mL,"https://cdn.metcash.media/image/upload/f_auto,c_limit,w_300,q_auto/igashop/images/180000004967"
Method Cleaner Bathroom Spray 480mL,$5.50,$1.15/100mL,"https://cdn.metcash.media/image/upload/f_auto,c_limit,w_300,q_auto/igashop/images/726512"
Dove Advanced Care Antiperspirant Roll On Pomegranate And Lemon Verbena 50mL,$5.00,$10.00/100mL,"https://cdn.metcash.media/image/upload/f_auto,c_limit,w_300,q_auto/igashop/images/324069"
Cadbury Marshmallow Eggs 150g,$6.00,$4.00/100g,"https://cdn.metcash.media/image/upload/f_auto,c_limit,w_300,q_auto/igashop/images/190000009704"
Chicken Tonight Cacciatore 500g,$3.50,$0.70/100g,"https://cdn.metcash.media/image/upload/f_auto,c_limit,w_300,q_auto/igashop/images/126071"
V Energy Drink Green 6 Pack,$12.80,$2.13 each,"https://cdn.metcash.media/image/upload/f_auto,c_limit,w_300,q_auto/igashop/images/891503"
Food Guru Icing Bag Set,$2.20,N/A,"https://cdn.metcash.media/image/upload/f_auto,c_limit,w_300,q_auto/igashop/images/830450"
Calippo Water Ice Raspberry Pineapple 100mL,$3.55,$3.55/100mL,"https://cdn.metcash.media/image/upload/f_auto,c_limit,w_300,q_auto/igashop/images/885196"
Byron Gourmet Gluten Free Mexican Veg 220g,$8.00,$3.64/100g,"https://cdn.metcash.media/image/upload/f_auto,c_limit,w_300,q_auto/igashop/images/20000001994"
Chux Superwipes Robuste Wipes 3 Pack,$4.00,$1.33 each,"https://cdn.metcash.media/image/upload/f_auto,c_limit,w_300,q_auto/igashop/images/53207"
Cornwell's White Vinegar White 750mL,$3.50,$0.47/100mL,"https://cdn.metcash.media/image/upload/f_auto,c_limit,w_300,q_auto/igashop/images/36328"
Ben's Original Taste of Takeaway Korean BBQ Inspired Rice 240g,$4.00,$1.67/100g,"https://cdn.metcash.media/image/upload/f_auto,c_limit,w_300,q_auto/igashop/images/170371"
Uncle Tobys Oats Quick Sachets Breakfast Cereal Overnight Strawberry Vanilla 350g,$5.50,$1.57/100g,"https://cdn.metcash.media/image/upload/f_auto,c_limit,w_300,q_auto/igashop/images/1800000071465"
Nicorette Quit Smoking Nicotine Gum Classic 4mg Extra Strength 75 Pack,$31.50,$0.42 each,"https://cdn.metcash.media/image/upload/f_auto,c_limit,w_300,q_auto/igashop/images/89041"
Ingham's Chicken Breast Supreme 2.5kg,Final cost based on weight,$21.00/$8.40,"https://cdn.metcash.media/image/upload/f_auto,c_limit,w_300,q_auto/igashop/images/121301"
Tio Tito Mexican Salsa Mild Salsa 370g,$6.10,$1.65/100g,https://www.igashop.com.au/static/default-product-image.png
CC's Corn Chips Taco 175g,$4.00,$2.29/100g,https://www.igashop.com.au/static/default-product-image.png
Free Range Whole Chicken 1.2kg,Final cost based on weight,$13.80/$11.50,"https://cdn.metcash.media/image/upload/f_auto,c_limit,w_300,q_auto/igashop/images/80080098"
Decor Lunch Break Dressing Tubs 6 Pack,$5.50,$0.92 each,"https://cdn.metcash.media/image/upload/f_auto,c_limit,w_300,q_auto/igashop/images/234730"
Jasper Chocolate Rich Drinking Chocolate 375g,$18.95,$5.05/100g,"https://cdn.metcash.media/image/upload/f_auto,c_limit,w_300,q_auto/igashop/images/880578"
Devondale 100% Pure Full Cream Long Life Milk 1L,$2.20,$2.20/1L,"https://cdn.metcash.media/image/upload/f_auto,c_limit,w_300,q_auto/igashop/images/14512"
Leggo's Providore Tomato & Chilli 400g,$5.00,$1.25/100g,"https://cdn.metcash.media/image/upload/f_auto,c_limit,w_300,q_auto/igashop/images/442299"
Individual Beetroot 180g,Final cost based on weight,$1.25/$6.95,"https://cdn.metcash.media/image/upload/f_auto,c_limit,w_300,q_auto/igashop/images/80060121"
Christmas Star Candy Cane Rainbow 144g,$3.00,$2.08/100g,https://www.igashop.com.au/static/default-product-image.png
Ovaltine Sleep Calming Chocolate 400g,$15.00,$3.75/100g,"https://cdn.metcash.media/image/upload/f_auto,c_limit,w_300,q_auto/igashop/images/214400"
Tommee Tippee Closer to Nature Night-Time Soothers 2 Pack,$12.00,$6.00 each,"https://cdn.metcash.media/image/upload/f_auto,c_limit,w_300,q_auto/igashop/images/915988"
Peters Original Neapolitan Ice Cream 2L,$5.50,$2.75/1L,"https://cdn.metcash.media/image/upload/f_auto,c_limit,w_300,q_auto/igashop/images/143955"
V.I.P. Fussy Cat Grainfree Salmon & White Fish With Oil 500g,$6.50,$1.30/100g,"https://cdn.metcash.media/image/upload/f_auto,c_limit,w_300,q_auto/igashop/images/331728"
Armor All Car Care Car Wash 1L,$8.00,$8.00/1L,"https://cdn.metcash.media/image/upload/f_auto,c_limit,w_300,q_auto/igashop/images/267335"
Latina Fresh Italian Tomato & Garlic Sauce 425g,$5.50,$1.29/100g,"https://cdn.metcash.media/image/upload/f_auto,c_limit,w_300,q_auto/igashop/images/170342"
Nanna's Rhubarb Apple Crumble 550g,$6.50,$1.18/100g,"https://cdn.metcash.media/image/upload/f_auto,c_limit,w_300,q_auto/igashop/images/231287"
Nescafe Coffee Mixer Sachets Latte Vanilla 10 Pack,$8.00,$0.80 each,"https://cdn.metcash.media/image/upload/f_auto,c_limit,w_300,q_auto/igashop/images/349608"
Big Sister Pudding Christmas Bowl 800g,$11.00,$1.38/100g,https://www.igashop.com.au/static/default-product-image.png
Haagen-Dazs Salted Caramel Ice Cream 457mL,$7.95,$1.74/100mL,"https://cdn.metcash.media/image/upload/f_auto,c_limit,w_300,q_auto/igashop/images/650533"
Glico Pocky Strawberry Biscuit Sticks 47g,$2.20,$4.68/100g,"https://cdn.metcash.media/image/upload/f_auto,c_limit,w_300,q_auto/igashop/images/379690"
Tommee Tippee Closer To Nature Night-time Soothers 6 To18 Months 2 Pack,$12.00,$6.00 each,"https://cdn.metcash.media/image/upload/f_auto,c_limit,w_300,q_auto/igashop/images/454851"
Latina Fresh Beef Ravioli 625g,$11.00,$1.76/100g,"https://cdn.metcash.media/image/upload/f_auto,c_limit,w_300,q_auto/igashop/images/20000001773"
Soup Sister Chicken Wonton Soup 150g,$6.95,$4.63/100g,"https://cdn.metcash.media/image/upload/f_auto,c_limit,w_300,q_auto/igashop/images/533980"
Red Bull Energy Drink Iced Vanilla Berry Winter Edition 250mL,$3.20,$1.28/100mL,"https://cdn.metcash.media/image/upload/f_auto,c_limit,w_300,q_auto/igashop/images/180000006167"
The Olive Branch Smoked Salmon Dip 200g,$7.60,$3.80/100g,"https://cdn.metcash.media/image/upload/f_auto,c_limit,w_300,q_auto/igashop/images/190000004135"
M&M'S Milk Chocolate Party Bucket 640g,$19.40,$3.03/100g,"https://cdn.metcash.media/image/upload/f_auto,c_limit,w_300,q_auto/igashop/images/826553"
Gold Gourmet Foods Hollandaise Sauce 500mL,$10.50,$2.10/100mL,"https://cdn.metcash.media/image/upload/f_auto,c_limit,w_300,q_auto/igashop/images/190000004797"
OB Finest Wafer Crackers Original 100g,$3.00,$3.00/100g,"https://cdn.metcash.media/image/upload/f_auto,c_limit,w_300,q_auto/igashop/images/613206"
Crankt Choc Honeycomb Protein Shake 375mL,$4.50,$1.20/100mL,"https://cdn.metcash.media/image/upload/f_auto,c_limit,w_300,q_auto/igashop/images/472171"
Pantene Pro-V Smooth & Sleek Conditioner 375mL,$5.00,$1.33/100mL,"https://cdn.metcash.media/image/upload/f_auto,c_limit,w_300,q_auto/igashop/images/781863"
Schwarzkopf Live Colour Pastels Cotton Candy Pink 75mL,$14.00,$18.67/100mL,"https://cdn.metcash.media/image/upload/f_auto,c_limit,w_300,q_auto/igashop/images/577633"
Community Co For U Long Liner 32 Pack,$2.75,$0.09 each,"https://cdn.metcash.media/image/upload/f_auto,c_limit,w_300,q_auto/igashop/images/190000001521"
Maxibon Caramel Rough Nut,$4.50,N/A,"https://cdn.metcash.media/image/upload/f_auto,c_limit,w_300,q_auto/igashop/images/149265"
Loving Earth Berry & Cacao Buckinis 400g,$13.95,$3.49/100g,"https://cdn.metcash.media/image/upload/f_auto,c_limit,w_300,q_auto/igashop/images/160000014265"
Maximus Isotonic Sports Drink Red 1L,$2.40,$2.40/1L,"https://cdn.metcash.media/image/upload/f_auto,c_limit,w_300,q_auto/igashop/images/366891"
Jackhammer Rat Trap,$5.10,N/A,https://www.igashop.com.au/static/default-product-image.png
Glaceau Vitamin Water Power-C 500mL,$3.60,$0.72/100mL,"https://cdn.metcash.media/image/upload/f_auto,c_limit,w_300,q_auto/igashop/images/20000000608"
Enzo's Risotto All Calabrese 300g,$10.95,$3.65/100g,"https://cdn.metcash.media/image/upload/f_auto,c_limit,w_300,q_auto/igashop/images/190000001302"
Protect & Glow Facial Moisturiser Triple Protect SPF15 40mL,$10.35,$25.88/100mL,"https://cdn.metcash.media/image/upload/f_auto,c_limit,w_300,q_auto/igashop/images/936926"
Whiskas Tasty Mix Scrumptious Menu Chunks In Gravy 85g,$10.40,$12.24/100g,https://www.igashop.com.au/static/default-product-image.png
Cold Power Advance Clean Triple Capsules 46 Pack,$27.00,$0.59 each,https://www.igashop.com.au/static/default-product-image.png
Kara Coconut Cream Powder 50g,$1.70,$3.40/100g,"https://cdn.metcash.media/image/upload/f_auto,c_limit,w_300,q_auto/igashop/images/20000006709"
Leggos Bechamel For Lasagne 490g,$4.30,$0.88/100g,"https://cdn.metcash.media/image/upload/f_auto,c_limit,w_300,q_auto/igashop/images/180000006321"
Bondi Sands Self Tanning Foam Ultra Dark 200mL,$26.00,$13.00/100mL,"https://cdn.metcash.media/image/upload/f_auto,c_limit,w_300,q_auto/igashop/images/463180"
Rexona Advanced Protection Invisible Dry Fresh 220mL,$4.80,$2.18/100mL,"https://cdn.metcash.media/image/upload/f_auto,c_limit,w_300,q_auto/igashop/images/719298"
Black & Gold Aluminum Foil 10m,$1.90,N/A,"https://cdn.metcash.media/image/upload/f_auto,c_limit,w_300,q_auto/igashop/images/402993"
Cuttaway Creek Jam Raspberry & Blackberry 220g,$8.95,$4.07/100g,https://www.igashop.com.au/static/default-product-image.png
Glade Sense & Spray Automatic Spray Air Freshener Hawaii Br Refill 12.2g,$7.50,$61.48/100g,"https://cdn.metcash.media/image/upload/f_auto,c_limit,w_300,q_auto/igashop/images/327758"
Wimmers Portino 1.25L,$3.90,$3.12/1L,"https://cdn.metcash.media/image/upload/f_auto,c_limit,w_300,q_auto/igashop/images/190000004799"
Bonne Maman Caramel Spread 380g,$6.90,$1.82/100g,"https://cdn.metcash.media/image/upload/f_auto,c_limit,w_300,q_auto/igashop/images/20000000216"
Olina's Bakehouse Gluten Free Charcoal Wafer Cracker 140g,$5.50,$3.93/100g,"https://cdn.metcash.media/image/upload/f_auto,c_limit,w_300,q_auto/igashop/images/6095"
Wild One Sparkling Blood Orange 330mL,$5.50,$1.67/100mL,"https://cdn.metcash.media/image/upload/f_auto,c_limit,w_300,q_auto/igashop/images/20000005642"
Crisco Peanut Oil 750mL,$8.00,$1.07/100mL,"https://cdn.metcash.media/image/upload/f_auto,c_limit,w_300,q_auto/igashop/images/392782"
Hunt And Brew Cold Brew Coffee Honduras 400mL,$4.95,$1.24/100mL,"https://cdn.metcash.media/image/upload/f_auto,c_limit,w_300,q_auto/igashop/images/841692"
Smith's Crinkle Cut Variety Potato Chips 20 Pack,$8.00,$0.40 each,"https://cdn.metcash.media/image/upload/f_auto,c_limit,w_300,q_auto/igashop/images/349624"
Heinz Banana Oats Smoothie With Greek Yoghurt 120g,$1.70,$1.42/100g,"https://cdn.metcash.media/image/upload/f_auto,c_limit,w_300,q_auto/igashop/images/997516"
Fresh Baby Corn 115g,$6.99,$6.08/100g,https://www.igashop.com.au/static/default-product-image.png
Sirena Snacking Tuna Sweet Chilli 85g,$3.20,$3.76/100g,https://www.igashop.com.au/static/default-product-image.png
Ritz Family Pack 400g,$4.80,$1.20/100g,https://www.igashop.com.au/static/default-product-image.png
San Remo La Pasta Sour Cream & Chives 120g,$2.00,$1.67/100g,"https://cdn.metcash.media/image/upload/f_auto,c_limit,w_300,q_auto/igashop/images/354506"
Bickford's Lemon Cordial 750mL,$5.50,$0.73/100mL,"https://cdn.metcash.media/image/upload/f_auto,c_limit,w_300,q_auto/igashop/images/635342"
Redberry Scrunchy Black,$2.00,N/A,"https://cdn.metcash.media/image/upload/f_auto,c_limit,w_300,q_auto/igashop/images/247403"
Community Co Red Glace Cherries 200g,$6.00,$3.00/100g,"https://cdn.metcash.media/image/upload/f_auto,c_limit,w_300,q_auto/igashop/images/879166"
Mayver's Tahini Hulled 385g,$6.50,$1.69/100g,"https://cdn.metcash.media/image/upload/f_auto,c_limit,w_300,q_auto/igashop/images/14266"
Mums Favourites Slice Hedgehog 250g,$8.95,$3.58/100g,https://www.igashop.com.au/static/default-product-image.png
Bakers Collection Mini Tart Shell 8 Pack,$5.50,$0.69 each,"https://cdn.metcash.media/image/upload/f_auto,c_limit,w_300,q_auto/igashop/images/180000000439"
Eveready Red Heavy Duty C 1035 2 Pack,$4.40,$2.20 each,"https://cdn.metcash.media/image/upload/f_auto,c_limit,w_300,q_auto/igashop/images/240294"
Bref Escapes Hawaii Rim Block Toilet Cleaner 50g,$3.50,$7.00/100g,"https://cdn.metcash.media/image/upload/f_auto,c_limit,w_300,q_auto/igashop/images/443729"
Sabrini Onion Bhaji 320g,$5.50,$1.72/100g,"https://cdn.metcash.media/image/upload/f_auto,c_limit,w_300,q_auto/igashop/images/20000007001"
Quorn Cheese & Spinach Schnitzels 240g,$8.00,$3.33/100g,"https://cdn.metcash.media/image/upload/f_auto,c_limit,w_300,q_auto/igashop/images/125457"
Raid Flying Insect Killer One Shot Double Nozzle 320g,$6.75,$2.11/100g,"https://cdn.metcash.media/image/upload/f_auto,c_limit,w_300,q_auto/igashop/images/944385"
Durex Play Aloe Vera 2 In 1 Massage Gel Lubricant 200mL,$11.00,$5.50/100mL,"https://cdn.metcash.media/image/upload/f_auto,c_limit,w_300,q_auto/igashop/images/15725"
Simply Clean Lemon Myrtle Disinfectant Cleaner 1L,$11.40,$11.40/1L,"https://cdn.metcash.media/image/upload/f_auto,c_limit,w_300,q_auto/igashop/images/20000002051"
I&J Prawns Tail Off Raw 500g,$24.00,$4.80/100g,"https://cdn.metcash.media/image/upload/f_auto,c_limit,w_300,q_auto/igashop/images/833089"
L'Oréal Paris Magic Retouch Hair Colour 3 Brown,$19.00,N/A,"https://cdn.metcash.media/image/upload/f_auto,c_limit,w_300,q_auto/igashop/images/630460"
Palmolive Naturals Orchid Body Wash With Moisturising Milk 1L,$10.00,$10.00/1L,"https://cdn.metcash.media/image/upload/f_auto,c_limit,w_300,q_auto/igashop/images/80916"
Wokka Noodle Thin Rice Noodles 440g,$3.00,$0.68/100g,"https://cdn.metcash.media/image/upload/f_auto,c_limit,w_300,q_auto/igashop/images/288475"
Capilano Honey Squeeze Pack 500g,$7.65,$1.53/100g,"https://cdn.metcash.media/image/upload/f_auto,c_limit,w_300,q_auto/igashop/images/48286"
TRESemmé Professional Shampoo Volume 900mL,$10.50,$1.17/100mL,"https://cdn.metcash.media/image/upload/f_auto,c_limit,w_300,q_auto/igashop/images/109427"
Always Fresh Olives Stuffed 450g,$5.20,$1.16/100g,"https://cdn.metcash.media/image/upload/f_auto,c_limit,w_300,q_auto/igashop/images/35089"
Wet Ones Be Gentle 15 Travel Pack 15 Pack,$2.20,$0.15 each,"https://cdn.metcash.media/image/upload/f_auto,c_limit,w_300,q_auto/igashop/images/190000001324"
MasterFoods Recipe Base Country Beef Casserole 175g,$2.70,$1.54/100g,"https://cdn.metcash.media/image/upload/f_auto,c_limit,w_300,q_auto/igashop/images/372114"
Pepsi Pepsi Cola Soft Drink 1.25L,$1.75,$1.40/1L,https://www.igashop.com.au/static/default-product-image.png
Life Savers Stix Sherbert Fizz Mixed 200g,$2.50,$1.25/100g,"https://cdn.metcash.media/image/upload/f_auto,c_limit,w_300,q_auto/igashop/images/252806"
Red Rock Deli Single Pack Sea Salt 90g,$3.70,$4.11/100g,"https://cdn.metcash.media/image/upload/f_auto,c_limit,w_300,q_auto/igashop/images/842753"
Gravox Liquid Traditional Gravy 165g,$3.50,$2.12/100g,"https://cdn.metcash.media/image/upload/f_auto,c_limit,w_300,q_auto/igashop/images/452257"
La Casa Del Formaggio Cherry Bocconcini 220g,$6.00,$2.73/100g,"https://cdn.metcash.media/image/upload/f_auto,c_limit,w_300,q_auto/igashop/images/190000002862"
Vo5 Styling Gel Tub Mega Hold 250g,$5.50,$2.20/100g,"https://cdn.metcash.media/image/upload/f_auto,c_limit,w_300,q_auto/igashop/images/699053"
Kraft Easy Mac Classic Cheese Pasta Bowl 73g,$2.50,$3.42/100g,"https://cdn.metcash.media/image/upload/f_auto,c_limit,w_300,q_auto/igashop/images/241287"
Calbee Hooleys Rings Sweet Chilli 90g,$4.10,$4.56/100g,"https://cdn.metcash.media/image/upload/f_auto,c_limit,w_300,q_auto/igashop/images/558574"
Rafferty's Garden Mango & Vanilla Yoghurt Brekkie 8M+ 120g,$1.90,$1.58/100g,https://www.igashop.com.au/static/default-product-image.png
Meredith Dairy Marinated Goat Cheese 100g,$5.30,$5.30/100g,"https://cdn.metcash.media/image/upload/f_auto,c_limit,w_300,q_auto/igashop/images/52120"
Mortein Insecticides Fast Knockdown Multi Insect 300g,$10.00,$3.33/100g,"https://cdn.metcash.media/image/upload/f_auto,c_limit,w_300,q_auto/igashop/images/88333"
Red Bull Energy Drink Summer White Peach Can 250mL,$3.00,$1.20/100mL,https://www.igashop.com.au/static/default-product-image.png
Tip Top 9 Grain Original 700g,$4.50,$0.64/100g,"https://cdn.metcash.media/image/upload/f_auto,c_limit,w_300,q_auto/igashop/images/905331"
Dove Antiperspirant Aerosol Original 150mL,$6.00,$4.00/100mL,"https://cdn.metcash.media/image/upload/f_auto,c_limit,w_300,q_auto/igashop/images/269007"
Reef Oil Spray SPF 30 220mL,$20.00,$9.09/100mL,"https://cdn.metcash.media/image/upload/f_auto,c_limit,w_300,q_auto/igashop/images/728307"
Erawan Rice Flour 500g,$1.79,$0.36/100g,"https://cdn.metcash.media/image/upload/f_auto,c_limit,w_300,q_auto/igashop/images/190000001422"
Maybelline Fast Gel Tease 6.7mL,$7.50,$111.94/100mL,https://www.igashop.com.au/static/default-product-image.png
Decor Bright & Healthy Snack & Dip Tubs 6 Pack,$7.25,$1.21 each,"https://cdn.metcash.media/image/upload/f_auto,c_limit,w_300,q_auto/igashop/images/288276"
Golden Circle Tropical Punch Fruit Drink 1L,$2.40,$2.40/1L,"https://cdn.metcash.media/image/upload/f_auto,c_limit,w_300,q_auto/igashop/images/29800"
Cuddly Sunshine Fresh Fabric Softener Long Lasting Fragrance 2L,$7.65,$3.83/1L,"https://cdn.metcash.media/image/upload/f_auto,c_limit,w_300,q_auto/igashop/images/337871"
Val Verde Beans Cannellini 400g,$2.00,$0.50/100g,"https://cdn.metcash.media/image/upload/f_auto,c_limit,w_300,q_auto/igashop/images/785655"
Fowlers Jamsetta 50g,$3.00,$6.00/100g,"https://cdn.metcash.media/image/upload/f_auto,c_limit,w_300,q_auto/igashop/images/30704"
Granforno Grissini Salt 125g,$2.50,$2.00/100g,"https://cdn.metcash.media/image/upload/f_auto,c_limit,w_300,q_auto/igashop/images/20000004021"
Arnott's Gold Label Crackers Seed Pepper 100g,$4.50,$4.50/100g,"https://cdn.metcash.media/image/upload/f_auto,c_limit,w_300,q_auto/igashop/images/1800000068971"
Black & Gold Paper Plates 20 Pack,$2.00,$0.10 each,"https://cdn.metcash.media/image/upload/f_auto,c_limit,w_300,q_auto/igashop/images/50380"
Allure Tissues Hypoallergenic 95 Pack,$1.50,$0.02 each,"https://cdn.metcash.media/image/upload/f_auto,c_limit,w_300,q_auto/igashop/images/836888"
Colgate 360 Degrees Whole Mouth Clean Compact Head Toothbrush Medium 2 Pack,$9.00,$4.50 each,"https://cdn.metcash.media/image/upload/f_auto,c_limit,w_300,q_auto/igashop/images/305002"
Darrell Lea Rocklea Road with Speckled Eggs Gift 250g,$18.00,$7.20/100g,"https://cdn.metcash.media/image/upload/f_auto,c_limit,w_300,q_auto/igashop/images/351299"
Up & Go Protein Energize Choc Hit 500mL,$4.95,$0.99/100mL,"https://cdn.metcash.media/image/upload/f_auto,c_limit,w_300,q_auto/igashop/images/609419"
Thins Potato Chips Sour Cream & Chives 175g,$2.50,$1.43/100g,"https://cdn.metcash.media/image/upload/f_auto,c_limit,w_300,q_auto/igashop/images/414110"
Bulla Ice Cream Murray Street Caramel Maple 460mL,$10.00,$2.17/100mL,"https://cdn.metcash.media/image/upload/f_auto,c_limit,w_300,q_auto/igashop/images/721486"
Golden Circle Tropical Juice No Added Sugar 6 Pack,$4.70,$0.78 each,"https://cdn.metcash.media/image/upload/f_auto,c_limit,w_300,q_auto/igashop/images/446141"
Morning Fresh Dishwashing Liquid Lime 400mL,$3.00,$0.75/100mL,"https://cdn.metcash.media/image/upload/f_auto,c_limit,w_300,q_auto/igashop/images/297801"
Twisties Chicken 90g,$2.70,$3.00/100g,"https://cdn.metcash.media/image/upload/f_auto,c_limit,w_300,q_auto/igashop/images/777063"
Proper Crisps Chips Cider Vinegar 140g,$6.90,$4.93/100g,"https://cdn.metcash.media/image/upload/f_auto,c_limit,w_300,q_auto/igashop/images/6901"
Toscano Brioche Mini Hot Dog Buns 6 Pack,$5.95,$0.99 each,"https://cdn.metcash.media/image/upload/f_auto,c_limit,w_300,q_auto/igashop/images/190000005152"
Toblerone Milk White Dark Gift Box 240g,$14.45,$6.02/100g,"https://cdn.metcash.media/image/upload/f_auto,c_limit,w_300,q_auto/igashop/images/805439"
Toscano Pizza Base Mini 360g,$6.75,$1.88/100g,https://www.igashop.com.au/static/default-product-image.png
Cadbury Curly Wurly 21.5g,$1.60,$7.44/100g,"https://cdn.metcash.media/image/upload/f_auto,c_limit,w_300,q_auto/igashop/images/160000012100"
Old El Paso Stand N Stuff Taco Shells 10 Pack,$3.95,$0.40 each,"https://cdn.metcash.media/image/upload/f_auto,c_limit,w_300,q_auto/igashop/images/19871"
Purina Fancy Feast Classic Savoury Salmon Feast 85g,$0.95,$1.12/100g,"https://cdn.metcash.media/image/upload/f_auto,c_limit,w_300,q_auto/igashop/images/580995"
Armor All Air Freshener Card Melon,$4.60,N/A,"https://cdn.metcash.media/image/upload/f_auto,c_limit,w_300,q_auto/igashop/images/222128"
Kleenex Complete Clean Toilet Tissue Value Pack 45 Pack 45 Pack,$22.00,$0.49 each,"https://cdn.metcash.media/image/upload/f_auto,c_limit,w_300,q_auto/igashop/images/369705"
MasterFoods Steak Seasoning 45g,$3.50,$7.78/100g,"https://cdn.metcash.media/image/upload/f_auto,c_limit,w_300,q_auto/igashop/images/8854"
Australian Organic Food Co. Chicken & Vegetable Soup 330g,$3.70,$1.12/100g,"https://cdn.metcash.media/image/upload/f_auto,c_limit,w_300,q_auto/igashop/images/164333"
"Pukka Herbs Herbs Relax Herbal Tea Bags Organic & Fair Chamomile, Fennel Seed and Marshmallow Root 20 Pack",$9.00,$0.45 each,"https://cdn.metcash.media/image/upload/f_auto,c_limit,w_300,q_auto/igashop/images/150000000361"
TRESemmé Shampoo Purple Toning 500mL,$17.00,$3.40/100mL,"https://cdn.metcash.media/image/upload/f_auto,c_limit,w_300,q_auto/igashop/images/177190"
Allen's Snakes Alive Family Size 405g,$5.50,$1.36/100g,"https://cdn.metcash.media/image/upload/f_auto,c_limit,w_300,q_auto/igashop/images/659192"
Windex Glass Cleaner Trigger 500mL,$3.50,$0.70/100mL,"https://cdn.metcash.media/image/upload/f_auto,c_limit,w_300,q_auto/igashop/images/64575"
CC's Corn Chips Sausage Roll & Sauce 175g,$5.00,$2.86/100g,"https://cdn.metcash.media/image/upload/f_auto,c_limit,w_300,q_auto/igashop/images/985218"
Wild One Lean and Green Organic Juice 360mL,$5.95,$1.65/100mL,"https://cdn.metcash.media/image/upload/f_auto,c_limit,w_300,q_auto/igashop/images/20000005640"
Serious Organic Frozen Blueberries 250g,$7.80,$3.12/100g,"https://cdn.metcash.media/image/upload/f_auto,c_limit,w_300,q_auto/igashop/images/20000005971"
Up & Go Protein Energize Chocolate 6 Pack,$14.00,$2.33 each,"https://cdn.metcash.media/image/upload/f_auto,c_limit,w_300,q_auto/igashop/images/335777_2"
Armor All Vent Air Freshener Arctic Cool 2.5mL,$11.00,$440.00/100mL,"https://cdn.metcash.media/image/upload/f_auto,c_limit,w_300,q_auto/igashop/images/160000013300"
Schweppes Passionfruit Pineapple Mineral Water 10 Pack,$9.50,$0.95 each,"https://cdn.metcash.media/image/upload/f_auto,c_limit,w_300,q_auto/igashop/images/222424"
Active Expert Lemon Dishwashing Liquid 900mL,$3.00,$3.33/1L,"https://cdn.metcash.media/image/upload/f_auto,c_limit,w_300,q_auto/igashop/images/340599"
Jack N' Jill Toothbrush,$5.95,N/A,"https://cdn.metcash.media/image/upload/f_auto,c_limit,w_300,q_auto/igashop/images/20000005260"
"Mexican To Go Nachos, Guacamole Salsa & Cheese 50g",$4.00,$8.00/100g,https://www.igashop.com.au/static/default-product-image.png
Schwarzkopf Taft Fixing Spray Maximum Hold 60g,$5.20,$8.67/100g,"https://cdn.metcash.media/image/upload/f_auto,c_limit,w_300,q_auto/igashop/images/420959"
Continental Simmer Soup Dutch Curry & Rice 70g,$1.70,$2.43/100g,"https://cdn.metcash.media/image/upload/f_auto,c_limit,w_300,q_auto/igashop/images/17138"
Cadbury Cherry Ripe Berry Truffle 40g,$3.00,$7.50/100g,"https://cdn.metcash.media/image/upload/f_auto,c_limit,w_300,q_auto/igashop/images/619074"
Kinder Surprise Natoons 20g,$2.80,$14.00/100g,"https://cdn.metcash.media/image/upload/f_auto,c_limit,w_300,q_auto/igashop/images/739162"
Pedigree Dentastix Medium Dental Dog Treat 28 Pack,$19.00,$0.68 each,"https://cdn.metcash.media/image/upload/f_auto,c_limit,w_300,q_auto/igashop/images/358754"
Drunken Sailor Beetroot & Gin Relish 295g,$11.95,$4.05/100g,"https://cdn.metcash.media/image/upload/f_auto,c_limit,w_300,q_auto/igashop/images/190000001455"
Garnier Hydrobomb Mask Green Tea 28g,$4.00,$14.29/100g,"https://cdn.metcash.media/image/upload/f_auto,c_limit,w_300,q_auto/igashop/images/207042"
San Remo No. 131 Wholemeal Spirals 500g,$2.95,$0.59/100g,"https://cdn.metcash.media/image/upload/f_auto,c_limit,w_300,q_auto/igashop/images/30908"
Three Threes Mint Jelly 300g,$2.75,$0.92/100g,"https://cdn.metcash.media/image/upload/f_auto,c_limit,w_300,q_auto/igashop/images/347957"
Extra Peppermint Chewing Gum Sugar Free Bottle 64g,$4.70,$7.34/100g,"https://cdn.metcash.media/image/upload/f_auto,c_limit,w_300,q_auto/igashop/images/25725"
CSR Pure Icing Sugar 500g,$2.50,$0.50/100g,"https://cdn.metcash.media/image/upload/f_auto,c_limit,w_300,q_auto/igashop/images/404924"
Mortein PowerGard Cockroach Gel 12g,$15.00,$125.00/100g,"https://cdn.metcash.media/image/upload/f_auto,c_limit,w_300,q_auto/igashop/images/854491"
Gatorade G Active Mango Electrolyte Water Bottle 600mL,$4.20,$0.70/100mL,"https://cdn.metcash.media/image/upload/f_auto,c_limit,w_300,q_auto/igashop/images/848136"
Pineta Panettone Classico 908g,$15.20,$1.67/100g,"https://cdn.metcash.media/image/upload/f_auto,c_limit,w_300,q_auto/igashop/images/307135"
Voost Magnesium Citrus Tablets 10 Pack,$4.00,$0.40 each,"https://cdn.metcash.media/image/upload/f_auto,c_limit,w_300,q_auto/igashop/images/160000010003"
Cadbury Caramilk Easter Egg Bag 110g,$5.00,$4.55/100g,"https://cdn.metcash.media/image/upload/f_auto,c_limit,w_300,q_auto/igashop/images/727602"
Band-aid First Aid Non-irritating Paper Tape 2.5cm X 9.1m,$5.25,N/A,"https://cdn.metcash.media/image/upload/f_auto,c_limit,w_300,q_auto/igashop/images/51637"
Coca-Cola Vanilla Soft Drink Bottle 1.25L,$2.50,$2.00/1L,"https://cdn.metcash.media/image/upload/f_auto,c_limit,w_300,q_auto/igashop/images/9300675020961_0"
Cornetto Frozen Dessert Soft Cookie And Chocolate 4 Pack,$12.50,$3.13 each,https://www.igashop.com.au/static/default-product-image.png
Bellamy's Organic Step 2 Follow-On Formula 900g,$36.00,$4.00/100g,"https://cdn.metcash.media/image/upload/f_auto,c_limit,w_300,q_auto/igashop/images/489916"
Decor Match-ups Oblong Container 4L,$13.00,N/A,"https://cdn.metcash.media/image/upload/f_auto,c_limit,w_300,q_auto/igashop/images/855104"
NIVEA Ultra Sport Cooling SPF50+ Sunscreen Spray 200mL,$11.75,$5.88/100mL,"https://cdn.metcash.media/image/upload/f_auto,c_limit,w_300,q_auto/igashop/images/190000010002"
Bickford's Iced Coffee Syrup Caramel 500mL,$8.00,$1.60/100mL,"https://cdn.metcash.media/image/upload/f_auto,c_limit,w_300,q_auto/igashop/images/580050"
Sukin Rosehip Hydrating Day Cream 120mL,$28.00,$23.33/100mL,"https://cdn.metcash.media/image/upload/f_auto,c_limit,w_300,q_auto/igashop/images/809695"
Nestlé Milo PRO 15g Protein 700g,$16.00,$2.29/100g,"https://cdn.metcash.media/image/upload/f_auto,c_limit,w_300,q_auto/igashop/images/199642"
Simson's Pantry Low Carb Keto 200g,$6.00,$3.00/100g,"https://cdn.metcash.media/image/upload/f_auto,c_limit,w_300,q_auto/igashop/images/440679"
Lilydale Free Range Chicken Breast Strips 400g,$11.00,$2.75/100g,"https://cdn.metcash.media/image/upload/f_auto,c_limit,w_300,q_auto/igashop/images/712974"
The Big Cheese Mac 'N' Cheese 200g,$3.20,$1.60/100g,https://www.igashop.com.au/static/default-product-image.png
Thyme Herbs 25g,$4.00,$16.00/100g,https://www.igashop.com.au/static/default-product-image.png
French Shallots 60g,Final cost based on weight,$0.84/$13.95,"https://cdn.metcash.media/image/upload/f_auto,c_limit,w_300,q_auto/igashop/images/80060049"
Febreze With Ambi Pur Fabric Spray Anti Bacterial 370mL,$6.50,$1.76/100mL,"https://cdn.metcash.media/image/upload/f_auto,c_limit,w_300,q_auto/igashop/images/375052"
Rosella Aristocrat Onions Cocktail Red 150g,$2.40,$1.60/100g,"https://cdn.metcash.media/image/upload/f_auto,c_limit,w_300,q_auto/igashop/images/35241"
Sunbeam Almonds Flaked 100g,$6.95,$6.95/100g,"https://cdn.metcash.media/image/upload/f_auto,c_limit,w_300,q_auto/igashop/images/458211"
Chang's Egg Noodles 200g,$3.85,$1.93/100g,"https://cdn.metcash.media/image/upload/f_auto,c_limit,w_300,q_auto/igashop/images/78728"
Schwarzkopf Got2B Fresh It Up Volumizing Dry Shampoo 200mL,$15.00,$7.50/100mL,"https://cdn.metcash.media/image/upload/f_auto,c_limit,w_300,q_auto/igashop/images/941743"
MasterFoods Tomato Sauce 250mL,$3.25,$1.30/100mL,"https://cdn.metcash.media/image/upload/f_auto,c_limit,w_300,q_auto/igashop/images/948672"
Suntory BOSS Iced Double Espresso Coffee 237mL,$4.00,$1.69/100mL,"https://cdn.metcash.media/image/upload/f_auto,c_limit,w_300,q_auto/igashop/images/20000006058"
Cold Power Advanced Clean Washing Powder Laundry Detergent 4kg,$21.00,$5.25/kg,"https://cdn.metcash.media/image/upload/f_auto,c_limit,w_300,q_auto/igashop/images/806689"
Delucas Capsicum Feta & Caramelised Onion Quiche 800g,$20.95,$2.62/100g,"https://cdn.metcash.media/image/upload/f_auto,c_limit,w_300,q_auto/igashop/images/190000001724"
Cadbury Crunchie Milk Chocolate Easter Egg 110g,$7.00,$6.36/100g,"https://cdn.metcash.media/image/upload/f_auto,c_limit,w_300,q_auto/igashop/images/104752"
SunRice Long Grain White Rice 1kg,$3.00,$3.00/kg,"https://cdn.metcash.media/image/upload/f_auto,c_limit,w_300,q_auto/igashop/images/43498"
Byron Bay Chilli Co. Mild Salsa Picante 300g,$5.75,$1.92/100g,"https://cdn.metcash.media/image/upload/f_auto,c_limit,w_300,q_auto/igashop/images/190000004344"
Angas Park Figs Soft & Juicy 250g,$4.50,$1.80/100g,"https://cdn.metcash.media/image/upload/f_auto,c_limit,w_300,q_auto/igashop/images/401316"
Maggi Fusian Noodle Malaysian Laksa 5 Pack,$5.00,$1.00 each,"https://cdn.metcash.media/image/upload/f_auto,c_limit,w_300,q_auto/igashop/images/684422"
Bulla Ice Cream Murray Street Caramel Maple 4 Pack,$11.00,$2.75 each,"https://cdn.metcash.media/image/upload/f_auto,c_limit,w_300,q_auto/igashop/images/721818"
Cadbury Dairy Milk Hollow Easter Egg 100g,$7.00,$7.00/100g,"https://cdn.metcash.media/image/upload/f_auto,c_limit,w_300,q_auto/igashop/images/135342"
Ashgrove Tasty Lancashire Cheese 140g,$7.95,$5.68/100g,"https://cdn.metcash.media/image/upload/f_auto,c_limit,w_300,q_auto/igashop/images/890"
MasterFoods Garlic Steak Seasoning 50g,$3.50,$7.00/100g,"https://cdn.metcash.media/image/upload/f_auto,c_limit,w_300,q_auto/igashop/images/481824"
Pauls Premium Spiced Brandy Custard 600g,$2.00,$0.33/100g,"https://cdn.metcash.media/image/upload/f_auto,c_limit,w_300,q_auto/igashop/images/852745"
Chickadees Snack Foods Chicken 190g,$4.00,$2.11/100g,"https://cdn.metcash.media/image/upload/f_auto,c_limit,w_300,q_auto/igashop/images/202199"
EHP Labs Oxyshred Ultra Energy Kiwi Strawberry 355mL,$4.90,$1.38/100mL,https://www.igashop.com.au/static/default-product-image.png
Dynamo Professional 7 In 1 Laundry Detergent Liquid 900mL,$12.00,$1.33/100mL,"https://cdn.metcash.media/image/upload/f_auto,c_limit,w_300,q_auto/igashop/images/805586"
Baked Provisions PIE STK MSHROM 420GM 420g,$8.50,$2.02/100g,"https://cdn.metcash.media/image/upload/f_auto,c_limit,w_300,q_auto/igashop/images/20000000577"
Blistex Lip Conditioning Balm 4.25g,$6.50,$152.94/100g,https://www.igashop.com.au/static/default-product-image.png
Dynamo Professional 7 In 1 Laundry Detergent Liquid 4L,$20.50,$5.13/1L,"https://cdn.metcash.media/image/upload/f_auto,c_limit,w_300,q_auto/igashop/images/360303"
Community Co Diced Peach In Juice 4 Pack,$2.60,$0.65 each,"https://cdn.metcash.media/image/upload/f_auto,c_limit,w_300,q_auto/igashop/images/20000002221"
Wokka Peanut Noodle Satay 350g,$5.00,$1.43/100g,"https://cdn.metcash.media/image/upload/f_auto,c_limit,w_300,q_auto/igashop/images/674922"
Nestlé Milky Bar 50g,$3.00,$6.00/100g,"https://cdn.metcash.media/image/upload/f_auto,c_limit,w_300,q_auto/igashop/images/394085"
Glen 20 Spray Disinfectant All-In-One Original 175g,$7.25,$4.14/100g,"https://cdn.metcash.media/image/upload/f_auto,c_limit,w_300,q_auto/igashop/images/379849"
Natures Goodness Complete Care Adult Chicken 400g,$3.05,$0.76/100g,https://www.igashop.com.au/static/default-product-image.png
Lo Bros Kombucha Raspberry & Blackcurrant 330mL,$3.60,$1.09/100mL,"https://cdn.metcash.media/image/upload/f_auto,c_limit,w_300,q_auto/igashop/images/20000007185"
Cold Power Odour Fighter Powder Laundry Detergent 2kg,$24.00,$12.00/kg,"https://cdn.metcash.media/image/upload/f_auto,c_limit,w_300,q_auto/igashop/images/358924"
Warwick Meats Australian Beef Burgers 600g,$11.00,$1.83/100g,"https://cdn.metcash.media/image/upload/f_auto,c_limit,w_300,q_auto/igashop/images/180000001290"
Femfresh Deodorising Wash 250mL,$7.50,$3.00/100mL,"https://cdn.metcash.media/image/upload/f_auto,c_limit,w_300,q_auto/igashop/images/891558"
Olina's Bakehouse Special Crackers Chilli Garlic & Cashew 100g,$5.00,$5.00/100g,"https://cdn.metcash.media/image/upload/f_auto,c_limit,w_300,q_auto/igashop/images/1800000068972"
Redwin Sorbolene Hand Cream With Vitamin E 100g,$3.50,$3.50/100g,"https://cdn.metcash.media/image/upload/f_auto,c_limit,w_300,q_auto/igashop/images/911497"
Lee Kum Kee Sauce Sweet & Sour 240g,$4.45,$1.85/100g,"https://cdn.metcash.media/image/upload/f_auto,c_limit,w_300,q_auto/igashop/images/497689"
MasterFoods Recipe Base Curried Sausages 175g,$2.70,$1.54/100g,"https://cdn.metcash.media/image/upload/f_auto,c_limit,w_300,q_auto/igashop/images/642488"
Milton Antibacterial Solution 500mL,$11.00,$2.20/100mL,"https://cdn.metcash.media/image/upload/f_auto,c_limit,w_300,q_auto/igashop/images/608581"
My Muscle Chef Teriyaki Chicken With Basmati Rice & Green Beans 450g,$11.95,$2.66/100g,"https://cdn.metcash.media/image/upload/f_auto,c_limit,w_300,q_auto/igashop/images/575526"
Red Rock Deli Classics Sour Cream & Chives Dip 190g,$5.00,$2.63/100g,"https://cdn.metcash.media/image/upload/f_auto,c_limit,w_300,q_auto/igashop/images/327046"
Senokot Laxatives Senna Tablets 100 Pack,$12.00,$0.12 each,"https://cdn.metcash.media/image/upload/f_auto,c_limit,w_300,q_auto/igashop/images/30408"
Fresh Pasta Co Beef Lasagne 1.6kg,$33.95,$21.22/kg,"https://cdn.metcash.media/image/upload/f_auto,c_limit,w_300,q_auto/igashop/images/20000005222"
McKenzie's Chick Pea Flour Resealable 330g,$4.00,$1.21/100g,"https://cdn.metcash.media/image/upload/f_auto,c_limit,w_300,q_auto/igashop/images/345222"
Nyal Paracetamol Capsules 16 Pack,$3.50,$0.22 each,https://www.igashop.com.au/static/default-product-image.png
BabyBoo Nappy Junior Size 6 40 Pack,$11.00,$0.28 each,"https://cdn.metcash.media/image/upload/f_auto,c_limit,w_300,q_auto/igashop/images/180000002512"
Alula Gold Reflux Infant Formula 0-12 Months 900g,$32.00,$3.56/100g,"https://cdn.metcash.media/image/upload/f_auto,c_limit,w_300,q_auto/igashop/images/160000018228"
Pedigree Homestyle With Lamb Pasta & Veggies Wet Dog Food Can 700g,$2.80,$0.40/100g,"https://cdn.metcash.media/image/upload/f_auto,c_limit,w_300,q_auto/igashop/images/027691_1"
L'OR Onyx Coffee Beans 500g,$19.50,$3.90/100g,"https://cdn.metcash.media/image/upload/f_auto,c_limit,w_300,q_auto/igashop/images/180000002326"
Windex Multi-Purpose Disinfectant Cleaner Lemon 500mL,$4.30,$0.86/100mL,"https://cdn.metcash.media/image/upload/f_auto,c_limit,w_300,q_auto/igashop/images/150000006499"
Sunbeam Currants 300g,$5.40,$1.80/100g,"https://cdn.metcash.media/image/upload/f_auto,c_limit,w_300,q_auto/igashop/images/50372"
T2 Tea Bag Lemongrass Ginger 25 Pack,$14.50,$0.58 each,"https://cdn.metcash.media/image/upload/f_auto,c_limit,w_300,q_auto/igashop/images/160000003401"
Huggies Ultra Dry Nappies Girl Size 3 (6-11kg) 22 Pack,$13.00,$0.59 each,"https://cdn.metcash.media/image/upload/f_auto,c_limit,w_300,q_auto/igashop/images/592337"
Harris Smokehouse Everyday Smashed Smoked Salmon 150g,$13.95,$9.30/100g,"https://cdn.metcash.media/image/upload/f_auto,c_limit,w_300,q_auto/igashop/images/7971"
Ecostore Toilet Cleaner Eucalyptus 500mL,$8.50,$1.70/100mL,"https://cdn.metcash.media/image/upload/f_auto,c_limit,w_300,q_auto/igashop/images/190000001925"
My Dog Gourmet Beef With Roast Vegetables Flavours Dry Food 1.5kg,$11.20,$7.47/kg,"https://cdn.metcash.media/image/upload/f_auto,c_limit,w_300,q_auto/igashop/images/897643"
The Bean Alliance Ground & Drunk Organic Fairtrade Classic Ground Coffee 250g,$18.00,$7.20/100g,"https://cdn.metcash.media/image/upload/f_auto,c_limit,w_300,q_auto/igashop/images/745671"
Leo Coco Belgian White Choc & Hazelnut Spread 325g,$4.80,$1.48/100g,"https://cdn.metcash.media/image/upload/f_auto,c_limit,w_300,q_auto/igashop/images/1800000069642"
Moccona Barista Reserve Signature Collection Capsules 40 Pack,$22.00,$0.55 each,"https://cdn.metcash.media/image/upload/f_auto,c_limit,w_300,q_auto/igashop/images/1800000067712"
T2 Earl Grey Tea Bags 25 Pack,$10.90,$0.44 each,"https://cdn.metcash.media/image/upload/f_auto,c_limit,w_300,q_auto/igashop/images/160000014325"
Nature's Gift Casserole Lamb Vegetables & Barley 1.2kg,$3.80,$3.17/kg,"https://cdn.metcash.media/image/upload/f_auto,c_limit,w_300,q_auto/igashop/images/766648"
Community Co Triple Choc Brownie Ice Cream 1L,$6.50,$6.50/1L,"https://cdn.metcash.media/image/upload/f_auto,c_limit,w_300,q_auto/igashop/images/273828"
Elastoplast Rigid Sports Tape 15m,$10.00,N/A,"https://cdn.metcash.media/image/upload/f_auto,c_limit,w_300,q_auto/igashop/images/626238"
Tandaco Coating Suet Mix 250g,$5.40,$2.16/100g,"https://cdn.metcash.media/image/upload/f_auto,c_limit,w_300,q_auto/igashop/images/41014"
QBA Sourdough Seeded Loaf 450g,$5.49,$1.22/100g,"https://cdn.metcash.media/image/upload/f_auto,c_limit,w_300,q_auto/igashop/images/669922"
MasterFoods Whole Cumin Seed 28g,$3.50,$12.50/100g,"https://cdn.metcash.media/image/upload/f_auto,c_limit,w_300,q_auto/igashop/images/800298"
Arnott's Jatz Original 225g,$4.00,$1.78/100g,"https://cdn.metcash.media/image/upload/f_auto,c_limit,w_300,q_auto/igashop/images/304988"
Bickford's Cloudy Apple Cordial 750mL,$5.00,$0.67/100mL,"https://cdn.metcash.media/image/upload/f_auto,c_limit,w_300,q_auto/igashop/images/45385"
Prinetti Glass Panel Heater 2000W,$12.50,N/A,"https://cdn.metcash.media/image/upload/f_auto,c_limit,w_300,q_auto/igashop/images/631615"
Supercoat Smartblend Adult Dog Food With Chicken 7kg,$27.00,$3.86/kg,"https://cdn.metcash.media/image/upload/f_auto,c_limit,w_300,q_auto/igashop/images/662129"
TRESemmé Professional Conditioner Moisture Rich 100mL,$4.00,$4.00/100mL,"https://cdn.metcash.media/image/upload/f_auto,c_limit,w_300,q_auto/igashop/images/17824"
Granny Smith Apples Prepack 1kg,$9.50,N/A,"https://cdn.metcash.media/image/upload/f_auto,c_limit,w_300,q_auto/igashop/images/80050123"
Queen Blue Food Colour 50mL,$1.20,$2.40/100mL,"https://cdn.metcash.media/image/upload/f_auto,c_limit,w_300,q_auto/igashop/images/352253"
Cadbury Twirl Breakaway Wafer Mint Bar 32g,$2.60,$8.13/100g,"https://cdn.metcash.media/image/upload/f_auto,c_limit,w_300,q_auto/igashop/images/412697"
Whittaker's Gahan Peppermint Chocolate Block 250g,$9.00,$3.60/100g,"https://cdn.metcash.media/image/upload/f_auto,c_limit,w_300,q_auto/igashop/images/160000013069"
McCain Beer Batter Chips Shoestring 750g,$4.60,$0.61/100g,"https://cdn.metcash.media/image/upload/f_auto,c_limit,w_300,q_auto/igashop/images/151893"
Bickford's Cord Peach Tea 750mL,$5.00,$0.67/100mL,"https://cdn.metcash.media/image/upload/f_auto,c_limit,w_300,q_auto/igashop/images/62052"
Half Green Cabbage,$4.50,N/A,"https://cdn.metcash.media/image/upload/f_auto,c_limit,w_300,q_auto/igashop/images/80050140"
McCain French Fries Beer Battered Chunky Fries 750g,$5.80,$0.77/100g,"https://cdn.metcash.media/image/upload/f_auto,c_limit,w_300,q_auto/igashop/images/198811"
Mortein Insect Spray Odourless Aerosol Fly & Mosquito Killer 350g,$6.00,$1.71/100g,"https://cdn.metcash.media/image/upload/f_auto,c_limit,w_300,q_auto/igashop/images/409660"
Bega Stringers Cheddar Cheese 8 Pack,$7.00,$0.88 each,"https://cdn.metcash.media/image/upload/f_auto,c_limit,w_300,q_auto/igashop/images/118361"
Curash Soap Free Baby Wipes 80 Pack,$5.50,$0.07 each,"https://cdn.metcash.media/image/upload/f_auto,c_limit,w_300,q_auto/igashop/images/892465"
Mount Franklin Lightly Sparkling Water Natural Bottle 1.25L,$2.00,$1.60/1L,"https://cdn.metcash.media/image/upload/f_auto,c_limit,w_300,q_auto/igashop/images/33566_1"
Allen's Fantales 120g,$2.80,$2.33/100g,"https://cdn.metcash.media/image/upload/f_auto,c_limit,w_300,q_auto/igashop/images/882648"
Continental Pasta & Sauce Macaroni Cheese 80g,$2.25,$2.81/100g,https://www.igashop.com.au/static/default-product-image.png
Birds Eye Golden Crunch Potato Wedges 900g,$6.00,$0.67/100g,"https://cdn.metcash.media/image/upload/f_auto,c_limit,w_300,q_auto/igashop/images/20000006055"
Community Co Pomegranate & Poppy Seed Soap 2 Pack,$3.40,$1.70 each,"https://cdn.metcash.media/image/upload/f_auto,c_limit,w_300,q_auto/igashop/images/847211"
Illy Espresso Forte Capsules 10 Pack,$8.00,$0.80 each,"https://cdn.metcash.media/image/upload/f_auto,c_limit,w_300,q_auto/igashop/images/693976"
Oatly Oat Milk Barista Edition 1L,$5.50,$5.50/1L,"https://cdn.metcash.media/image/upload/f_auto,c_limit,w_300,q_auto/igashop/images/20000000313"
Guzzi's Fettuccine 375g,$5.95,$1.59/100g,"https://cdn.metcash.media/image/upload/f_auto,c_limit,w_300,q_auto/igashop/images/190000004778"
Pampas Shortcrust Pastry 1kg,$6.00,$6.00/kg,"https://cdn.metcash.media/image/upload/f_auto,c_limit,w_300,q_auto/igashop/images/196136"
Heinz Seriously Good Zesty Lime & Herb Mayonnaise 295mL,$5.50,$1.86/100mL,https://www.igashop.com.au/static/default-product-image.png
Pine O Cleen Disinfectant Wipes Lemon 110 Pack,$12.00,$0.11 each,"https://cdn.metcash.media/image/upload/f_auto,c_limit,w_300,q_auto/igashop/images/246290"
Greenseas Tuna Chunks in Brine 180g,$4.55,$2.53/100g,"https://cdn.metcash.media/image/upload/f_auto,c_limit,w_300,q_auto/igashop/images/19295"
Swisspers Eco Sensitive Biodegradable Facial Wipes 25 Pack,$5.85,$0.23 each,"https://cdn.metcash.media/image/upload/f_auto,c_limit,w_300,q_auto/igashop/images/990705"
Sunbeam Mixed Fruit 375g,$5.40,$1.44/100g,"https://cdn.metcash.media/image/upload/f_auto,c_limit,w_300,q_auto/igashop/images/361579"
Nutrimate Chicken 'n' Rice with Vegetables 1kg,$4.10,$4.10/kg,"https://cdn.metcash.media/image/upload/f_auto,c_limit,w_300,q_auto/igashop/images/281415"
Cadbury Dairy Milk Velvet Milk Chocolate 150g,$4.00,$2.67/100g,"https://cdn.metcash.media/image/upload/f_auto,c_limit,w_300,q_auto/igashop/images/687616"
Handee Ultra Double Length Paper Towel Single,$3.95,N/A,"https://cdn.metcash.media/image/upload/f_auto,c_limit,w_300,q_auto/igashop/images/404762"
Aunty Kath's Cookie Dough Choc Chip 450g,$8.50,$1.89/100g,"https://cdn.metcash.media/image/upload/f_auto,c_limit,w_300,q_auto/igashop/images/190936"
Nestle Kit Kat Chocolate Chunky Hazelnut 41g,$1.50,$3.66/100g,https://www.igashop.com.au/static/default-product-image.png
Foster Clark's Snak Pack Custard Pouch Vanilla 120g,$1.50,$1.25/100g,"https://cdn.metcash.media/image/upload/f_auto,c_limit,w_300,q_auto/igashop/images/865426"
Red Tractor Protein Granola Clusters Vanilla Blueberry 450g,$9.20,$2.04/100g,"https://cdn.metcash.media/image/upload/f_auto,c_limit,w_300,q_auto/igashop/images/20000007237"
Allen's Confectionery Inspired By Monopoly 160g,$5.00,$3.13/100g,"https://cdn.metcash.media/image/upload/f_auto,c_limit,w_300,q_auto/igashop/images/650774"
Harmony Bird Food Wild Bird Mix 4kg,$10.00,$2.50/kg,"https://cdn.metcash.media/image/upload/f_auto,c_limit,w_300,q_auto/igashop/images/363102"
The Cobbler Company Shoe Polish Black Shine Sponge 6mL,$6.80,$113.33/100mL,https://www.igashop.com.au/static/default-product-image.png
Bonds Women's Brief Hipster Bikini Black or White Size 12 2 Pack,$24.00,$12.00 each,"https://cdn.metcash.media/image/upload/f_auto,c_limit,w_300,q_auto/igashop/images/180000001367"
Nescafe Cappuccino Coffee Mixes Skim 10 Pack,$8.00,$0.80 each,"https://cdn.metcash.media/image/upload/f_auto,c_limit,w_300,q_auto/igashop/images/180000004756"
Harvest Beef Steak Vegetables 425g,$5.00,$1.18/100g,"https://cdn.metcash.media/image/upload/f_auto,c_limit,w_300,q_auto/igashop/images/20042"
Natures Goodness Complete Care Adult Lamb 3kg,$22.95,$7.65/kg,https://www.igashop.com.au/static/default-product-image.png
Johnson's Daily Essentials Cleansing Wipes Normal Skin 25 Pack,$7.20,$0.29 each,"https://cdn.metcash.media/image/upload/f_auto,c_limit,w_300,q_auto/igashop/images/499704"
Heinz Pumpkin & Potato + Beef Baby Food Jar 4+ months 110g,$1.20,$1.09/100g,"https://cdn.metcash.media/image/upload/f_auto,c_limit,w_300,q_auto/igashop/images/76556"
Bertolli Olive Oil Classic Spread 500g,$4.50,$0.90/100g,"https://cdn.metcash.media/image/upload/f_auto,c_limit,w_300,q_auto/igashop/images/137213"
Batiste Dry Shampoo Luxe 200mL,$13.70,$6.85/100mL,"https://cdn.metcash.media/image/upload/f_auto,c_limit,w_300,q_auto/igashop/images/954636"
NIVEA Original Care Lip Balm 4.8g,$3.00,$62.50/100g,"https://cdn.metcash.media/image/upload/f_auto,c_limit,w_300,q_auto/igashop/images/635619"
Salumi Australia Salame Classico 100g,$9.95,$9.95/100g,"https://cdn.metcash.media/image/upload/f_auto,c_limit,w_300,q_auto/igashop/images/20000001572"
Darrell Lea Peanut Brittle Milk Chocolate Block 160g,$5.00,$3.13/100g,"https://cdn.metcash.media/image/upload/f_auto,c_limit,w_300,q_auto/igashop/images/334242"
San Remo Gluten Free Bowties 250g,$4.65,$1.86/100g,"https://cdn.metcash.media/image/upload/f_auto,c_limit,w_300,q_auto/igashop/images/919348"
Park Avenue Peter Rabbit Breakfast Set With Milk Chocolate Egg 40g,$11.75,$29.38/100g,https://www.igashop.com.au/static/default-product-image.png
Birds Eye Country Harvest Corn Peas Carrots & Broccoli 500g,$4.00,$0.80/100g,"https://cdn.metcash.media/image/upload/f_auto,c_limit,w_300,q_auto/igashop/images/126335"
Golden Circle Pine Orange Fruit Juice 2L,$4.80,$2.40/1L,"https://cdn.metcash.media/image/upload/f_auto,c_limit,w_300,q_auto/igashop/images/422113"
U By Kotex Tampons Regular 16 Pack,$4.75,$0.30 each,"https://cdn.metcash.media/image/upload/f_auto,c_limit,w_300,q_auto/igashop/images/978059"
Cold Power Sensitive Pure Clean Powder Laundry Detergent 2kg,$12.00,$6.00/kg,"https://cdn.metcash.media/image/upload/f_auto,c_limit,w_300,q_auto/igashop/images/806760"
Cadbury Marvellous Creations Sharepack 160g,$5.00,$3.13/100g,"https://cdn.metcash.media/image/upload/f_auto,c_limit,w_300,q_auto/igashop/images/180000002943"
Patties Party Pies 24 Pack,$15.50,$0.65 each,"https://cdn.metcash.media/image/upload/f_auto,c_limit,w_300,q_auto/igashop/images/104626"
Quest Caramel Chocolate Chunk Protein Bar 60g,$5.40,$9.00/100g,"https://cdn.metcash.media/image/upload/f_auto,c_limit,w_300,q_auto/igashop/images/190000001537"
Arnott's Gold Label Crackers Seed Salt 100g,$3.50,$3.50/100g,"https://cdn.metcash.media/image/upload/f_auto,c_limit,w_300,q_auto/igashop/images/533150"
Sabco Sponge Duex Bathroom 2 Pack,$4.65,$2.33 each,"https://cdn.metcash.media/image/upload/f_auto,c_limit,w_300,q_auto/igashop/images/700325"
Mayver's Crunchy Peanut Butter 375g,$5.80,$1.55/100g,"https://cdn.metcash.media/image/upload/f_auto,c_limit,w_300,q_auto/igashop/images/849213"
Cholula Hot Sauce 150mL,$5.95,$3.97/100mL,"https://cdn.metcash.media/image/upload/f_auto,c_limit,w_300,q_auto/igashop/images/16000001695"
Kellogg's LCM's Rice Bubbles Kaleidos 240g,$7.50,$3.13/100g,"https://cdn.metcash.media/image/upload/f_auto,c_limit,w_300,q_auto/igashop/images/308966"
Tena Ultra Thin Pads Standard Length 12 Pack,$5.45,$0.45 each,"https://cdn.metcash.media/image/upload/f_auto,c_limit,w_300,q_auto/igashop/images/687103"
Community Co Decaf Capsules 57g,$3.55,$6.23/100g,"https://cdn.metcash.media/image/upload/f_auto,c_limit,w_300,q_auto/igashop/images/192831"
Cadbury Soft Choc Chip Cookies 156g,$5.50,$3.53/100g,"https://cdn.metcash.media/image/upload/f_auto,c_limit,w_300,q_auto/igashop/images/905501"
Poise Liners Light 18 Pack,$4.00,$0.22 each,"https://cdn.metcash.media/image/upload/f_auto,c_limit,w_300,q_auto/igashop/images/17073"
Massel Stock Powder Vegetable 168g,$4.00,$2.38/100g,"https://cdn.metcash.media/image/upload/f_auto,c_limit,w_300,q_auto/igashop/images/37861"
Cadbury Dairy Milk Easter Bunny 180g,$11.20,$6.22/100g,"https://cdn.metcash.media/image/upload/f_auto,c_limit,w_300,q_auto/igashop/images/909505"
Burgen Wholemeal & Seeds 700g,$6.00,$0.86/100g,"https://cdn.metcash.media/image/upload/f_auto,c_limit,w_300,q_auto/igashop/images/887761"
Raw Pet Meats Venison Mince 800g,$9.75,$1.22/100g,https://www.igashop.com.au/static/default-product-image.png
Mountain Dew Energised Multipack Cans 10 Pack,$19.00,$1.90 each,"https://cdn.metcash.media/image/upload/f_auto,c_limit,w_300,q_auto/igashop/images/593773"
Edgell Corn Super Sweet 4 Pack,$3.80,$0.95 each,"https://cdn.metcash.media/image/upload/f_auto,c_limit,w_300,q_auto/igashop/images/90518"
Norsca Australian Finger Lime And Gardenia Anti-Perspirant Deodorant 130g,$4.25,$3.27/100g,"https://cdn.metcash.media/image/upload/f_auto,c_limit,w_300,q_auto/igashop/images/687182"
Naked Byron Foods Vegan Aioli 435g,$9.95,$2.29/100g,"https://cdn.metcash.media/image/upload/f_auto,c_limit,w_300,q_auto/igashop/images/7980"
Edgell Chick Pea Zesty Vinaigrette 70g,$1.00,$1.43/100g,"https://cdn.metcash.media/image/upload/f_auto,c_limit,w_300,q_auto/igashop/images/128455"
John West Light Tuna in Springwater 95g,$1.45,$1.53/100g,"https://cdn.metcash.media/image/upload/f_auto,c_limit,w_300,q_auto/igashop/images/300963"
Moccona Freeze Dried Instant Coffee Mocha Kenya Style 200g,$23.60,$11.80/100g,"https://cdn.metcash.media/image/upload/f_auto,c_limit,w_300,q_auto/igashop/images/36802"
Diet Rite Soft Drink Grape Portello 1.25L,$1.50,$1.20/1L,"https://cdn.metcash.media/image/upload/f_auto,c_limit,w_300,q_auto/igashop/images/347648"
Schweppes Traditionals Raspberry Multipack Cans 10 Pack,$9.50,$0.95 each,"https://cdn.metcash.media/image/upload/f_auto,c_limit,w_300,q_auto/igashop/images/593757"
Violet Crumble Egg And Bunnies Easter Casket 110g,$10.20,$9.27/100g,https://www.igashop.com.au/static/default-product-image.png
The Cobbler Company Liquid Shoe Polish Brown 75mL,$4.30,$5.73/100mL,https://www.igashop.com.au/static/default-product-image.png
Dynamo Professional Oxi Plus Laundry Detergent Liquid 1.8L,$29.00,$16.11/1L,"https://cdn.metcash.media/image/upload/f_auto,c_limit,w_300,q_auto/igashop/images/805552"
Nature's Own Magnesium Chelate 75 Pack,$15.50,$0.21 each,"https://cdn.metcash.media/image/upload/f_auto,c_limit,w_300,q_auto/igashop/images/398872"
My Dog Beef And Liver Loaf Classics Wet Dog Food Trays 6 Pack,$8.00,$1.33 each,"https://cdn.metcash.media/image/upload/f_auto,c_limit,w_300,q_auto/igashop/images/312253"
Lifestyle Bakery Hot Cross Buns 3 Pack,$4.50,$1.50 each,"https://cdn.metcash.media/image/upload/f_auto,c_limit,w_300,q_auto/igashop/images/431633"
Head & Shoulders Sensitive Scalp Care 2 in 1 Shampoo & Conditioner 350mL,$12.00,$3.43/100mL,"https://cdn.metcash.media/image/upload/f_auto,c_limit,w_300,q_auto/igashop/images/186021"
Aeroplane Jelly Lite Strawberry 2 Pack,$2.50,$1.25 each,"https://cdn.metcash.media/image/upload/f_auto,c_limit,w_300,q_auto/igashop/images/180000000163"
Johson's Baby Soothing Powder Aloe Vera & Vitamin E 200g,$6.00,$3.00/100g,"https://cdn.metcash.media/image/upload/f_auto,c_limit,w_300,q_auto/igashop/images/295503"
Kiss Chocolates Lolly Bag Mixed 150g,$3.20,$2.13/100g,https://www.igashop.com.au/static/default-product-image.png
Lindt Lindor Salted Caramel 100g,$8.50,$8.50/100g,"https://cdn.metcash.media/image/upload/f_auto,c_limit,w_300,q_auto/igashop/images/365722"
The Cobbler Company Shoe Polish Mid Tan 38g,$3.55,$9.34/100g,https://www.igashop.com.au/static/default-product-image.png
Masterfoods Tuscan Blend 45g,$3.50,$7.78/100g,"https://cdn.metcash.media/image/upload/f_auto,c_limit,w_300,q_auto/igashop/images/180000005708"
Black & Gold Paracetamol 20 Pack,$0.80,$0.04 each,"https://cdn.metcash.media/image/upload/f_auto,c_limit,w_300,q_auto/igashop/images/406780"
Big Sister Traditional Christams Pudding 400g,$8.50,$2.13/100g,"https://cdn.metcash.media/image/upload/f_auto,c_limit,w_300,q_auto/igashop/images/20000003737"
Kellogg's Corn Flakes 725g,$6.00,$0.83/100g,"https://cdn.metcash.media/image/upload/f_auto,c_limit,w_300,q_auto/igashop/images/300015"
My Dog Jerky Real Kangaroo Strips 100g,$8.00,$8.00/100g,https://www.igashop.com.au/static/default-product-image.png
New Chinese Garden Sweet & Sour Pork 490g,$13.50,$2.76/100g,"https://cdn.metcash.media/image/upload/f_auto,c_limit,w_300,q_auto/igashop/images/20000006988"
Nicorette Quit Smoking Quick Mist Mouth Spray Freshmint 2 Pack,$40.00,$20.00 each,"https://cdn.metcash.media/image/upload/f_auto,c_limit,w_300,q_auto/igashop/images/5521"
Pork Scotch Roast 1.5kg,Final cost based on weight,$29.93/$19.95,"https://cdn.metcash.media/image/upload/f_auto,c_limit,w_300,q_auto/igashop/images/80080142"
Meiji Yan Yan Creamy Strawberry Flavour Biscuits 50g,$2.09,$4.18/100g,"https://cdn.metcash.media/image/upload/f_auto,c_limit,w_300,q_auto/igashop/images/160000013984"
Sistema To Go Portion Pod 2 Pack,$4.40,$2.20 each,"https://cdn.metcash.media/image/upload/f_auto,c_limit,w_300,q_auto/igashop/images/631762"
Australian Organic Food Co. Roast Pumpkin & Sweet Potato Soup 330g,$3.70,$1.12/100g,"https://cdn.metcash.media/image/upload/f_auto,c_limit,w_300,q_auto/igashop/images/164338"
Hakubaku Organic Soba 270g,$3.00,$1.11/100g,"https://cdn.metcash.media/image/upload/f_auto,c_limit,w_300,q_auto/igashop/images/835829"
Wokka Sauce Teriyaki 175g,$3.50,$2.00/100g,"https://cdn.metcash.media/image/upload/f_auto,c_limit,w_300,q_auto/igashop/images/675567"
Community Co Plates Dinner Sugar Cane 10 Pack,$4.00,$0.40 each,https://www.igashop.com.au/static/default-product-image.png
Philadelphia Original Spreadable Cream Cheese Tub 250g,$5.70,$2.28/100g,"https://cdn.metcash.media/image/upload/f_auto,c_limit,w_300,q_auto/igashop/images/103670"
Sprite Zero Sugar Lemonade Soft Drink 2L,$3.60,$1.80/1L,"https://cdn.metcash.media/image/upload/f_auto,c_limit,w_300,q_auto/igashop/images/9300675087162_1"
Armor All Car Care Windscreen Wash 500mL,$7.65,$1.53/100mL,"https://cdn.metcash.media/image/upload/f_auto,c_limit,w_300,q_auto/igashop/images/285804"
Beef Rump Steak 500g,Final cost based on weight,$16.00/$32.00,"https://cdn.metcash.media/image/upload/f_auto,c_limit,w_300,q_auto/igashop/images/80080007"
Nyal Cold & Flu Fighter Day & Night 24 Pack,$15.00,$0.63 each,"https://cdn.metcash.media/image/upload/f_auto,c_limit,w_300,q_auto/igashop/images/610164"
My Life BioCheese Feta 200g,$9.00,$4.50/100g,"https://cdn.metcash.media/image/upload/f_auto,c_limit,w_300,q_auto/igashop/images/160000002345"
Sunbeam Nuts Blanched Hazelnuts 120g,$5.60,$4.67/100g,"https://cdn.metcash.media/image/upload/f_auto,c_limit,w_300,q_auto/igashop/images/160000018200"
El Pato Jalapeño Sauce 355mL,$5.90,$1.66/100mL,"https://cdn.metcash.media/image/upload/f_auto,c_limit,w_300,q_auto/igashop/images/190000001503"
Cold Power Laundry Detergent Liquid Odour Fighter 2L,$12.00,$6.00/1L,"https://cdn.metcash.media/image/upload/f_auto,c_limit,w_300,q_auto/igashop/images/362164"
Mainland Buttersoft Salted Spreadable Butter 250g,$7.65,$3.06/100g,"https://cdn.metcash.media/image/upload/f_auto,c_limit,w_300,q_auto/igashop/images/172255"
Aveeno Baby Fragrance Free Daily Baby Lotion 227mL,$12.50,$5.51/100mL,"https://cdn.metcash.media/image/upload/f_auto,c_limit,w_300,q_auto/igashop/images/170000000588"
Chandler Honey Twist & Squeeze 375g,$4.00,$1.07/100g,"https://cdn.metcash.media/image/upload/f_auto,c_limit,w_300,q_auto/igashop/images/867486"
Devondale Moo Chocolate Milk 6 Pack,$7.45,$1.24 each,"https://cdn.metcash.media/image/upload/f_auto,c_limit,w_300,q_auto/igashop/images/33333"
Bega Peanut Butter Crunchy 375g,$4.90,$1.31/100g,"https://cdn.metcash.media/image/upload/f_auto,c_limit,w_300,q_auto/igashop/images/190000001344"
Kiwi Parade Gloss Shoe Polish 38g,$5.00,$13.16/100g,"https://cdn.metcash.media/image/upload/f_auto,c_limit,w_300,q_auto/igashop/images/797275"
Head & Shoulders Smooth & Silky Anti Dandruff Shampoo for Smooth & Silky Hair 660mL,$23.00,$3.48/100mL,"https://cdn.metcash.media/image/upload/f_auto,c_limit,w_300,q_auto/igashop/images/160000011008"
Poppy Custard Powder 375g,$3.95,$1.05/100g,"https://cdn.metcash.media/image/upload/f_auto,c_limit,w_300,q_auto/igashop/images/90592"
Lady Sock 3-8 Black or White,$7.40,N/A,"https://cdn.metcash.media/image/upload/f_auto,c_limit,w_300,q_auto/igashop/images/180000001376"
YoPRO Yoghurt Vanilla 160g,$3.20,$2.00/100g,"https://cdn.metcash.media/image/upload/f_auto,c_limit,w_300,q_auto/igashop/images/895816"
Community Co BBQ Sauce 500mL,$2.00,$0.40/100mL,"https://cdn.metcash.media/image/upload/f_auto,c_limit,w_300,q_auto/igashop/images/427728"
Hershey's Syrup Caramel 425g,$4.50,$1.06/100g,"https://cdn.metcash.media/image/upload/f_auto,c_limit,w_300,q_auto/igashop/images/180000003588"
Mum's Favourites Macaroons 220g,$7.50,$3.41/100g,"https://cdn.metcash.media/image/upload/f_auto,c_limit,w_300,q_auto/igashop/images/20000006890"
antipodes Still Water 500mL,$4.50,$0.90/100mL,"https://cdn.metcash.media/image/upload/f_auto,c_limit,w_300,q_auto/igashop/images/160000012034"
Nestlé Sweetened Condensed Milk 395g,$3.80,$0.96/100g,"https://cdn.metcash.media/image/upload/f_auto,c_limit,w_300,q_auto/igashop/images/453902"
Golden Circle Dark Orange 1L,$1.35,$1.35/1L,"https://cdn.metcash.media/image/upload/f_auto,c_limit,w_300,q_auto/igashop/images/357839"
Mortein Trap Secure Mouse,$13.00,N/A,"https://cdn.metcash.media/image/upload/f_auto,c_limit,w_300,q_auto/igashop/images/99229"
Patak's Mini Pappadums Plain 75g,$4.80,$6.40/100g,"https://cdn.metcash.media/image/upload/f_auto,c_limit,w_300,q_auto/igashop/images/160000000827"
Rexona Women Antiperspirant Aerosol Citrus Spritz 250mL,$6.00,$2.40/100mL,https://www.igashop.com.au/static/default-product-image.png
Masterfoods Marinade My Muscle Chef Tandoori Style 360g,$4.70,$1.31/100g,"https://cdn.metcash.media/image/upload/f_auto,c_limit,w_300,q_auto/igashop/images/345976"
Cadbury Roses Generic Tin 485g,$15.00,$3.09/100g,"https://cdn.metcash.media/image/upload/f_auto,c_limit,w_300,q_auto/igashop/images/1800000068257_2"
Bref Power Active Ocean Breeze Rim Block Toilet Cleaner 100g,$11.00,$11.00/100g,"https://cdn.metcash.media/image/upload/f_auto,c_limit,w_300,q_auto/igashop/images/683612"
Multix Drawtight Roll Garbage Bags 20 Pack,$3.90,$0.20 each,"https://cdn.metcash.media/image/upload/f_auto,c_limit,w_300,q_auto/igashop/images/49347"
Cobs Popcorn Salted & Sweet 120g,$2.80,$2.33/100g,"https://cdn.metcash.media/image/upload/f_auto,c_limit,w_300,q_auto/igashop/images/70851"
Bulldog Original Moisturiser 100mL,$7.15,$7.15/100mL,"https://cdn.metcash.media/image/upload/f_auto,c_limit,w_300,q_auto/igashop/images/160000011094"
That Chocolate Happy Belly Bunyip 15g,$1.99,$13.27/100g,"https://cdn.metcash.media/image/upload/f_auto,c_limit,w_300,q_auto/igashop/images/190000004645"
Men's Brief Fit Trunk - Black Medium,$24.00,N/A,"https://cdn.metcash.media/image/upload/f_auto,c_limit,w_300,q_auto/igashop/images/180000001364"
TRESemmé Conditioner Nourish & Shine 940mL,$9.25,$0.98/100mL,"https://cdn.metcash.media/image/upload/f_auto,c_limit,w_300,q_auto/igashop/images/509253"
Olina's Bakehouse No Gluten Natural Wafer 140g,$5.50,$3.93/100g,"https://cdn.metcash.media/image/upload/f_auto,c_limit,w_300,q_auto/igashop/images/9189"
Christmas Gift Tags Self Adhessive,$0.50,N/A,"https://cdn.metcash.media/image/upload/f_auto,c_limit,w_300,q_auto/igashop/images/277754"
Doritos XXL Corn Chips Tangy Salsa 150g,$5.00,$3.33/100g,"https://cdn.metcash.media/image/upload/f_auto,c_limit,w_300,q_auto/igashop/images/687310"
Red Rock Deli Dijon Honey Mustard 165g,$6.00,$3.64/100g,"https://cdn.metcash.media/image/upload/f_auto,c_limit,w_300,q_auto/igashop/images/543964"
Mainland Organic Butter Salted 250g,$8.50,$3.40/100g,"https://cdn.metcash.media/image/upload/f_auto,c_limit,w_300,q_auto/igashop/images/33082"
Peters Drumstick Boysenberry 4 Pack,$9.50,$2.38 each,"https://cdn.metcash.media/image/upload/f_auto,c_limit,w_300,q_auto/igashop/images/137140"
Kellogg's Corn Flakes 380g,$5.00,$1.32/100g,"https://cdn.metcash.media/image/upload/f_auto,c_limit,w_300,q_auto/igashop/images/99290"
Brita Filter Maxtra,$17.00,N/A,"https://cdn.metcash.media/image/upload/f_auto,c_limit,w_300,q_auto/igashop/images/703789"
Captain's Table Water Crackers Rosemary & Thyme 125g,$2.20,$1.76/100g,"https://cdn.metcash.media/image/upload/f_auto,c_limit,w_300,q_auto/igashop/images/977105"
Armor All Cloth Glass,$14.95,N/A,"https://cdn.metcash.media/image/upload/f_auto,c_limit,w_300,q_auto/igashop/images/299861"
SPC Fruit Snacks Pineapple In Pineapple Juice 200g,$3.05,$1.53/100g,https://www.igashop.com.au/static/default-product-image.png
V Energy Drink Cotton Candy Zero Sugar 250mL,$2.65,$1.06/100mL,"https://cdn.metcash.media/image/upload/f_auto,c_limit,w_300,q_auto/igashop/images/1800000068151"
Piranha Snaps Oregano & Thyme 25g,$1.75,$7.00/100g,"https://cdn.metcash.media/image/upload/f_auto,c_limit,w_300,q_auto/igashop/images/190000004787"
Mainland Extra Tasty Cracker Cuts 120g,$6.00,$5.00/100g,https://www.igashop.com.au/static/default-product-image.png
Old El Paso Cooking Sauce Chili Con Carne 170g,$4.50,$2.65/100g,https://www.igashop.com.au/static/default-product-image.png
Moccona & Cadbury Mocha 132g,$3.95,$2.99/100g,"https://cdn.metcash.media/image/upload/f_auto,c_limit,w_300,q_auto/igashop/images/190000009795"
McCormick Pepper Grinder Adjustable 35g,$2.70,$7.71/100g,"https://cdn.metcash.media/image/upload/f_auto,c_limit,w_300,q_auto/igashop/images/190000004546"
Birds Eye Steamfresh Prawns Garlic Butter & Olive Oil 250g,$11.20,$4.48/100g,"https://cdn.metcash.media/image/upload/f_auto,c_limit,w_300,q_auto/igashop/images/1800000067407"
Decor Match Ups Clips Juice Jug 2.4L,$16.50,N/A,"https://cdn.metcash.media/image/upload/f_auto,c_limit,w_300,q_auto/igashop/images/946379"
Prinetti Frypan Banquet,$60.00,N/A,https://www.igashop.com.au/static/default-product-image.png
Streets Golden Gaytime Ice Cream Plant Based 4 Pack,$10.00,$2.50 each,"https://cdn.metcash.media/image/upload/f_auto,c_limit,w_300,q_auto/igashop/images/976599"
Icare Everyday Facial Tissues 170 Pack,$2.25,$0.01 each,"https://cdn.metcash.media/image/upload/f_auto,c_limit,w_300,q_auto/igashop/images/883385"
Papa Joe's Bread Choc Brownie 100g,$1.55,$1.55/100g,"https://cdn.metcash.media/image/upload/f_auto,c_limit,w_300,q_auto/igashop/images/20000004506"
Pedigree Homestyle With Beef Pasta & Veggies Wet Dog Food Can 1.2kg,$4.50,$3.75/kg,"https://cdn.metcash.media/image/upload/f_auto,c_limit,w_300,q_auto/igashop/images/616607"
Dove Men+ Care Advanced Antiperspirant Aerosol Clean Comfort 250mL,$5.75,$2.30/100mL,"https://cdn.metcash.media/image/upload/f_auto,c_limit,w_300,q_auto/igashop/images/663633"
Bakers Collection Vol Au Vents Mini 12 Pack,$5.50,$0.46 each,"https://cdn.metcash.media/image/upload/f_auto,c_limit,w_300,q_auto/igashop/images/180000000356"
Toobs 5 In A Box 65g,$4.50,$6.92/100g,"https://cdn.metcash.media/image/upload/f_auto,c_limit,w_300,q_auto/igashop/images/302570"
Nurofen Pain and Inflammation Relief Gel 5% Ibuprofen 50g,$13.70,$27.40/100g,"https://cdn.metcash.media/image/upload/f_auto,c_limit,w_300,q_auto/igashop/images/77340"
Diploma Instant Full Cream Milk Powder 750g,$10.60,$1.41/100g,"https://cdn.metcash.media/image/upload/f_auto,c_limit,w_300,q_auto/igashop/images/353916"
Bickford's Juice Pomegranate 1L,$7.00,$7.00/1L,"https://cdn.metcash.media/image/upload/f_auto,c_limit,w_300,q_auto/igashop/images/806456"
Homestyle Bake Country Cafe Thick Multigrain Sliced Bread 850g,$5.50,$0.65/100g,"https://cdn.metcash.media/image/upload/f_auto,c_limit,w_300,q_auto/igashop/images/190000004812"
Yates Weed & Feed Hose On 2L,$15.40,$7.70/1L,"https://cdn.metcash.media/image/upload/f_auto,c_limit,w_300,q_auto/igashop/images/739484"
Nescafe Sachet Iced Salted Caramel Cappuccino 8 Pack,$8.00,$1.00 each,"https://cdn.metcash.media/image/upload/f_auto,c_limit,w_300,q_auto/igashop/images/20000002426"
Nerada Organics Green Tea Bags 25 Pack,$3.60,$0.14 each,"https://cdn.metcash.media/image/upload/f_auto,c_limit,w_300,q_auto/igashop/images/160000012876"
Sweet Papaya 1.3kg,Final cost based on weight,$9.75/$7.50,"https://cdn.metcash.media/image/upload/f_auto,c_limit,w_300,q_auto/igashop/images/80060114"
Griffin's Cookie Bear Stripes 200g,$3.80,$1.90/100g,"https://cdn.metcash.media/image/upload/f_auto,c_limit,w_300,q_auto/igashop/images/190000005206"
Blue Wave Gyoza Prawn 750g,$14.40,$1.92/100g,https://www.igashop.com.au/static/default-product-image.png
Heinz Pear Baby Food Jar 4+ months 110g,$1.20,$1.09/100g,"https://cdn.metcash.media/image/upload/f_auto,c_limit,w_300,q_auto/igashop/images/170000000757"
Big Lou's Donuts Raspberry Lamington 200g,$7.10,$3.55/100g,https://www.igashop.com.au/static/default-product-image.png
Life Savers Stix Sherbert Fizz Raspberry 200g,$2.50,$1.25/100g,"https://cdn.metcash.media/image/upload/f_auto,c_limit,w_300,q_auto/igashop/images/250511"
Heinz Little Kids Vanilla Custard Pouch 1-3 years 120g,$1.50,$1.25/100g,"https://cdn.metcash.media/image/upload/f_auto,c_limit,w_300,q_auto/igashop/images/170000000883"
Pauls Regular Custard White Chocolate 1kg,$2.00,$2.00/kg,"https://cdn.metcash.media/image/upload/f_auto,c_limit,w_300,q_auto/igashop/images/292408"
Ice Break Iced Coffee Triple Shot 750mL,$4.95,$0.66/100mL,"https://cdn.metcash.media/image/upload/f_auto,c_limit,w_300,q_auto/igashop/images/697022"
Black & Gold Smoked Mussels 100g,$2.00,$2.00/100g,"https://cdn.metcash.media/image/upload/f_auto,c_limit,w_300,q_auto/igashop/images/314386"
Palmolive Men Deep Clean Body Wash With Spearmint Oil pH Balanced 500mL,$3.75,$0.75/100mL,"https://cdn.metcash.media/image/upload/f_auto,c_limit,w_300,q_auto/igashop/images/340808"
Kind Dark Chocolate Nuts & Sea Salt Multipack Nut Bars 4 Pack,$6.70,$1.68 each,"https://cdn.metcash.media/image/upload/f_auto,c_limit,w_300,q_auto/igashop/images/180000001007"
Vitasoy Oat Milky 1L,$3.80,$3.80/1L,"https://cdn.metcash.media/image/upload/f_auto,c_limit,w_300,q_auto/igashop/images/160000003600"
Maggi Satay Chicken Recipe Base 43g,$1.85,$4.30/100g,"https://cdn.metcash.media/image/upload/f_auto,c_limit,w_300,q_auto/igashop/images/624689"
Bundaberg Tropical Mango 4 Pack,$6.30,$1.58 each,"https://cdn.metcash.media/image/upload/f_auto,c_limit,w_300,q_auto/igashop/images/885191"
Community Co Baby Rocket 100g,$3.00,$3.00/100g,"https://cdn.metcash.media/image/upload/f_auto,c_limit,w_300,q_auto/igashop/images/688701"
Solo Energy Lemon 500mL,$4.20,$0.84/100mL,https://www.igashop.com.au/static/default-product-image.png
Arnott's Tiny Teddy Biscuits Chocolate 8 Pack,$4.00,$0.50 each,"https://cdn.metcash.media/image/upload/f_auto,c_limit,w_300,q_auto/igashop/images/839593"
Kenilworth Choc Caramel Mousse 170g,$4.60,$2.71/100g,"https://cdn.metcash.media/image/upload/f_auto,c_limit,w_300,q_auto/igashop/images/20000005903"
Helga's Wholemeal Grain Loaf 850g,$5.20,$0.61/100g,"https://cdn.metcash.media/image/upload/f_auto,c_limit,w_300,q_auto/igashop/images/669406"
Best Foods Mayonnaise 405g,$5.25,$1.30/100g,"https://cdn.metcash.media/image/upload/f_auto,c_limit,w_300,q_auto/igashop/images/983106"
Safcol Yellowfin Tuna Chunks with Lemon & Pepper 95g,$2.30,$2.42/100g,"https://cdn.metcash.media/image/upload/f_auto,c_limit,w_300,q_auto/igashop/images/190000003255"
Piksters Shield Level 2 Face Masks 10 Pack,$11.99,$1.20 each,"https://cdn.metcash.media/image/upload/f_auto,c_limit,w_300,q_auto/igashop/images/977074"
Up & Go Liquid Breakfast Choc Ice 6 Pack,$13.00,$2.17 each,"https://cdn.metcash.media/image/upload/f_auto,c_limit,w_300,q_auto/igashop/images/440983_2"
Colman's Horseradish Sauce 250mL,$5.60,$2.24/100mL,"https://cdn.metcash.media/image/upload/f_auto,c_limit,w_300,q_auto/igashop/images/739549"
San Remo No. 4 Thin Spaghetti 500g,$2.95,$0.59/100g,"https://cdn.metcash.media/image/upload/f_auto,c_limit,w_300,q_auto/igashop/images/353796"
Baked Provisions Family Pie Apple 700g,$10.20,$1.46/100g,https://www.igashop.com.au/static/default-product-image.png
Hans Hot Dogs American 375g,$5.25,$1.40/100g,"https://cdn.metcash.media/image/upload/f_auto,c_limit,w_300,q_auto/igashop/images/133667"
Musashi Wafer Cookies & Cream 40g,$4.50,$11.25/100g,"https://cdn.metcash.media/image/upload/f_auto,c_limit,w_300,q_auto/igashop/images/588529"
Golden Waffles Light Butter 220g,$7.00,$3.18/100g,"https://cdn.metcash.media/image/upload/f_auto,c_limit,w_300,q_auto/igashop/images/450705"
Jack Hammer Cable Ties White 25 Pack,$2.60,$0.10 each,https://www.igashop.com.au/static/default-product-image.png
Latina Fresh Protein Pasta Chicken & Pesto 400g,$9.00,$2.25/100g,"https://cdn.metcash.media/image/upload/f_auto,c_limit,w_300,q_auto/igashop/images/180000004577"
Brasso Polish Metal 250mL,$13.80,$5.52/100mL,"https://cdn.metcash.media/image/upload/f_auto,c_limit,w_300,q_auto/igashop/images/467325"
Noshu Less Sugar Jellies Snake 150g,$5.50,$3.67/100g,"https://cdn.metcash.media/image/upload/f_auto,c_limit,w_300,q_auto/igashop/images/562162"
Bakers Collection Tiramisu Sponge Cake 200g,$6.50,$3.25/100g,"https://cdn.metcash.media/image/upload/f_auto,c_limit,w_300,q_auto/igashop/images/20000003010"
Extra Strawberry Chewing Gum Sugar Free Bottle 64g,$4.70,$7.34/100g,"https://cdn.metcash.media/image/upload/f_auto,c_limit,w_300,q_auto/igashop/images/761716"
"Nature's Gift Loaf Chicken, Duck & Vegetables Wet Dog Food 700g",$3.50,$0.50/100g,"https://cdn.metcash.media/image/upload/f_auto,c_limit,w_300,q_auto/igashop/images/708158"
Always Fresh Grissini Crispbread Rosemary & Sea Salt 125g,$4.50,$3.60/100g,"https://cdn.metcash.media/image/upload/f_auto,c_limit,w_300,q_auto/igashop/images/452980"
Arnott's Treatles Biscuits Mint Flavour 90g,$6.00,$6.67/100g,"https://cdn.metcash.media/image/upload/f_auto,c_limit,w_300,q_auto/igashop/images/542772"
Dove Clinical Antiperspirant Cream Pomegranate 45mL,$13.00,$28.89/100mL,"https://cdn.metcash.media/image/upload/f_auto,c_limit,w_300,q_auto/igashop/images/887229"
Garnier Fructis Sleek & Shine Serum 150mL,$12.25,$8.17/100mL,"https://cdn.metcash.media/image/upload/f_auto,c_limit,w_300,q_auto/igashop/images/526080"
Danish Fetta 1kg,Final cost based on weight,$12.95/$12.95,"https://cdn.metcash.media/image/upload/f_auto,c_limit,w_300,q_auto/igashop/images/80072042"
Listerine Zero Clean Mint Mouthwash 1L,$12.50,$12.50/1L,"https://cdn.metcash.media/image/upload/f_auto,c_limit,w_300,q_auto/igashop/images/87191"
Primo Rindless Short Cut Bacon Twin Pack 500g,$13.00,$2.60/100g,"https://cdn.metcash.media/image/upload/f_auto,c_limit,w_300,q_auto/igashop/images/134927"
Mirabella Round Clear ES Globe Warm White Filament Led 2W 250 Lumens Small Edison Screw,$6.50,N/A,"https://cdn.metcash.media/image/upload/f_auto,c_limit,w_300,q_auto/igashop/images/769743"
Nutella B-ready Wafer Biscuit 6 Pack,$6.00,$1.00 each,"https://cdn.metcash.media/image/upload/f_auto,c_limit,w_300,q_auto/igashop/images/178515"
Head & Shoulders Ultra Men 2 In 1 Old Spice Anti Dandruff Shampoo + Conditioner 400mL,$16.00,$4.00/100mL,"https://cdn.metcash.media/image/upload/f_auto,c_limit,w_300,q_auto/igashop/images/646254"
Baked Provisions Steak & Potato Pie 560g,$8.50,$1.52/100g,"https://cdn.metcash.media/image/upload/f_auto,c_limit,w_300,q_auto/igashop/images/20000000579"
Mainland Extra Tasty Cheddar Cheese Block 500g,$9.80,$1.96/100g,"https://cdn.metcash.media/image/upload/f_auto,c_limit,w_300,q_auto/igashop/images/925158"
Country Delight Cookie Choc Chip 90g,$2.55,$2.83/100g,https://www.igashop.com.au/static/default-product-image.png
Artline Permanent Marker 70 Black,$5.50,N/A,"https://cdn.metcash.media/image/upload/f_auto,c_limit,w_300,q_auto/igashop/images/236677"
Trill Food Pellets Small Birds 600g,$10.00,$1.67/100g,"https://cdn.metcash.media/image/upload/f_auto,c_limit,w_300,q_auto/igashop/images/824454"
Magnum Ice Cream Gold Almond Remix 4 Pack,$7.20,$1.80 each,"https://cdn.metcash.media/image/upload/f_auto,c_limit,w_300,q_auto/igashop/images/911162"
Maybelline Fast Gel Fushia Ecstacy 6.7mL,$7.50,$111.94/100mL,https://www.igashop.com.au/static/default-product-image.png
Edenvale Non Alcoholic Wine Chardonnay 750mL,$11.50,$1.53/100mL,"https://cdn.metcash.media/image/upload/f_auto,c_limit,w_300,q_auto/igashop/images/70500"
Birds Eye Parmesan Garlic & Basil Deli Seasoned Chips 600g,$4.95,$0.83/100g,"https://cdn.metcash.media/image/upload/f_auto,c_limit,w_300,q_auto/igashop/images/172064"
Continental Sensations Recipe Base Italian Lamb 44g,$2.25,$5.11/100g,https://www.igashop.com.au/static/default-product-image.png
Rafferty's Garden Veggie Patch Zucchini Pumpkin & Potatoes 6M+ 120g,$2.20,$1.83/100g,https://www.igashop.com.au/static/default-product-image.png
Uncle Tobys Oats Quick Sachets Breakfast Cereal Berry Protein Big Bowl 8 Pack,$7.00,$0.88 each,"https://cdn.metcash.media/image/upload/f_auto,c_limit,w_300,q_auto/igashop/images/532730"
Dairy Farmers Classic Caramel 500mL,$3.20,$0.64/100mL,"https://cdn.metcash.media/image/upload/f_auto,c_limit,w_300,q_auto/igashop/images/860248"
Colgate Total Advanced Clean Fluoride Antibacterial Toothpaste 200g,$5.50,$2.75/100g,"https://cdn.metcash.media/image/upload/f_auto,c_limit,w_300,q_auto/igashop/images/32552"
Primo Reserve Wood Smoked Prosciutto 80g,$6.30,$7.88/100g,"https://cdn.metcash.media/image/upload/f_auto,c_limit,w_300,q_auto/igashop/images/180000004934"
Devondale Colby Cheese Block 500g,$9.50,$1.90/100g,"https://cdn.metcash.media/image/upload/f_auto,c_limit,w_300,q_auto/igashop/images/165101"
MasterFoods Barbecue Sauce 500mL,$4.20,$0.84/100mL,"https://cdn.metcash.media/image/upload/f_auto,c_limit,w_300,q_auto/igashop/images/375162"
Old El Paso Mexican Reduced Salt Taco Spice Mix Mild 30g,$3.00,$10.00/100g,"https://cdn.metcash.media/image/upload/f_auto,c_limit,w_300,q_auto/igashop/images/603400"
Fresh Up Big Fizz Apple and Sum...Ahh... Fruits 500mL,$3.55,$0.71/100mL,"https://cdn.metcash.media/image/upload/f_auto,c_limit,w_300,q_auto/igashop/images/20000003786"
Cold Power Laundry Triple Capsules 3In1 Value Pack 675g,$26.00,$3.85/100g,"https://cdn.metcash.media/image/upload/f_auto,c_limit,w_300,q_auto/igashop/images/517675"
Telfast 120mg 5 Pack,$8.25,$1.65 each,"https://cdn.metcash.media/image/upload/f_auto,c_limit,w_300,q_auto/igashop/images/323699"
Vanish Napisan Laundry Products Gold Multi Power Crystal White 1kg,$17.35,$17.35/kg,"https://cdn.metcash.media/image/upload/f_auto,c_limit,w_300,q_auto/igashop/images/570314"
Community Co Mashed Potato 1kg,$5.20,$5.20/kg,https://www.igashop.com.au/static/default-product-image.png
Riviana Crab Meat In Brine 170g,$3.50,$2.06/100g,"https://cdn.metcash.media/image/upload/f_auto,c_limit,w_300,q_auto/igashop/images/651848"
Ben's Original Tomato & Basil Microwave Rice Pouch 250g,$2.00,$0.80/100g,"https://cdn.metcash.media/image/upload/f_auto,c_limit,w_300,q_auto/igashop/images/190000005245"
Bulla Creamy Classics Cookies & Cream Sandwich 4 Pack,$10.00,$2.50 each,https://www.igashop.com.au/static/default-product-image.png
Multix Bag Compostable Green Medium 18 Pack,$7.00,$0.39 each,"https://cdn.metcash.media/image/upload/f_auto,c_limit,w_300,q_auto/igashop/images/484068"
Brunnings All Purpose Potting Mix 25L,$8.50,$0.34/1L,"https://cdn.metcash.media/image/upload/f_auto,c_limit,w_300,q_auto/igashop/images/634312"
Mr Kipling Christmas Slices 225g,$2.00,$0.89/100g,"https://cdn.metcash.media/image/upload/f_auto,c_limit,w_300,q_auto/igashop/images/180000004840"
Black & Gold Table Spread 1kg,$2.80,$2.80/kg,"https://cdn.metcash.media/image/upload/f_auto,c_limit,w_300,q_auto/igashop/images/129870"
Panadol Liquid Caps 20 Pack,$6.00,$0.30 each,"https://cdn.metcash.media/image/upload/f_auto,c_limit,w_300,q_auto/igashop/images/535738"
Famous Soda Co Passionfruit Bottle 330mL,$4.00,$1.21/100mL,"https://cdn.metcash.media/image/upload/f_auto,c_limit,w_300,q_auto/igashop/images/7711"
Spice & Co Yellow Mustard Seeds 80g,$3.75,$4.69/100g,"https://cdn.metcash.media/image/upload/f_auto,c_limit,w_300,q_auto/igashop/images/190000002410"
Palmolive 3 in 1 Kids Shampoo Conditioner & Bodywash 350mL,$6.00,$1.71/100mL,"https://cdn.metcash.media/image/upload/f_auto,c_limit,w_300,q_auto/igashop/images/184731"
Butterfingers Lemon Myrtle Shortbread 175g,$8.50,$4.86/100g,"https://cdn.metcash.media/image/upload/f_auto,c_limit,w_300,q_auto/igashop/images/20000002184"
Sorbent Toilet Tissue Intimate Wipes 40 Pack,$3.75,$0.09 each,https://www.igashop.com.au/static/default-product-image.png
John West Tuna Chilli 12 Pack,$19.00,$1.58 each,"https://cdn.metcash.media/image/upload/f_auto,c_limit,w_300,q_auto/igashop/images/972812"
Vanish Napisan Oxi Action Gold Powder 900g,$12.00,$1.33/100g,"https://cdn.metcash.media/image/upload/f_auto,c_limit,w_300,q_auto/igashop/images/1800000071205"
Natures Organics Turning Point 2 In 1 Full Body Volume & Shine Shampoo & Conditioner 400mL,$2.70,$0.68/100mL,"https://cdn.metcash.media/image/upload/f_auto,c_limit,w_300,q_auto/igashop/images/423274"
Cheer Cheese Tasty Cheese Shredded 250g,$6.50,$2.60/100g,"https://cdn.metcash.media/image/upload/f_auto,c_limit,w_300,q_auto/igashop/images/156110"
McCain Pub Size Dinner Double Meat Bacon Carbonara 500g,$10.00,$2.00/100g,"https://cdn.metcash.media/image/upload/f_auto,c_limit,w_300,q_auto/igashop/images/65709"
Safcol Premium Salmon Mild Red Chilli 95g,$2.00,$2.11/100g,"https://cdn.metcash.media/image/upload/f_auto,c_limit,w_300,q_auto/igashop/images/402008"
Sourdough Vienna Multigrain 500g,$5.20,$1.04/100g,"https://cdn.metcash.media/image/upload/f_auto,c_limit,w_300,q_auto/igashop/images/805858"
Mashing Potatoes 1.5kg,$5.00,$3.33/kg,"https://cdn.metcash.media/image/upload/f_auto,c_limit,w_300,q_auto/igashop/images/180000002052"
Kellogg's Rice Bubbles 365g,$4.50,$1.23/100g,https://www.igashop.com.au/static/default-product-image.png
Bickford's Dry Tonic Water 275mL,$2.50,$9.09/1L,https://www.igashop.com.au/static/default-product-image.png
Natures Goodness Grain Free Roast Meat With Sweet Potato Chilled Dog Food 2.15kg,$8.00,$3.72/kg,"https://cdn.metcash.media/image/upload/f_auto,c_limit,w_300,q_auto/igashop/images/172344"
Grants OF AUSTRALIA Whitening Toothpaste with Baking Soda 110g,$4.75,$4.32/100g,"https://cdn.metcash.media/image/upload/f_auto,c_limit,w_300,q_auto/igashop/images/20000001781"
Cornetto Ice Confection Vanilla 120mL,$5.10,$4.25/100mL,"https://cdn.metcash.media/image/upload/f_auto,c_limit,w_300,q_auto/igashop/images/160000018179"
La Banderita Street Taco Taqueria Style 20 Pack,$8.50,$0.43 each,"https://cdn.metcash.media/image/upload/f_auto,c_limit,w_300,q_auto/igashop/images/190000000946"
The Ginger People Gin Gin Ginger Candy Chewy Spicy Apple 84g,$4.50,$5.36/100g,"https://cdn.metcash.media/image/upload/f_auto,c_limit,w_300,q_auto/igashop/images/160000013548"
Lifestyles Luxe Lubricant 100mL,$13.00,$13.00/100mL,"https://cdn.metcash.media/image/upload/f_auto,c_limit,w_300,q_auto/igashop/images/435140"
Ivan's Pie Chicken Mushroom & Leek 440g,$14.50,$3.30/100g,https://www.igashop.com.au/static/default-product-image.png
Black & Gold Fly Spray Pine 300g,$3.00,$1.00/100g,"https://cdn.metcash.media/image/upload/f_auto,c_limit,w_300,q_auto/igashop/images/50762"
Bruce Juice Orange Straight 1L,$7.99,$7.99/1L,"https://cdn.metcash.media/image/upload/f_auto,c_limit,w_300,q_auto/igashop/images/893181"
Helga's Traditional White Wraps 8 Pack,$5.50,$0.69 each,"https://cdn.metcash.media/image/upload/f_auto,c_limit,w_300,q_auto/igashop/images/727267"
Cool Ridge Spring Water 750mL,$2.50,$0.33/100mL,"https://cdn.metcash.media/image/upload/f_auto,c_limit,w_300,q_auto/igashop/images/414385"
Palmolive Micellar Rose Body Wash No Parabens No Phthalates No Alcohol Recyclable 400mL,$7.25,$1.81/100mL,"https://cdn.metcash.media/image/upload/f_auto,c_limit,w_300,q_auto/igashop/images/727937"
McKenzie's Dried Green Split Peas 500g,$1.90,$0.38/100g,"https://cdn.metcash.media/image/upload/f_auto,c_limit,w_300,q_auto/igashop/images/301985"
Tassal Cooked Frozen Aussie Tiger Prawns 1kg,$36.70,$36.70/kg,https://www.igashop.com.au/static/default-product-image.png
Hershey's Chocolate Cookies And Cream Share Bag 12 Pack,$7.50,$0.62 each,"https://cdn.metcash.media/image/upload/f_auto,c_limit,w_300,q_auto/igashop/images/619809"
Kenilworth Pickled Onion & Chives Cheese 165g,$7.50,$4.55/100g,"https://cdn.metcash.media/image/upload/f_auto,c_limit,w_300,q_auto/igashop/images/20000004280"
Kimura Giant Ramune Strawberry Flavor 410mL,$3.99,$0.97/100mL,"https://cdn.metcash.media/image/upload/f_auto,c_limit,w_300,q_auto/igashop/images/190000002229"
Black & Gold Skipjack Tuna In Springwater 95g,$1.10,$1.16/100g,"https://cdn.metcash.media/image/upload/f_auto,c_limit,w_300,q_auto/igashop/images/701300"
Razzamatazz Ladder Resist Natural Size X-Tall Tights,$3.00,N/A,"https://cdn.metcash.media/image/upload/f_auto,c_limit,w_300,q_auto/igashop/images/959178"
Armor All Car Care Multi Purpose Cleaner 500mL,$16.50,$3.30/100mL,"https://cdn.metcash.media/image/upload/f_auto,c_limit,w_300,q_auto/igashop/images/926706"
PURINA FRISKIES Adult Seafood Sensations Dry Cat Food 2.5kg,$13.90,$5.56/kg,"https://cdn.metcash.media/image/upload/f_auto,c_limit,w_300,q_auto/igashop/images/307711"
Garofalo #52 Ditali Pasta 500g,$4.20,$0.84/100g,"https://cdn.metcash.media/image/upload/f_auto,c_limit,w_300,q_auto/igashop/images/160000013911"
Nerada Organics Green Tea & Lemon Myrtle Tea Bags 50 Pack,$5.50,$0.11 each,"https://cdn.metcash.media/image/upload/f_auto,c_limit,w_300,q_auto/igashop/images/160000012866"
Community Co For U Pads Ultra Thin 14 Pack,$2.75,$0.20 each,https://www.igashop.com.au/static/default-product-image.png
i Pastai Linguine 350g,$6.00,$1.71/100g,"https://cdn.metcash.media/image/upload/f_auto,c_limit,w_300,q_auto/igashop/images/546470"
MeadowLea Buttery Margarine Spread 500g,$4.00,$0.80/100g,"https://cdn.metcash.media/image/upload/f_auto,c_limit,w_300,q_auto/igashop/images/789926"
Purina Total Care Collar Dog Lead,$17.25,N/A,"https://cdn.metcash.media/image/upload/f_auto,c_limit,w_300,q_auto/igashop/images/497273"
Beerenberg Australian Fig & Cinnamon Jam 300g,$5.80,$1.93/100g,"https://cdn.metcash.media/image/upload/f_auto,c_limit,w_300,q_auto/igashop/images/880028"
Oral-B Gum Care & Sensitive Repair Toothpaste 110g,$10.00,$9.09/100g,"https://cdn.metcash.media/image/upload/f_auto,c_limit,w_300,q_auto/igashop/images/812347"
Burgen 85% Lower Carb Sunflower & Linseed 660g,$7.00,$1.06/100g,"https://cdn.metcash.media/image/upload/f_auto,c_limit,w_300,q_auto/igashop/images/20000006364"
Peters Icy Pole Lemonade 8 Pack,$4.00,$0.50 each,"https://cdn.metcash.media/image/upload/f_auto,c_limit,w_300,q_auto/igashop/images/110821"
Red Bull Energy Drink Berry Sugar Free Edition 250mL,$3.20,$1.28/100mL,"https://cdn.metcash.media/image/upload/f_auto,c_limit,w_300,q_auto/igashop/images/180000005644"
I&J Fish Fillets Beer Battered 1.03kg,$15.00,$14.56/kg,"https://cdn.metcash.media/image/upload/f_auto,c_limit,w_300,q_auto/igashop/images/970700"
Biozet Attack Laundry Liquid Eliminator 2L,$26.00,$13.00/1L,"https://cdn.metcash.media/image/upload/f_auto,c_limit,w_300,q_auto/igashop/images/44928"
Meiji Yanyan Chocolate Snacks 50g,$2.09,$4.18/100g,https://www.igashop.com.au/static/default-product-image.png
Pukka Three Chamomile Tea Bags 20 Pack,$9.00,$0.45 each,"https://cdn.metcash.media/image/upload/f_auto,c_limit,w_300,q_auto/igashop/images/190000002067"
Oreo Double Stuff Choc Hazelnut 131g,$3.00,$2.29/100g,"https://cdn.metcash.media/image/upload/f_auto,c_limit,w_300,q_auto/igashop/images/230066"
Golden Circle Tropical Punch Fruit Drink Multipack Poppers 6 Pack,$5.10,$0.85 each,"https://cdn.metcash.media/image/upload/f_auto,c_limit,w_300,q_auto/igashop/images/18540"
Cool Ridge Spring Water 600mL,$2.40,$0.40/100mL,"https://cdn.metcash.media/image/upload/f_auto,c_limit,w_300,q_auto/igashop/images/10403"
Lenards Chicken Jumbo Burger 500g,$11.00,$2.20/100g,"https://cdn.metcash.media/image/upload/f_auto,c_limit,w_300,q_auto/igashop/images/919725"
Paul Newman's Own Dressings Balsamic Vinaigrette 250mL,$4.50,$1.80/100mL,"https://cdn.metcash.media/image/upload/f_auto,c_limit,w_300,q_auto/igashop/images/190000000974"
Don Vica Gourmet Mixed Olives 280g,$7.00,$2.50/100g,"https://cdn.metcash.media/image/upload/f_auto,c_limit,w_300,q_auto/igashop/images/471858"
Steradent Active Plus Denture Cleansing Tablets 48 Pack,$9.00,$0.19 each,"https://cdn.metcash.media/image/upload/f_auto,c_limit,w_300,q_auto/igashop/images/318487"
V Refresh Pineapple and Watermelon Energy Drink 4 Pack,$8.20,$2.05 each,"https://cdn.metcash.media/image/upload/f_auto,c_limit,w_300,q_auto/igashop/images/190000010467"
Nestlé Rolo 52g,$2.95,$5.67/100g,"https://cdn.metcash.media/image/upload/f_auto,c_limit,w_300,q_auto/igashop/images/190000001416"
Optimum Dental Care Dry Dog Food with Chicken 3kg,$23.00,$7.67/kg,"https://cdn.metcash.media/image/upload/f_auto,c_limit,w_300,q_auto/igashop/images/211960_1"
NIVEA Invisible Black & White Clear Aerosol 250mL,$4.25,$1.70/100mL,"https://cdn.metcash.media/image/upload/f_auto,c_limit,w_300,q_auto/igashop/images/218394"
Allen's Chocolate Rocky Road Loaded Egg 200g,$20.40,$10.20/100g,https://www.igashop.com.au/static/default-product-image.png
Darrell Lea Dark Chocolate Liquorice Bullets 204g,$6.00,$2.94/100g,"https://cdn.metcash.media/image/upload/f_auto,c_limit,w_300,q_auto/igashop/images/180000002554"
Old El Paso Original Mexican Taco Spice Mix Mild 30g,$3.00,$10.00/100g,"https://cdn.metcash.media/image/upload/f_auto,c_limit,w_300,q_auto/igashop/images/48684"
Lenny & Larry's The Complete Cookie Snickerdoodle 113g,$6.50,$5.75/100g,"https://cdn.metcash.media/image/upload/f_auto,c_limit,w_300,q_auto/igashop/images/160000013638"
Brookfarm Keto Premium Paleo Macadamia & Coconut Granola 330g,$18.99,$5.75/100g,"https://cdn.metcash.media/image/upload/f_auto,c_limit,w_300,q_auto/igashop/images/20000000527"
U By Kotex Feminine Pad Petite Ultrathin Regular Wing 12 Pack,$5.60,$0.47 each,https://www.igashop.com.au/static/default-product-image.png
Moccona Freeze Dried Instant Coffee Classic Dark Roast 400g,$26.00,$6.50/100g,"https://cdn.metcash.media/image/upload/f_auto,c_limit,w_300,q_auto/igashop/images/18634"
Cuddly Fabric Softener Ultra Sensitive 500mL,$5.65,$1.13/100mL,"https://cdn.metcash.media/image/upload/f_auto,c_limit,w_300,q_auto/igashop/images/303034"
Community Co Clean Freak Glass & Window Wipes 50 Pack,$2.15,$0.04 each,"https://cdn.metcash.media/image/upload/f_auto,c_limit,w_300,q_auto/igashop/images/905292"
Roza's Gourmet Vegan Mayonnaise 240mL,$9.50,$3.96/100mL,"https://cdn.metcash.media/image/upload/f_auto,c_limit,w_300,q_auto/igashop/images/160000012429"
Lynx Men Body Wash Africa 400mL,$6.50,$1.63/100mL,"https://cdn.metcash.media/image/upload/f_auto,c_limit,w_300,q_auto/igashop/images/26763"
Allen's Classic Party Mix Family Size 420g,$5.50,$1.31/100g,"https://cdn.metcash.media/image/upload/f_auto,c_limit,w_300,q_auto/igashop/images/659231"
Wattie's Tomato Sauce 565g,$7.80,$1.38/100g,"https://cdn.metcash.media/image/upload/f_auto,c_limit,w_300,q_auto/igashop/images/160000010421"
OMO Laundry Powder 3 In 1 Caps 28 Pack,$14.00,$0.50 each,"https://cdn.metcash.media/image/upload/f_auto,c_limit,w_300,q_auto/igashop/images/545848"
Cadbury Baking Dark Chocolate 70% Cacao 180g,$7.50,$4.17/100g,"https://cdn.metcash.media/image/upload/f_auto,c_limit,w_300,q_auto/igashop/images/454791"
Pauls Zymil Lactose Free Full Cream Milk 2L,$5.80,$2.90/1L,"https://cdn.metcash.media/image/upload/f_auto,c_limit,w_300,q_auto/igashop/images/624472"
Darlac Tool Diamond Sharpener Fine,$15.95,N/A,"https://cdn.metcash.media/image/upload/f_auto,c_limit,w_300,q_auto/igashop/images/874255"
Cadbury Bunny With Micro Mini Eggs 160g,$10.00,$6.25/100g,"https://cdn.metcash.media/image/upload/f_auto,c_limit,w_300,q_auto/igashop/images/674299"
Pandaroo Japanese Instant Miso Soup Fried Tofu 12g,$3.00,$25.00/100g,"https://cdn.metcash.media/image/upload/f_auto,c_limit,w_300,q_auto/igashop/images/313026"
Brut Aftershave Splash On 200mL,$5.50,$2.75/100mL,"https://cdn.metcash.media/image/upload/f_auto,c_limit,w_300,q_auto/igashop/images/56784"
Erawan Rice Stick Small 375g,$3.00,$0.80/100g,"https://cdn.metcash.media/image/upload/f_auto,c_limit,w_300,q_auto/igashop/images/379700"
Steelo Scourer Steel Wool Soap Pads Stainless 5 Pack,$3.10,$0.62 each,"https://cdn.metcash.media/image/upload/f_auto,c_limit,w_300,q_auto/igashop/images/647886"
Valcom Lemongrass 100g,$3.10,$3.10/100g,"https://cdn.metcash.media/image/upload/f_auto,c_limit,w_300,q_auto/igashop/images/498326"
Fairy Rinse Aid 360mL,$10.70,$2.97/100mL,"https://cdn.metcash.media/image/upload/f_auto,c_limit,w_300,q_auto/igashop/images/245074"
So Good Dairy Substitute Oat Milk Extra Creamy 1L,$3.00,$3.00/1L,"https://cdn.metcash.media/image/upload/f_auto,c_limit,w_300,q_auto/igashop/images/180000002405"
Whiskas So Meaty Wet Cat Food Poultry Dishes In Gravy 12 Pack,$14.50,$1.21 each,"https://cdn.metcash.media/image/upload/f_auto,c_limit,w_300,q_auto/igashop/images/65123"
Jarrah Hot Chocolate 322g,$10.75,$3.34/100g,https://www.igashop.com.au/static/default-product-image.png
Funday Sour Cola Gummy Bottles 50g,$4.20,$8.40/100g,https://www.igashop.com.au/static/default-product-image.png
Schar Ciocko Sticks Gluten Free 150g,$8.50,$5.67/100g,"https://cdn.metcash.media/image/upload/f_auto,c_limit,w_300,q_auto/igashop/images/190000004338"
Schar Biscotti Con Cioccolato 150g,$11.50,$7.67/100g,https://www.igashop.com.au/static/default-product-image.png
John West Light Tuna with Onion & Tomato 95g,$2.90,$3.05/100g,"https://cdn.metcash.media/image/upload/f_auto,c_limit,w_300,q_auto/igashop/images/333225"
Chux Biodegradable Absorbent All Purpose Cloth 2 Pack,$3.63,$1.82 each,"https://cdn.metcash.media/image/upload/f_auto,c_limit,w_300,q_auto/igashop/images/853801"
Masterfoods Sauce Smokey Chipotle Squeeze Bottle 250mL,$4.80,$1.92/100mL,"https://cdn.metcash.media/image/upload/f_auto,c_limit,w_300,q_auto/igashop/images/249625"
Poise Incontinence Pads Extra Absorbency 12 Pack,$7.70,$0.64 each,"https://cdn.metcash.media/image/upload/f_auto,c_limit,w_300,q_auto/igashop/images/373555"
OMO Laundry Powder Ultimate 1.8kg,$24.00,$13.33/kg,"https://cdn.metcash.media/image/upload/f_auto,c_limit,w_300,q_auto/igashop/images/871406"
Sunkist Orange Bottle 1.25L,$1.75,$1.40/1L,"https://cdn.metcash.media/image/upload/f_auto,c_limit,w_300,q_auto/igashop/images/352033"
Yogo Yoghurt Choc Rock 12 Pack,$9.00,$0.75 each,"https://cdn.metcash.media/image/upload/f_auto,c_limit,w_300,q_auto/igashop/images/144228"
Whiskas 1+ Years So Fishy Ocean Platter In Jelly 12 Pack,$14.50,$1.21 each,"https://cdn.metcash.media/image/upload/f_auto,c_limit,w_300,q_auto/igashop/images/798726"
Cadbury Fry's Turkish Delight Sharepack 12 Pack,$5.00,$0.42 each,"https://cdn.metcash.media/image/upload/f_auto,c_limit,w_300,q_auto/igashop/images/627179"
Korbond Lint Roller 10m,$7.50,N/A,"https://cdn.metcash.media/image/upload/f_auto,c_limit,w_300,q_auto/igashop/images/720969"
Darrell Lea Bilby Milk Chocolate 100g,$10.50,$10.50/100g,"https://cdn.metcash.media/image/upload/f_auto,c_limit,w_300,q_auto/igashop/images/180000004535"
Always Fresh Mushrooms Whole 230g,$4.60,$2.00/100g,"https://cdn.metcash.media/image/upload/f_auto,c_limit,w_300,q_auto/igashop/images/635017"
Whittaker's Peanut Slab Milk Chocolate 50g,$3.00,$6.00/100g,"https://cdn.metcash.media/image/upload/f_auto,c_limit,w_300,q_auto/igashop/images/471764"
Men's Brief Fit Trunk - Black Large,$24.00,N/A,"https://cdn.metcash.media/image/upload/f_auto,c_limit,w_300,q_auto/igashop/images/180000001363"
Haribo Goldbears 150g,$2.00,$1.33/100g,"https://cdn.metcash.media/image/upload/f_auto,c_limit,w_300,q_auto/igashop/images/806888"
Sirena Tuna with Chilli in Oil 95g,$2.00,$2.11/100g,"https://cdn.metcash.media/image/upload/f_auto,c_limit,w_300,q_auto/igashop/images/454403"
Gotzinger Wood Smoked Kabana 400g,$10.50,$2.63/100g,"https://cdn.metcash.media/image/upload/f_auto,c_limit,w_300,q_auto/igashop/images/875104"
MasterFoods Harissa Middle Eastern Spice Blend 37g,$3.50,$9.46/100g,"https://cdn.metcash.media/image/upload/f_auto,c_limit,w_300,q_auto/igashop/images/229497"
White King Premium Bleach Regular 1.25L,$3.90,$3.12/1L,"https://cdn.metcash.media/image/upload/f_auto,c_limit,w_300,q_auto/igashop/images/64680"
McCain Healthy Choice Butter Chicken 300g,$4.45,$1.48/100g,"https://cdn.metcash.media/image/upload/f_auto,c_limit,w_300,q_auto/igashop/images/190000003300"
Stitch Ripper,$3.00,N/A,"https://cdn.metcash.media/image/upload/f_auto,c_limit,w_300,q_auto/igashop/images/291601"
New Chinese Garden Mongolian Beef 530g,$13.50,$2.55/100g,"https://cdn.metcash.media/image/upload/f_auto,c_limit,w_300,q_auto/igashop/images/20000006987"
Aeroplane Jelly Strawberry 85g,$1.45,$1.71/100g,"https://cdn.metcash.media/image/upload/f_auto,c_limit,w_300,q_auto/igashop/images/416162"
V8 Purple Power Vegetable And Fruit Juice 1.25L,$3.00,$2.40/1L,"https://cdn.metcash.media/image/upload/f_auto,c_limit,w_300,q_auto/igashop/images/410352"
Cadbury Freddo Biscuits 167g,$4.00,$2.40/100g,"https://cdn.metcash.media/image/upload/f_auto,c_limit,w_300,q_auto/igashop/images/589928"
3 Star Beef Mince 500g,$9.50,$1.90/100g,"https://cdn.metcash.media/image/upload/f_auto,c_limit,w_300,q_auto/igashop/images/920394"
NIVEA Black & White Invisible Fresh Anti-Perspirant Aerosol 250mL,$4.75,$1.90/100mL,"https://cdn.metcash.media/image/upload/f_auto,c_limit,w_300,q_auto/igashop/images/190000009996"
Betty Crocker Gluten Free Chocolate Fudge Brownie Mix 450g,$8.00,$1.78/100g,"https://cdn.metcash.media/image/upload/f_auto,c_limit,w_300,q_auto/igashop/images/331964"
Fantastic Goodies Terriyaki Crackers 100g,$2.50,$2.50/100g,"https://cdn.metcash.media/image/upload/f_auto,c_limit,w_300,q_auto/igashop/images/11205"
Blue Dinosaur Paleo Bars Lamington 45g,$4.25,$9.44/100g,"https://cdn.metcash.media/image/upload/f_auto,c_limit,w_300,q_auto/igashop/images/_323055_"
Lipton Quality Black Tea Bags 100 Pack,$7.00,$0.07 each,"https://cdn.metcash.media/image/upload/f_auto,c_limit,w_300,q_auto/igashop/images/764581"
Schmackos Stix Dog Treat Beef 500g,$17.00,$3.40/100g,"https://cdn.metcash.media/image/upload/f_auto,c_limit,w_300,q_auto/igashop/images/85673"
Rosella Aristocrat White Cocktail Onions 550g,$6.00,$1.09/100g,"https://cdn.metcash.media/image/upload/f_auto,c_limit,w_300,q_auto/igashop/images/14431"
Community Co Grass Fed Beef Mince 500g,$10.00,$2.00/100g,"https://cdn.metcash.media/image/upload/f_auto,c_limit,w_300,q_auto/igashop/images/220634"
Bref Deluxe Active Gel Delicate Magnolia Toilet Cleaner 600mL,$3.50,$0.58/100mL,"https://cdn.metcash.media/image/upload/f_auto,c_limit,w_300,q_auto/igashop/images/Bref_Deluxe_Active_Gel_Delicate_Magnolia_Toilet_Cleaner_600mL_1"
Abbott's Bakery Gluten Free Farmhouse Wholemeal Bread 500g,$7.90,$1.58/100g,"https://cdn.metcash.media/image/upload/f_auto,c_limit,w_300,q_auto/igashop/images/808644"
Country Life Soap Golden Lemon 5 Pack,$4.60,$0.92 each,"https://cdn.metcash.media/image/upload/f_auto,c_limit,w_300,q_auto/igashop/images/406531"
Marathon Chicken Mini Dim Sims 900g,$14.49,$1.61/100g,https://www.igashop.com.au/static/default-product-image.png
Band-Aid Tough Strips Water Proof Extra Large 10 Pack,$4.95,$0.50 each,"https://cdn.metcash.media/image/upload/f_auto,c_limit,w_300,q_auto/igashop/images/60916"
Obela Hummus Sweet Potato 220g,$4.90,$2.23/100g,"https://cdn.metcash.media/image/upload/f_auto,c_limit,w_300,q_auto/igashop/images/20000005050_1"
La Zuppa Soup Pouch Pum Packin 400g,$4.70,$1.18/100g,https://www.igashop.com.au/static/default-product-image.png
Cadbury Old Gold Dark Chocolate More With Fruit N Nut Block 165g,$5.50,$3.33/100g,"https://cdn.metcash.media/image/upload/f_auto,c_limit,w_300,q_auto/igashop/images/547641"
Schick Exacta 2 Sensitive 6 Pack,$5.10,$0.85 each,"https://cdn.metcash.media/image/upload/f_auto,c_limit,w_300,q_auto/igashop/images/323398"
Schweppes Classic Mixers Lemon Lime & Bitters Zero Sugar 1.1L,$1.25,$1.14/1L,"https://cdn.metcash.media/image/upload/f_auto,c_limit,w_300,q_auto/igashop/images/160000003173"
Mitchum Men's Roll On Sport 50mL,$4.00,$8.00/100mL,"https://cdn.metcash.media/image/upload/f_auto,c_limit,w_300,q_auto/igashop/images/481010"
Korbond Christmas Cards 20 Pack,$2.00,$0.10 each,"https://cdn.metcash.media/image/upload/f_auto,c_limit,w_300,q_auto/igashop/images/520830"
Peckish Rice Crackers Cheddar Cheese 90g,$2.10,$2.33/100g,"https://cdn.metcash.media/image/upload/f_auto,c_limit,w_300,q_auto/igashop/images/20000007212"
Dr. Oetker Queen Gelatine Powder 36g,$2.45,$6.81/100g,"https://cdn.metcash.media/image/upload/f_auto,c_limit,w_300,q_auto/igashop/images/677941"
Kellogg's Variety Assorted Breakfast Cereals 8 Pack,$7.65,$0.96 each,"https://cdn.metcash.media/image/upload/f_auto,c_limit,w_300,q_auto/igashop/images/439039"
Swisse Manuka Honey Daily Glow Foaming Cleanser 120mL,$13.00,$10.83/100mL,"https://cdn.metcash.media/image/upload/f_auto,c_limit,w_300,q_auto/igashop/images/787903"
Thins Onion Rings Sweet Chilli & Sour Cream 85g,$3.00,$3.53/100g,"https://cdn.metcash.media/image/upload/f_auto,c_limit,w_300,q_auto/igashop/images/689993"
Jasper Coffee Juliet Blend Ground 250g,$17.95,$7.18/100g,https://www.igashop.com.au/static/default-product-image.png
ViledaAnsell Glove Disposable Heavy Duty 50 Pack,$15.50,$0.31 each,"https://cdn.metcash.media/image/upload/f_auto,c_limit,w_300,q_auto/igashop/images/276410"
MasterFoods Herbs & Spices Coriander Seeds Ground 25g,$3.50,$14.00/100g,"https://cdn.metcash.media/image/upload/f_auto,c_limit,w_300,q_auto/igashop/images/363505"
Tip Top Raisin Toast Bread 520g,$5.50,$1.06/100g,"https://cdn.metcash.media/image/upload/f_auto,c_limit,w_300,q_auto/igashop/images/664553"
V Raspberry Lemonade Energy Drink 500mL,$4.25,$0.85/100mL,"https://cdn.metcash.media/image/upload/f_auto,c_limit,w_300,q_auto/igashop/images/780655"
Allen's Kool Mints Made For Mouths 140g,$3.50,$2.50/100g,"https://cdn.metcash.media/image/upload/f_auto,c_limit,w_300,q_auto/igashop/images/608183"
Oxfam Fair Organic Fair Trade Ground World Blend Coffee 250g,$17.85,$7.14/100g,"https://cdn.metcash.media/image/upload/f_auto,c_limit,w_300,q_auto/igashop/images/75678"
Tena Lights Sensitive Incontinence Pads Normal Length 14 Pack,$7.20,$0.51 each,"https://cdn.metcash.media/image/upload/f_auto,c_limit,w_300,q_auto/igashop/images/316817"
Patak's Mild Butter Chicken Simmer Sauce 450g,$5.50,$1.22/100g,"https://cdn.metcash.media/image/upload/f_auto,c_limit,w_300,q_auto/igashop/images/160000013756"
Korbond Household Scissors,$3.30,N/A,"https://cdn.metcash.media/image/upload/f_auto,c_limit,w_300,q_auto/igashop/images/755919"
Beef Blade Steak 400g,Final cost based on weight,$8.00/$20.00,"https://cdn.metcash.media/image/upload/f_auto,c_limit,w_300,q_auto/igashop/images/80080117"
Community Co Laundry Liquid Boronia & Frangipani 1L,$3.90,$3.90/1L,https://www.igashop.com.au/static/default-product-image.png
Dine Melting Soup Tuna & Salmon Wet Cat Food Treat 40g,$1.70,$4.25/100g,"https://cdn.metcash.media/image/upload/f_auto,c_limit,w_300,q_auto/igashop/images/409733"
Birds Eye Beer Batter Chips 750g,$4.00,$0.53/100g,"https://cdn.metcash.media/image/upload/f_auto,c_limit,w_300,q_auto/igashop/images/149773"
Butterfingers Gluten Free Pure Butter Shortbread 175g,$10.95,$6.26/100g,"https://cdn.metcash.media/image/upload/f_auto,c_limit,w_300,q_auto/igashop/images/160000011977"
Multix Patty Pans 100 Pack,$4.40,$0.04 each,"https://cdn.metcash.media/image/upload/f_auto,c_limit,w_300,q_auto/igashop/images/477710"
Devondale Thickened Cream Long Life 250mL,$2.80,$1.12/100mL,"https://cdn.metcash.media/image/upload/f_auto,c_limit,w_300,q_auto/igashop/images/155232"
Extra Care Curl Flex Creme 200mL,$11.20,$5.60/100mL,"https://cdn.metcash.media/image/upload/f_auto,c_limit,w_300,q_auto/igashop/images/577227"
Cheetos Cheese & Bacon Balls 136g,$4.50,$3.31/100g,https://www.igashop.com.au/static/default-product-image.png
Mr Chen's Prawn Hargow 300g,$8.50,$2.83/100g,"https://cdn.metcash.media/image/upload/f_auto,c_limit,w_300,q_auto/igashop/images/160000014067"
Continental Sensations Soup Vine Ripened Tomato & Ricotta 54g,$3.50,$6.48/100g,"https://cdn.metcash.media/image/upload/f_auto,c_limit,w_300,q_auto/igashop/images/792348_2"
Moccona Freeze Dried Instant Coffee Classic Medium Roast 50g,$8.80,$17.60/100g,"https://cdn.metcash.media/image/upload/f_auto,c_limit,w_300,q_auto/igashop/images/10990"
Queen's Slipper Favour Playing Cards,$4.50,N/A,"https://cdn.metcash.media/image/upload/f_auto,c_limit,w_300,q_auto/igashop/images/253302"
My Muscle Chef Coconut Turmeric Chicken with Pumpkin Mash 350g,$11.95,$3.41/100g,"https://cdn.metcash.media/image/upload/f_auto,c_limit,w_300,q_auto/igashop/images/20000003342"
The Olive Branch Heavenly Green Dip 250g,$7.50,$3.00/100g,"https://cdn.metcash.media/image/upload/f_auto,c_limit,w_300,q_auto/igashop/images/20000001861"
From Basque With Love Moroccan Couscous 325g,$11.70,$3.60/100g,"https://cdn.metcash.media/image/upload/f_auto,c_limit,w_300,q_auto/igashop/images/20000007147"
Lindt Lindor 70% Cocoa Bag 123g,$9.00,$7.32/100g,"https://cdn.metcash.media/image/upload/f_auto,c_limit,w_300,q_auto/igashop/images/994615"
Marion's Kitchen Crispy Chilli Oil 190g,$5.75,$3.03/100g,"https://cdn.metcash.media/image/upload/f_auto,c_limit,w_300,q_auto/igashop/images/1800000068833"
Purina Lucky Dog Meaty Chew Adult Lamb 96g,$8.50,$8.85/100g,"https://cdn.metcash.media/image/upload/f_auto,c_limit,w_300,q_auto/igashop/images/659341"
Darrell Lea Original Liquorice 275g,$5.50,$2.00/100g,https://www.igashop.com.au/static/default-product-image.png
Youfoodz Mohit Butter Chicken 305g,$10.95,$3.59/100g,"https://cdn.metcash.media/image/upload/f_auto,c_limit,w_300,q_auto/igashop/images/970637"
Herbert Adams Pies Chunky Slow Cooked Beef 2 Pack,$10.00,$5.00 each,"https://cdn.metcash.media/image/upload/f_auto,c_limit,w_300,q_auto/igashop/images/79716"
Kellogg's Nutri-Grain Bowl 30g,$2.30,$7.67/100g,"https://cdn.metcash.media/image/upload/f_auto,c_limit,w_300,q_auto/igashop/images/20408"
Coca-Cola No Sugar Bottle 600mL 600mL,$3.50,$0.58/100mL,"https://cdn.metcash.media/image/upload/f_auto,c_limit,w_300,q_auto/igashop/images/848746"
La Zuppa Chicken Noodle Soup 300g,$3.80,$1.27/100g,"https://cdn.metcash.media/image/upload/f_auto,c_limit,w_300,q_auto/igashop/images/180000005733"
Nair Hair Removal Cream Facial Hair Remover 20g,$7.00,$35.00/100g,"https://cdn.metcash.media/image/upload/f_auto,c_limit,w_300,q_auto/igashop/images/448648"
Nutty Bay Chive & Shallot Cashew Cheese 270g,$14.95,$5.54/100g,"https://cdn.metcash.media/image/upload/f_auto,c_limit,w_300,q_auto/igashop/images/190000004047"
Farmers Market Real Tuna in Gravy Cat Food 80g,$7.40,$9.25/100g,"https://cdn.metcash.media/image/upload/f_auto,c_limit,w_300,q_auto/igashop/images/20000001240"
Huggies Baby Wipes Coconut 80 Pack,$5.00,$0.06 each,"https://cdn.metcash.media/image/upload/f_auto,c_limit,w_300,q_auto/igashop/images/671987"
Golden Bakery Goods Pancakes Dairy Free 360g,$4.50,$1.25/100g,"https://cdn.metcash.media/image/upload/f_auto,c_limit,w_300,q_auto/igashop/images/452833"
Marathon Chef Lamb Shank In Mint Gravy 1kg,Final cost based on weight,$22.00/$22.00,"https://cdn.metcash.media/image/upload/f_auto,c_limit,w_300,q_auto/igashop/images/180000048"
T2 Sleep Tight 10 Pack,$8.00,$0.80 each,"https://cdn.metcash.media/image/upload/f_auto,c_limit,w_300,q_auto/igashop/images/160000003393"
MasterFoods Stir Fry Recipe Base Creamy Thai Chicken 175g,$2.70,$1.54/100g,"https://cdn.metcash.media/image/upload/f_auto,c_limit,w_300,q_auto/igashop/images/694558"
Aptamil Prosyneo Sensitive Baby Infant Formula Formulated For Tolerance From Birth to 12 Months 900g,$34.00,$3.78/100g,"https://cdn.metcash.media/image/upload/f_auto,c_limit,w_300,q_auto/igashop/images/170000001407"
Maggi Brown Onion Gravy 31g,$1.25,$4.03/100g,"https://cdn.metcash.media/image/upload/f_auto,c_limit,w_300,q_auto/igashop/images/474877"
Tampax Pearl Compak Tampons Regular 18 Pack,$10.00,$0.56 each,"https://cdn.metcash.media/image/upload/f_auto,c_limit,w_300,q_auto/igashop/images/684707"
Kleenex Complete Clean Toilet Tissue 9 Pack,$4.00,$0.44 each,"https://cdn.metcash.media/image/upload/f_auto,c_limit,w_300,q_auto/igashop/images/849328"
Surf Laundry Capsules Tropical 390g,$14.00,$3.59/100g,"https://cdn.metcash.media/image/upload/f_auto,c_limit,w_300,q_auto/igashop/images/991162"
Eclipse Strawberry Mints Sugar Free Large Tin 40g,$3.60,$9.00/100g,"https://cdn.metcash.media/image/upload/f_auto,c_limit,w_300,q_auto/igashop/images/440661"
Tommee Tippee Trainer Straw Cup,$12.00,N/A,"https://cdn.metcash.media/image/upload/f_auto,c_limit,w_300,q_auto/igashop/images/416921"
Birds Eye Oven Bake Crumbed Wild Caught Fish Fillets 6 Pack,$6.00,$1.00 each,"https://cdn.metcash.media/image/upload/f_auto,c_limit,w_300,q_auto/igashop/images/190203"
SPC Diced Peaches In Juice 4 Pack,$4.70,$1.18 each,"https://cdn.metcash.media/image/upload/f_auto,c_limit,w_300,q_auto/igashop/images/850489"
Dishmatic Refill Extra Heavy Duty 3 Pack,$5.85,$1.95 each,"https://cdn.metcash.media/image/upload/f_auto,c_limit,w_300,q_auto/igashop/images/285537"
Continental Sensations Soup Creamy Roast Chicken & Spring Onion 61g,$3.50,$5.74/100g,"https://cdn.metcash.media/image/upload/f_auto,c_limit,w_300,q_auto/igashop/images/792233"
McKenzie's Oat Flour Resealable 250g,$4.00,$1.60/100g,"https://cdn.metcash.media/image/upload/f_auto,c_limit,w_300,q_auto/igashop/images/344268"
Breaka Chocolate Milk 500mL,$3.10,$0.62/100mL,"https://cdn.metcash.media/image/upload/f_auto,c_limit,w_300,q_auto/igashop/images/185876"
Maggi Beef Goulash Recipe Base 33g,$1.85,$5.61/100g,"https://cdn.metcash.media/image/upload/f_auto,c_limit,w_300,q_auto/igashop/images/626673"
Glad Garbage Bag Tuff Stuff Roll 20 Pack,$7.80,$0.39 each,"https://cdn.metcash.media/image/upload/f_auto,c_limit,w_300,q_auto/igashop/images/346642"
Kellogg's All-Bran Original 530g,$6.50,$1.23/100g,"https://cdn.metcash.media/image/upload/f_auto,c_limit,w_300,q_auto/igashop/images/99208"
Larder Fresh Roast Pumpkin and Chickpea Burgers 250g,$7.99,$3.20/100g,"https://cdn.metcash.media/image/upload/f_auto,c_limit,w_300,q_auto/igashop/images/20000002029"
The Bean Alliance Ground & Drunk Coffee Classic Capsules Aluminium 10 Pack,$6.95,$0.70 each,"https://cdn.metcash.media/image/upload/f_auto,c_limit,w_300,q_auto/igashop/images/583105"
Cenovis Dietary Supplements Multivitamin And Minerals Tablets 200 Pack,$8.25,$0.04 each,"https://cdn.metcash.media/image/upload/f_auto,c_limit,w_300,q_auto/igashop/images/160000018234"
NIVEA Pearl & Beauty Roll-On 50mL,$2.50,$5.00/100mL,"https://cdn.metcash.media/image/upload/f_auto,c_limit,w_300,q_auto/igashop/images/464880"
Pine O Cleen Cleaning Products Foaming Bathroom Trigger 500mL,$3.50,$0.70/100mL,"https://cdn.metcash.media/image/upload/f_auto,c_limit,w_300,q_auto/igashop/images/1800000067782"
Mum Anti Perspirant Deodorant Dry Cool Pink All Day 50mL,$3.00,$6.00/100mL,"https://cdn.metcash.media/image/upload/f_auto,c_limit,w_300,q_auto/igashop/images/607307"
Goldenfry Gravy Smooth & Rich 300g,$7.30,$2.43/100g,"https://cdn.metcash.media/image/upload/f_auto,c_limit,w_300,q_auto/igashop/images/25291"
Community Co Rich Chocolate Topping 635g,$3.50,$0.55/100g,"https://cdn.metcash.media/image/upload/f_auto,c_limit,w_300,q_auto/igashop/images/454490"
Smith's Crispy Bacon Crinkle Cut Potato Chips 150g 150g,$4.80,$3.20/100g,"https://cdn.metcash.media/image/upload/f_auto,c_limit,w_300,q_auto/igashop/images/200579"
Baby Bellies Organic Pumpkin & Carrot Softcorn 8g,$1.95,$24.38/100g,"https://cdn.metcash.media/image/upload/f_auto,c_limit,w_300,q_auto/igashop/images/604359"
Maximus Mango Passionfruit Drink 1L,$2.80,$2.80/1L,"https://cdn.metcash.media/image/upload/f_auto,c_limit,w_300,q_auto/igashop/images/865434"
SunRice Jasmine Rice Pouch 450g,$3.95,$0.88/100g,"https://cdn.metcash.media/image/upload/f_auto,c_limit,w_300,q_auto/igashop/images/57028"
Norco Cape Byron Caramel Pecan Pie 1L,$6.00,$6.00/1L,"https://cdn.metcash.media/image/upload/f_auto,c_limit,w_300,q_auto/igashop/images/1800000067747"
La Casa Del Formaggio Burrata 150g,$6.50,$4.33/100g,"https://cdn.metcash.media/image/upload/f_auto,c_limit,w_300,q_auto/igashop/images/190000002804"
Vicks VapoRub Chest Rub and Vaporizing Ointment Decongestant 100g,$14.90,$14.90/100g,"https://cdn.metcash.media/image/upload/f_auto,c_limit,w_300,q_auto/igashop/images/629927"
Whiskas 1+ Dry Cat Food Beef & Lamb Flavours 1.8kg,$11.00,$6.11/kg,"https://cdn.metcash.media/image/upload/f_auto,c_limit,w_300,q_auto/igashop/images/150000006370"
Fluffy Freshen Up Spray Spice Allure 400mL,$5.50,$1.38/100mL,"https://cdn.metcash.media/image/upload/f_auto,c_limit,w_300,q_auto/igashop/images/169951"
Dairy Farmers Lite Milk Bottle 3L,$6.80,$2.27/1L,"https://cdn.metcash.media/image/upload/f_auto,c_limit,w_300,q_auto/igashop/images/872944"
MILKLAB Oat 1L,$6.95,$6.95/1L,"https://cdn.metcash.media/image/upload/f_auto,c_limit,w_300,q_auto/igashop/images/579119"
SPC Pear Juice 850mL,$3.60,$0.42/100mL,"https://cdn.metcash.media/image/upload/f_auto,c_limit,w_300,q_auto/igashop/images/940271"
Queensland Yoghurt Plain Honey Yoghurt 500g,$6.50,$1.30/100g,"https://cdn.metcash.media/image/upload/f_auto,c_limit,w_300,q_auto/igashop/images/190000004041"
Nescafe Dolce Gusto Flat White Capsules 16 Pack,$12.00,$0.75 each,"https://cdn.metcash.media/image/upload/f_auto,c_limit,w_300,q_auto/igashop/images/431308"
Wimmers Lime Cooler 600mL,$3.49,$0.58/100mL,"https://cdn.metcash.media/image/upload/f_auto,c_limit,w_300,q_auto/igashop/images/20000004543"
Ferrero Rocher 17 Piece Cone 212g,$16.00,$7.55/100g,"https://cdn.metcash.media/image/upload/f_auto,c_limit,w_300,q_auto/igashop/images/979893"
Global Seafoods Garlic Marinated Prawn Meat 250g,$12.00,$4.80/100g,https://www.igashop.com.au/static/default-product-image.png
Chux Heavy Duty Scourer with Super Absorbent Sponge,$3.10,N/A,"https://cdn.metcash.media/image/upload/f_auto,c_limit,w_300,q_auto/igashop/images/957639"
Cadbury Freddo Crunchie Sharepack 114g,$5.00,$4.39/100g,"https://cdn.metcash.media/image/upload/f_auto,c_limit,w_300,q_auto/igashop/images/1800000067981"
Poise Adult Care Liners Extra Long 44 Pack,$10.90,$0.25 each,https://www.igashop.com.au/static/default-product-image.png
Vittoria Chocochino Dark Drinking Chocolate 375g,$6.50,$1.73/100g,"https://cdn.metcash.media/image/upload/f_auto,c_limit,w_300,q_auto/igashop/images/475742"
Armor All Cream Cut & Polish 250g,$22.00,$8.80/100g,"https://cdn.metcash.media/image/upload/f_auto,c_limit,w_300,q_auto/igashop/images/756266"
Pedigree Medium AdultDry Dog Food With Real Chicken 3kg,$15.00,$5.00/kg,"https://cdn.metcash.media/image/upload/f_auto,c_limit,w_300,q_auto/igashop/images/359289"
Decor Microsafe Easy Steam Egg Poacher,$12.00,N/A,"https://cdn.metcash.media/image/upload/f_auto,c_limit,w_300,q_auto/igashop/images/603683"
Purina Fancy Feast Adult Pet Food Petite Delight Salmon Tuna Chicken 6 Pack,$5.50,$0.92 each,"https://cdn.metcash.media/image/upload/f_auto,c_limit,w_300,q_auto/igashop/images/190135"
Whole Green Cabbage,$5.90,N/A,"https://cdn.metcash.media/image/upload/f_auto,c_limit,w_300,q_auto/igashop/images/80050008"
Decor Match-Ups Oblong Container,$4.50,N/A,"https://cdn.metcash.media/image/upload/f_auto,c_limit,w_300,q_auto/igashop/images/855206"
Primo Cocktail Franks 500g,$3.90,$0.78/100g,"https://cdn.metcash.media/image/upload/f_auto,c_limit,w_300,q_auto/igashop/images/148675"
Norco Minecraft Time To Mine 750mL,$10.00,$1.33/100mL,https://www.igashop.com.au/static/default-product-image.png
ViledaAnsell Handy Clean Disposable Gloves 24 Pack,$6.50,$0.27 each,"https://cdn.metcash.media/image/upload/f_auto,c_limit,w_300,q_auto/igashop/images/208488"
Fun Faves Variety Multipack 18 Pack,$7.50,$0.42 each,"https://cdn.metcash.media/image/upload/f_auto,c_limit,w_300,q_auto/igashop/images/20000004826"
Talon Wax Block 72g,$7.15,$9.93/100g,"https://cdn.metcash.media/image/upload/f_auto,c_limit,w_300,q_auto/igashop/images/365337"
Biore Deep Cleansing Charcoal Pore Strip 6 Pack,$7.50,$1.25 each,"https://cdn.metcash.media/image/upload/f_auto,c_limit,w_300,q_auto/igashop/images/938096"
Nerada Organics Chai Tea Bags 50 Pack,$5.10,$0.10 each,"https://cdn.metcash.media/image/upload/f_auto,c_limit,w_300,q_auto/igashop/images/160000012874"
Nurofen Pain And Inflammation Relief Tablets 200mg Ibuprofen 12 Pack,$5.00,$0.42 each,"https://cdn.metcash.media/image/upload/f_auto,c_limit,w_300,q_auto/igashop/images/76873"
Palmolive Ultra Antibacterial Vanilla & Berries 500mL,$5.00,$1.00/100mL,"https://cdn.metcash.media/image/upload/f_auto,c_limit,w_300,q_auto/igashop/images/180000001635"
Wiltshire Square Pan 20cm,$6.00,N/A,"https://cdn.metcash.media/image/upload/f_auto,c_limit,w_300,q_auto/igashop/images/288250"
Clairol Nice'N Easy Permanent Hair Colour Natural Medium Brown,$11.00,N/A,"https://cdn.metcash.media/image/upload/f_auto,c_limit,w_300,q_auto/igashop/images/580806"
Dove Deodorant Stick Raspberry Rose 81g,$16.00,$19.75/100g,https://www.igashop.com.au/static/default-product-image.png
Beerenberg Bavarian Mustard 150g,$5.10,$3.40/100g,"https://cdn.metcash.media/image/upload/f_auto,c_limit,w_300,q_auto/igashop/images/190000000992"
San Remo Pearl CousCous 300g,$3.00,$1.00/100g,"https://cdn.metcash.media/image/upload/f_auto,c_limit,w_300,q_auto/igashop/images/412595"
Optimum Healthy Weight Dog Treat With Lamb & Kangaroo Pouch 100g,$7.50,$7.50/100g,"https://cdn.metcash.media/image/upload/f_auto,c_limit,w_300,q_auto/igashop/images/174532"
Tip Top Bread 9 Grain Wholemeal 750g,$4.50,$0.60/100g,"https://cdn.metcash.media/image/upload/f_auto,c_limit,w_300,q_auto/igashop/images/953588"
Norco Cape Byron Affogato 380mL,$8.00,$2.11/100mL,https://www.igashop.com.au/static/default-product-image.png
Global Seafoods Cooked Tail On 500g,$23.45,$4.69/100g,"https://cdn.metcash.media/image/upload/f_auto,c_limit,w_300,q_auto/igashop/images/219413"
Thursday Plantation Aloe Antiseptic Gel Aid 100g,$11.00,$11.00/100g,"https://cdn.metcash.media/image/upload/f_auto,c_limit,w_300,q_auto/igashop/images/835942"
Nestlé KitKat Santa 29g,$0.50,$1.72/100g,"https://cdn.metcash.media/image/upload/f_auto,c_limit,w_300,q_auto/igashop/images/661505"
Lilydale Chicken Thigh Fillet Bulk 1kg,$19.00,$19.00/kg,"https://cdn.metcash.media/image/upload/f_auto,c_limit,w_300,q_auto/igashop/images/180075"
Energizer Maximum 9V 522,$10.80,N/A,"https://cdn.metcash.media/image/upload/f_auto,c_limit,w_300,q_auto/igashop/images/218140"
San Remo Gluten Free Original Fettuccine 350g,$4.00,$1.14/100g,"https://cdn.metcash.media/image/upload/f_auto,c_limit,w_300,q_auto/igashop/images/903012"
Lindt Lindor Window Gift Box Limited Edition Assorted 430g,$35.00,$8.14/100g,"https://cdn.metcash.media/image/upload/f_auto,c_limit,w_300,q_auto/igashop/images/443897"
Healtheries Potato Stix Roast Potato Flavour 6 Pack,$4.50,$0.75 each,"https://cdn.metcash.media/image/upload/f_auto,c_limit,w_300,q_auto/igashop/images/975483"
Original Juice Co Pulp 1.5L,$7.00,$4.67/1L,"https://cdn.metcash.media/image/upload/f_auto,c_limit,w_300,q_auto/igashop/images/115761"
Strepsils Plus Anaesthetic Lozenges 16 Pack,$10.00,$0.63 each,"https://cdn.metcash.media/image/upload/f_auto,c_limit,w_300,q_auto/igashop/images/386825"
Bondi Sands Self Tanning Foam Light/Medium 200mL,$21.95,$10.98/100mL,"https://cdn.metcash.media/image/upload/f_auto,c_limit,w_300,q_auto/igashop/images/462888"
Prime Hydration Strawberry Banana 500mL,$4.60,$0.92/100mL,https://www.igashop.com.au/static/default-product-image.png
Sunbeam Almonds Flaked 300g,$15.30,$5.10/100g,"https://cdn.metcash.media/image/upload/f_auto,c_limit,w_300,q_auto/igashop/images/302096"
BIC Cristal Black Ballpoint Pens 5 Pack,$3.30,$0.66 each,"https://cdn.metcash.media/image/upload/f_auto,c_limit,w_300,q_auto/igashop/images/702173"
Kellogg's High Protein Granola Forest Berries 450g,$9.00,$2.00/100g,"https://cdn.metcash.media/image/upload/f_auto,c_limit,w_300,q_auto/igashop/images/180000006376"
Purina Fancy Feast Gravy Lovers Pet Food Chicken In Gravy Multipack 6 Pack,$7.00,$1.17 each,"https://cdn.metcash.media/image/upload/f_auto,c_limit,w_300,q_auto/igashop/images/180000003652"
L'Oréal Paris Men Expert Hydra Energetic Moisturiser 50mL,$20.00,$40.00/100mL,"https://cdn.metcash.media/image/upload/f_auto,c_limit,w_300,q_auto/igashop/images/79907"
Australia's Own UHT Full Cream 250mL,$3.20,$12.80/1L,"https://cdn.metcash.media/image/upload/f_auto,c_limit,w_300,q_auto/igashop/images/235053"
Disprin Tablets 300mg 24 Pack,$5.10,$0.21 each,"https://cdn.metcash.media/image/upload/f_auto,c_limit,w_300,q_auto/igashop/images/682179"
Heinz One Pan Spanish Style Veg Paella 600g,$10.00,$1.67/100g,"https://cdn.metcash.media/image/upload/f_auto,c_limit,w_300,q_auto/igashop/images/531417"
White Wings Cake In A Cup Double Chocolate 220g,$4.50,$2.05/100g,"https://cdn.metcash.media/image/upload/f_auto,c_limit,w_300,q_auto/igashop/images/616343"
Aeroplane Jelly Souz Peach 85g,$1.80,$2.12/100g,https://www.igashop.com.au/static/default-product-image.png
Princi Smallgoods Sliced Cacciatore Hot 120g,$7.99,$6.66/100g,"https://cdn.metcash.media/image/upload/f_auto,c_limit,w_300,q_auto/igashop/images/190000004992"
Maleny Dairies Custard 1L,$5.80,$5.80/1L,"https://cdn.metcash.media/image/upload/f_auto,c_limit,w_300,q_auto/igashop/images/190000003884"
Dynamo Professional 7 In 1 Capsules 48 Pack,$45.00,$0.94 each,https://www.igashop.com.au/static/default-product-image.png
Lebanese Cucumbers 140g,Final cost based on weight,$1.05/$7.50,"https://cdn.metcash.media/image/upload/f_auto,c_limit,w_300,q_auto/igashop/images/80060041"
Mum Dry Anti Perspirant Deodorant Dry Active All Day 50mL,$3.00,$6.00/100mL,"https://cdn.metcash.media/image/upload/f_auto,c_limit,w_300,q_auto/igashop/images/607250"
Impulse Body Spray Aerosol Deodorant Illusions 75mL,$6.00,$8.00/100mL,"https://cdn.metcash.media/image/upload/f_auto,c_limit,w_300,q_auto/igashop/images/139935"
Lindt Prestige Selection 345g,$30.00,$8.70/100g,"https://cdn.metcash.media/image/upload/f_auto,c_limit,w_300,q_auto/igashop/images/160000018220"
Bakers Collection Christmas Puddings 4 Pack 320g,$10.00,$3.13/100g,"https://cdn.metcash.media/image/upload/f_auto,c_limit,w_300,q_auto/igashop/images/180000002094"
Pauls Full Cream Milk 1L,$3.05,$3.05/1L,"https://cdn.metcash.media/image/upload/f_auto,c_limit,w_300,q_auto/igashop/images/38841"
Arnott's Tina Wafer Biscuits 200g,$4.00,$2.00/100g,"https://cdn.metcash.media/image/upload/f_auto,c_limit,w_300,q_auto/igashop/images/170000000463"
Décor MicroSafe Round Container 1.5 Litre,$8.50,N/A,"https://cdn.metcash.media/image/upload/f_auto,c_limit,w_300,q_auto/igashop/images/714201"
Norco Reduced Fat Milk 2L,$4.50,$2.25/1L,"https://cdn.metcash.media/image/upload/f_auto,c_limit,w_300,q_auto/igashop/images/8326"
Magnum Ice Cream Honeycomb Crunch Dessert Sticks 4 Pack,$12.00,$3.00 each,"https://cdn.metcash.media/image/upload/f_auto,c_limit,w_300,q_auto/igashop/images/608617"
Dishmatic Refill Pot & Grill 2 Pack,$7.00,$3.50 each,"https://cdn.metcash.media/image/upload/f_auto,c_limit,w_300,q_auto/igashop/images/202937"
Hava Heart 110g,$5.60,$5.09/100g,"https://cdn.metcash.media/image/upload/f_auto,c_limit,w_300,q_auto/igashop/images/20000004839"
Blue Wave Salt & Pepper Squid 1kg,$18.90,$18.90/kg,https://www.igashop.com.au/static/default-product-image.png
Red Bull Energy Drink Zero Can 250mL,$3.20,$1.28/100mL,"https://cdn.metcash.media/image/upload/f_auto,c_limit,w_300,q_auto/igashop/images/400077"
Nature's Way Adult Vita Gummies Omega - 3 110 Pack,$28.55,$0.26 each,"https://cdn.metcash.media/image/upload/f_auto,c_limit,w_300,q_auto/igashop/images/78980"
White King Toilet Gel Lavender 700mL,$3.95,$0.56/100mL,"https://cdn.metcash.media/image/upload/f_auto,c_limit,w_300,q_auto/igashop/images/450446"
Maggi Fusian 2 Minute Instant Mi Goreng Noodle Hot & Spicy Cup 65g,$1.25,$1.92/100g,"https://cdn.metcash.media/image/upload/f_auto,c_limit,w_300,q_auto/igashop/images/81734"
Schick Hydro Skin Sensitive Gel 70g,$5.65,$8.07/100g,"https://cdn.metcash.media/image/upload/f_auto,c_limit,w_300,q_auto/igashop/images/190000000030"
McVitie's Hobnobs Milk Chocolate Oat Snap Cookie 262g,$5.50,$2.10/100g,"https://cdn.metcash.media/image/upload/f_auto,c_limit,w_300,q_auto/igashop/images/150000007956"
Nestlé Cerelac Cereal Infant Nutrition Baby 200g,$6.70,$3.35/100g,"https://cdn.metcash.media/image/upload/f_auto,c_limit,w_300,q_auto/igashop/images/49295"
Palmolive Naturals Milk & Cherry Blossom Body Wash with Moisturising Milk 0% Parabens Recyclable 1L,$12.00,$12.00/1L,"https://cdn.metcash.media/image/upload/f_auto,c_limit,w_300,q_auto/igashop/images/321118"
Kleenex Wellbeing Facial Tissues Aloe Vera & Vitamin E 3-Ply 60 Pack,$3.00,$0.05 each,"https://cdn.metcash.media/image/upload/f_auto,c_limit,w_300,q_auto/igashop/images/455263"
From Basque With Love Paella Rice 325g,$11.70,$3.60/100g,"https://cdn.metcash.media/image/upload/f_auto,c_limit,w_300,q_auto/igashop/images/20000007150"
T2 French Early Grey Tea Bags 10 Pack,$8.00,$0.80 each,"https://cdn.metcash.media/image/upload/f_auto,c_limit,w_300,q_auto/igashop/images/160000014318"
Purina Friskies Adult Pet Food Indoor Delight 700g,$5.60,$0.80/100g,"https://cdn.metcash.media/image/upload/f_auto,c_limit,w_300,q_auto/igashop/images/557390"
Dettol Tru Clean Wipes Zesty Citrus & Lemongrass 90 Pack,$11.00,$0.12 each,"https://cdn.metcash.media/image/upload/f_auto,c_limit,w_300,q_auto/igashop/images/586409"
Daily Juice Orange Juice Pulp Free 500mL,$3.55,$0.71/100mL,"https://cdn.metcash.media/image/upload/f_auto,c_limit,w_300,q_auto/igashop/images/131241"
Tommee Tippee Softeechew Baby Teether BPA Free 3+ Months,$10.00,N/A,https://www.igashop.com.au/static/default-product-image.png
Farmers Union Yoghurt Greek Yoghurt 130g,$2.15,$1.65/100g,"https://cdn.metcash.media/image/upload/f_auto,c_limit,w_300,q_auto/igashop/images/664121"
Lindor Milk Salted Caramel Bag 123g,$13.00,$10.57/100g,"https://cdn.metcash.media/image/upload/f_auto,c_limit,w_300,q_auto/igashop/images/499513"
Toscano Chocolate Filled Croissant 270g,$7.00,$2.59/100g,https://www.igashop.com.au/static/default-product-image.png
Swisse Women's Ultivite Multivitamin 30 Pack,$20.00,$0.67 each,"https://cdn.metcash.media/image/upload/f_auto,c_limit,w_300,q_auto/igashop/images/462639"
Darrell Lea Rocky Road Raspberry 180g,$7.00,$3.89/100g,"https://cdn.metcash.media/image/upload/f_auto,c_limit,w_300,q_auto/igashop/images/196733"
Colgate Total Advanced Fresh Antibacterial Gel Toothpaste 200g,$11.00,$5.50/100g,"https://cdn.metcash.media/image/upload/f_auto,c_limit,w_300,q_auto/igashop/images/29397"
Only Organic Baby Food Strawberry & Apple Oat Bars 6 Pack,$5.50,$0.92 each,https://www.igashop.com.au/static/default-product-image.png
Nutrimate Lamb 'n' Rice with Vegetables 1kg,$4.10,$4.10/kg,"https://cdn.metcash.media/image/upload/f_auto,c_limit,w_300,q_auto/igashop/images/281711"
Continental Rice Thai Coconut & Lemon Grass 115g,$3.50,$3.04/100g,"https://cdn.metcash.media/image/upload/f_auto,c_limit,w_300,q_auto/igashop/images/282741"
Bundy Juice Orange & Mango 2L,$6.50,$3.25/1L,"https://cdn.metcash.media/image/upload/f_auto,c_limit,w_300,q_auto/igashop/images/20000006356"
Griffin's Milk Chocolate Roughs 200g,$5.50,$2.75/100g,"https://cdn.metcash.media/image/upload/f_auto,c_limit,w_300,q_auto/igashop/images/190000005214"
J&Co Olives Mixed Marinated 250g,$7.50,$3.00/100g,"https://cdn.metcash.media/image/upload/f_auto,c_limit,w_300,q_auto/igashop/images/190000005061"
Carman's Aussie Oat Bar Strawberry & Cream 5 Pack,$5.50,$1.10 each,"https://cdn.metcash.media/image/upload/f_auto,c_limit,w_300,q_auto/igashop/images/828893"
Pineta Pandoro Classic 750g,$4.00,$0.53/100g,https://www.igashop.com.au/static/default-product-image.png
Colgate Optic White Sparkling White Teeth Whitening Toothpaste 140g,$10.00,$7.14/100g,"https://cdn.metcash.media/image/upload/f_auto,c_limit,w_300,q_auto/igashop/images/377452"
Robert Timms Coffee Bags Italian Espresso 24 Pack,$13.00,$0.54 each,"https://cdn.metcash.media/image/upload/f_auto,c_limit,w_300,q_auto/igashop/images/1800000067828"
Diggers Methylated Spirits 1L,$5.80,$5.80/1L,"https://cdn.metcash.media/image/upload/f_auto,c_limit,w_300,q_auto/igashop/images/35186"
MasterFoods Tuscan Seasoning 40g,$3.50,$8.75/100g,"https://cdn.metcash.media/image/upload/f_auto,c_limit,w_300,q_auto/igashop/images/170000002782"
Nestle Kit Kat Chocolate Gooey Chocolate Block 170g,$5.25,$3.09/100g,"https://cdn.metcash.media/image/upload/f_auto,c_limit,w_300,q_auto/igashop/images/1800000067737"
Vegemite Spread 150g,$4.20,$2.80/100g,"https://cdn.metcash.media/image/upload/f_auto,c_limit,w_300,q_auto/igashop/images/59952"
Noshu Bar Low Carb Indulgence Bars Chocolate Mint 150g,$7.70,$5.13/100g,"https://cdn.metcash.media/image/upload/f_auto,c_limit,w_300,q_auto/igashop/images/272945"
Bega Cheese Slices Regular 216g,$4.80,$2.22/100g,"https://cdn.metcash.media/image/upload/f_auto,c_limit,w_300,q_auto/igashop/images/734277"
Poise Pad Adultcare Poise Livefree Super 12 Pack,$6.95,$0.58 each,"https://cdn.metcash.media/image/upload/f_auto,c_limit,w_300,q_auto/igashop/images/1800000067789"
Toblerone Crunchy Almond 360g,$20.00,$5.56/100g,"https://cdn.metcash.media/image/upload/f_auto,c_limit,w_300,q_auto/igashop/images/310510"
Dine Desire Tuna & Prawn In Sauce Grain Free Wet Cat Food 85g,$2.50,$2.94/100g,"https://cdn.metcash.media/image/upload/f_auto,c_limit,w_300,q_auto/igashop/images/25089"
Multix Freezer Bag Handy Ties Medium 60 Pack,$2.80,$0.05 each,"https://cdn.metcash.media/image/upload/f_auto,c_limit,w_300,q_auto/igashop/images/340230"
Nescafe Gold Cappuccino 98% Sugar Free Caramel 26 Pack,$12.50,$0.48 each,"https://cdn.metcash.media/image/upload/f_auto,c_limit,w_300,q_auto/igashop/images/576807"
Polident Denture Cleanser Fresh Active 36 Pack,$4.45,$0.12 each,"https://cdn.metcash.media/image/upload/f_auto,c_limit,w_300,q_auto/igashop/images/629668"
The Olive Branch Crunchy Beetroot Dip 200g,$6.95,$3.48/100g,"https://cdn.metcash.media/image/upload/f_auto,c_limit,w_300,q_auto/igashop/images/190000004868"
Scott's Meat Pies 6 Pack,$6.00,$1.00 each,"https://cdn.metcash.media/image/upload/f_auto,c_limit,w_300,q_auto/igashop/images/134388"
John West Salmon Tempters Onion & Tomato 95g,$3.50,$3.68/100g,"https://cdn.metcash.media/image/upload/f_auto,c_limit,w_300,q_auto/igashop/images/74431"
Riverina Grove Garden Vegetable Pasta Sauce 500g,$8.95,$1.79/100g,"https://cdn.metcash.media/image/upload/f_auto,c_limit,w_300,q_auto/igashop/images/190000004900"
Bickford's Ginger Beer Cordial 750mL,$5.00,$0.67/100mL,"https://cdn.metcash.media/image/upload/f_auto,c_limit,w_300,q_auto/igashop/images/353453"
Robert Timms Coffee Bags Gold Columbia 24 Pack,$13.00,$0.54 each,"https://cdn.metcash.media/image/upload/f_auto,c_limit,w_300,q_auto/igashop/images/1800000067826"
Bobby Prebiotic Soft Drink Orange 330mL,$4.50,$13.64/1L,https://www.igashop.com.au/static/default-product-image.png
Voltanatra Pain Relief Cream 50mL,$11.00,$22.00/100mL,https://www.igashop.com.au/static/default-product-image.png
Optimum with Chicken Vegetables & Rice Dry Dog Food 3kg,$23.00,$7.67/kg,"https://cdn.metcash.media/image/upload/f_auto,c_limit,w_300,q_auto/igashop/images/64512_1"
Pertutti Slow Cooked Beef Bolognaise Agnolotti 400g,$11.50,$2.88/100g,"https://cdn.metcash.media/image/upload/f_auto,c_limit,w_300,q_auto/igashop/images/20000006293"
Youfoodz Sicilian Chicken Pasta With Parmesan Sauce 345g,$10.80,$3.13/100g,https://www.igashop.com.au/static/default-product-image.png
Ravin Detachables Himalayan Salt Rice Crackers 100g,$3.00,$3.00/100g,"https://cdn.metcash.media/image/upload/f_auto,c_limit,w_300,q_auto/igashop/images/190000004701"
Haribo Confectionery Balla Stixx Strawberry 200g,$4.00,$2.00/100g,https://www.igashop.com.au/static/default-product-image.png
Streets Blue Ribbon Classic Chocolate Ice Cream 2L,$6.50,$3.25/1L,"https://cdn.metcash.media/image/upload/f_auto,c_limit,w_300,q_auto/igashop/images/851244"
Schar Gluten Free Focaccia Rosemary 200g,$11.50,$5.75/100g,"https://cdn.metcash.media/image/upload/f_auto,c_limit,w_300,q_auto/igashop/images/20000000413"
Clairol Natural Instincts 5 Medium Brown,$20.00,N/A,"https://cdn.metcash.media/image/upload/f_auto,c_limit,w_300,q_auto/igashop/images/228441"
Optimum Puppy Wet Dog Food Chicken & Rice Can 700g,$4.20,$0.60/100g,"https://cdn.metcash.media/image/upload/f_auto,c_limit,w_300,q_auto/igashop/images/444385_1"
Family Farm Milk Lite 2L,$3.20,$1.60/1L,"https://cdn.metcash.media/image/upload/f_auto,c_limit,w_300,q_auto/igashop/images/190000003995"
Nature's Goodness Grain Free Chicken with Duck and Garden Vegetables Wet Dog Food 400g,$3.10,$0.78/100g,"https://cdn.metcash.media/image/upload/f_auto,c_limit,w_300,q_auto/igashop/images/332619"
Lipton Quality Black Tea Bag 200 Pack,$10.00,$0.05 each,"https://cdn.metcash.media/image/upload/f_auto,c_limit,w_300,q_auto/igashop/images/760223"
Farmers Market Grain Free Chicken Loaf With Carrots & Peas Wet Dog Food 400g,$3.20,$0.80/100g,"https://cdn.metcash.media/image/upload/f_auto,c_limit,w_300,q_auto/igashop/images/868505"
Kleenex Bath Tissue 6 Pack,$5.80,$0.97 each,"https://cdn.metcash.media/image/upload/f_auto,c_limit,w_300,q_auto/igashop/images/560775"
Chicken Tonight Simmer Sauce Creamy Mushroom 475g,$3.50,$0.74/100g,"https://cdn.metcash.media/image/upload/f_auto,c_limit,w_300,q_auto/igashop/images/160000018205"
Leda Chocolate Rum Balls 160g,$7.99,$4.99/100g,"https://cdn.metcash.media/image/upload/f_auto,c_limit,w_300,q_auto/igashop/images/160000017850"
Bellavitano Cheese Espresso 150g,$13.00,$8.67/100g,"https://cdn.metcash.media/image/upload/f_auto,c_limit,w_300,q_auto/igashop/images/190000001378"
Cadbury Creme Egg Block 180g,$4.00,$2.22/100g,"https://cdn.metcash.media/image/upload/f_auto,c_limit,w_300,q_auto/igashop/images/619838"
MasterFoods Carbonara Recipe Base Stove Top Pouch 170g,$2.70,$1.59/100g,"https://cdn.metcash.media/image/upload/f_auto,c_limit,w_300,q_auto/igashop/images/764272"
Nestlé NAN Optipro 3 Premium Toddler Milk Drink Powder From 1 year 800g,$24.00,$3.00/100g,"https://cdn.metcash.media/image/upload/f_auto,c_limit,w_300,q_auto/igashop/images/250833"
Colgate Optic White Express White Toothpaste 85g,$10.00,$11.76/100g,"https://cdn.metcash.media/image/upload/f_auto,c_limit,w_300,q_auto/igashop/images/292990"
Sudafed Pe Sinus & Anti Inflammatory Double Action 10 Pack,$10.80,$1.08 each,"https://cdn.metcash.media/image/upload/f_auto,c_limit,w_300,q_auto/igashop/images/387944"
Quilton Gold 4 Ply Toilet Tissue Paper 6 Pack,$5.95,$0.99 each,"https://cdn.metcash.media/image/upload/f_auto,c_limit,w_300,q_auto/igashop/images/8281"
Atkins Advantage Creamy Caramel Crunch Roll 50g,$4.80,$9.60/100g,"https://cdn.metcash.media/image/upload/f_auto,c_limit,w_300,q_auto/igashop/images/255906"
Arnott's Cheds 250g,$3.50,$1.40/100g,"https://cdn.metcash.media/image/upload/f_auto,c_limit,w_300,q_auto/igashop/images/372774"
Chobani Greek Yoghurt Blueberry 160g,$2.70,$1.69/100g,"https://cdn.metcash.media/image/upload/f_auto,c_limit,w_300,q_auto/igashop/images/20000007116"
Leda Nutrition Choc Gluten Free Minton Biscuits 155g,$5.60,$3.61/100g,"https://cdn.metcash.media/image/upload/f_auto,c_limit,w_300,q_auto/igashop/images/829"
Cenovis Multivitamin Performance For Men 50 Pack,$24.25,$0.49 each,"https://cdn.metcash.media/image/upload/f_auto,c_limit,w_300,q_auto/igashop/images/676500"
Ceres Organics Coconut Milk 400mL,$3.70,$0.93/100mL,"https://cdn.metcash.media/image/upload/f_auto,c_limit,w_300,q_auto/igashop/images/20000001596"
Primo Ham Shredded 300g,$4.50,$1.50/100g,"https://cdn.metcash.media/image/upload/f_auto,c_limit,w_300,q_auto/igashop/images/695606"
Slape & Sons Ranchero Beef Sausages 480g,$7.45,$1.55/100g,"https://cdn.metcash.media/image/upload/f_auto,c_limit,w_300,q_auto/igashop/images/20000004966"
Lindt Lindor Chocolate Balls Milk 125g,$13.00,$10.40/100g,"https://cdn.metcash.media/image/upload/f_auto,c_limit,w_300,q_auto/igashop/images/14229"
Fab Fresh Blossom Triple Capsules 48 Pack,$17.00,$0.35 each,https://www.igashop.com.au/static/default-product-image.png
Helga's Crafted Rustic White Sourdough 700g,$6.70,$0.96/100g,"https://cdn.metcash.media/image/upload/f_auto,c_limit,w_300,q_auto/igashop/images/180000002465"
IGA Fresh Beef Lasagne 1.2kg,$13.85,$11.54/kg,"https://cdn.metcash.media/image/upload/f_auto,c_limit,w_300,q_auto/igashop/images/194079"
Patties Sausage Roll Party 450g,$9.70,$2.16/100g,"https://cdn.metcash.media/image/upload/f_auto,c_limit,w_300,q_auto/igashop/images/140274"
SKARA Mediterranean Smokehouse Prosciutto 100g,$10.95,$10.95/100g,"https://cdn.metcash.media/image/upload/f_auto,c_limit,w_300,q_auto/igashop/images/20000001566"
Maybelline Super Stay Matte Ink Liquid Lipstick Lover 15 5mL,$24.00,$480.00/100mL,"https://cdn.metcash.media/image/upload/f_auto,c_limit,w_300,q_auto/igashop/images/969568"
Jon Jon Gluten Free Christmas Pudding 360g,$6.00,$1.67/100g,"https://cdn.metcash.media/image/upload/f_auto,c_limit,w_300,q_auto/igashop/images/180000002098"
Peters Frosty Fruits Tropical 50% Less Sugar 8 Pack,$9.00,$1.13 each,"https://cdn.metcash.media/image/upload/f_auto,c_limit,w_300,q_auto/igashop/images/180000003642"
Suimin Noodle Cup Chicken 70g,$1.85,$2.64/100g,"https://cdn.metcash.media/image/upload/f_auto,c_limit,w_300,q_auto/igashop/images/383644"
Pandaroo Spring Roll Dipping Sauce 270mL,$3.30,$1.22/100mL,"https://cdn.metcash.media/image/upload/f_auto,c_limit,w_300,q_auto/igashop/images/190000003146"
Skittles Fruits Lollies Large Bag 200g,$6.00,$3.00/100g,"https://cdn.metcash.media/image/upload/f_auto,c_limit,w_300,q_auto/igashop/images/43281"
Bounty Chocolate Bar 56g,$3.00,$5.36/100g,"https://cdn.metcash.media/image/upload/f_auto,c_limit,w_300,q_auto/igashop/images/618264"
Quick Cook Crumbed Chicken Crunchy Garlic 510g,$8.05,$1.58/100g,"https://cdn.metcash.media/image/upload/f_auto,c_limit,w_300,q_auto/igashop/images/128730"
Australia Own Organic Cooking Cream 200mL,$1.25,$6.25/1L,https://www.igashop.com.au/static/default-product-image.png
Mission Carb Balance Wraps 288g,$6.50,$2.26/100g,"https://cdn.metcash.media/image/upload/f_auto,c_limit,w_300,q_auto/igashop/images/180000005219"
Tony's Chocolonely Milk Honey Almond Noughat 180g,$10.75,$5.97/100g,"https://cdn.metcash.media/image/upload/f_auto,c_limit,w_300,q_auto/igashop/images/180000001599"
Carman's Dark Choc Espresso Nut Bars 5 Pack,$7.50,$1.50 each,"https://cdn.metcash.media/image/upload/f_auto,c_limit,w_300,q_auto/igashop/images/111487"
Glico Pocky Chocolate Biscuit Sticks 47g,$2.20,$4.68/100g,"https://cdn.metcash.media/image/upload/f_auto,c_limit,w_300,q_auto/igashop/images/379682"
Batchelors Mushy Peas Chip Shop 300g,$2.70,$0.90/100g,"https://cdn.metcash.media/image/upload/f_auto,c_limit,w_300,q_auto/igashop/images/20000006635"
Coolibah Wild Roquette 100g,$4.00,$4.00/100g,"https://cdn.metcash.media/image/upload/f_auto,c_limit,w_300,q_auto/igashop/images/180000000613"
Sunbites Veggie Crackers Sweet Potato Sea Salt & Roast Garlic 110g,$3.30,$3.00/100g,https://www.igashop.com.au/static/default-product-image.png
Pacific West Cocktail Spring Rolls 1kg,$13.25,$13.25/kg,"https://cdn.metcash.media/image/upload/f_auto,c_limit,w_300,q_auto/igashop/images/159079"
SunRice Low GI Brown Rice 1kg,$4.60,$4.60/kg,"https://cdn.metcash.media/image/upload/f_auto,c_limit,w_300,q_auto/igashop/images/507094"
Wattle Valley Wraps Wholegrain 8 Pack,$5.10,$0.64 each,"https://cdn.metcash.media/image/upload/f_auto,c_limit,w_300,q_auto/igashop/images/190000004760"
KB Seafood Raw Prawns Tail On 500g,$16.00,$3.20/100g,https://www.igashop.com.au/static/default-product-image.png
Abe's Bagel Blueberry 4 Pack,$5.50,$1.38 each,"https://cdn.metcash.media/image/upload/f_auto,c_limit,w_300,q_auto/igashop/images/180000000368"
Steelo Silver Scourer Metalware Polish Cleaner 30g,$4.85,$16.17/100g,"https://cdn.metcash.media/image/upload/f_auto,c_limit,w_300,q_auto/igashop/images/373453"
Aeroplane Jelly Lite Pineapple 2 Pack,$2.50,$1.25 each,"https://cdn.metcash.media/image/upload/f_auto,c_limit,w_300,q_auto/igashop/images/180000000160"
J&Co Choc Almonds 300g,$9.95,$3.32/100g,"https://cdn.metcash.media/image/upload/f_auto,c_limit,w_300,q_auto/igashop/images/190000004962"
Funday Funday Caramel Chews 45g,$4.50,$10.00/100g,https://www.igashop.com.au/static/default-product-image.png
Europe's Best Sauerkraut 900g,$5.75,$0.64/100g,"https://cdn.metcash.media/image/upload/f_auto,c_limit,w_300,q_auto/igashop/images/150000007592"
Massel Reduced Salt Chicken Stock Powder 140g,$4.00,$2.86/100g,"https://cdn.metcash.media/image/upload/f_auto,c_limit,w_300,q_auto/igashop/images/863898"
Women's Cotton Briefs Size 18-20 Black or White,$8.50,N/A,"https://cdn.metcash.media/image/upload/f_auto,c_limit,w_300,q_auto/igashop/images/180000001373"
Mirabella LED Fancy Round Globe 5.5W ES Warm White,$7.25,N/A,"https://cdn.metcash.media/image/upload/f_auto,c_limit,w_300,q_auto/igashop/images/223404"
Cadbury Marshmallow Eggs Peppermint 150g,$5.00,$3.33/100g,"https://cdn.metcash.media/image/upload/f_auto,c_limit,w_300,q_auto/igashop/images/190000009696"
BabyLove Beyond Nappy Pants Toddler Size 4 36 Pack,$28.75,$0.80 each,"https://cdn.metcash.media/image/upload/f_auto,c_limit,w_300,q_auto/igashop/images/160000012789"
Bref Deluxe Royal Orchid Rim Block Toilet Cleaner 50g,$5.25,$10.50/100g,"https://cdn.metcash.media/image/upload/f_auto,c_limit,w_300,q_auto/igashop/images/273268"
Schar Gluten Free Pizza Bases 300g,$14.90,$4.97/100g,"https://cdn.metcash.media/image/upload/f_auto,c_limit,w_300,q_auto/igashop/images/20000000410"
Quilton Tissue Aloe 110 Pack,$2.75,$0.02 each,"https://cdn.metcash.media/image/upload/f_auto,c_limit,w_300,q_auto/igashop/images/20000003378"
Undivided Food Co. Good Bones Organic Beef Bone Broth 500g,$14.00,$2.80/100g,"https://cdn.metcash.media/image/upload/f_auto,c_limit,w_300,q_auto/igashop/images/160000013664"
The Natural Confectionery Co. Sour Squirms 220g,$5.00,$2.27/100g,"https://cdn.metcash.media/image/upload/f_auto,c_limit,w_300,q_auto/igashop/images/558003"
Cadbury Caramilk Bar 45g,$3.00,$6.67/100g,"https://cdn.metcash.media/image/upload/f_auto,c_limit,w_300,q_auto/igashop/images/231062"
Yoplait Fruche Strawberry Fields 2 Pack,$3.00,$1.50 each,"https://cdn.metcash.media/image/upload/f_auto,c_limit,w_300,q_auto/igashop/images/807481"
Uncle Tobys Plus Breakfast Cereal Immune Support 565g,$9.50,$1.68/100g,"https://cdn.metcash.media/image/upload/f_auto,c_limit,w_300,q_auto/igashop/images/301472"
Dolmio Extra Four Cheese Pasta Sauce 500g,$4.60,$0.92/100g,"https://cdn.metcash.media/image/upload/f_auto,c_limit,w_300,q_auto/igashop/images/390256"
Wonka Rainbow Nerds 141g,$4.50,$3.19/100g,"https://cdn.metcash.media/image/upload/f_auto,c_limit,w_300,q_auto/igashop/images/190000001624"
Nestlé Plaistowe Dark Chocolate Baking Block 180g,$8.00,$4.44/100g,"https://cdn.metcash.media/image/upload/f_auto,c_limit,w_300,q_auto/igashop/images/582222"
Cadbury Dairy Milk Easter Bunny 250g,$15.00,$6.00/100g,"https://cdn.metcash.media/image/upload/f_auto,c_limit,w_300,q_auto/igashop/images/143659"
Coleslaw 1kg,Final cost based on weight,$15.95/$15.95,"https://cdn.metcash.media/image/upload/f_auto,c_limit,w_300,q_auto/igashop/images/80072007"
Air Wick Decosphere Vanilla Orchid 75mL,$6.50,$8.67/100mL,"https://cdn.metcash.media/image/upload/f_auto,c_limit,w_300,q_auto/igashop/images/78427"
Big Lous Boston Cream Twin Pack 200g,$6.90,$3.45/100g,https://www.igashop.com.au/static/default-product-image.png
Liddells Lactose Free Tasty Cheese 12 Slices 250g,$6.75,$2.70/100g,"https://cdn.metcash.media/image/upload/f_auto,c_limit,w_300,q_auto/igashop/images/894328"
Preshafruit Cold Pressed Apple & Raspberry Juice 1L,$6.70,$6.70/1L,"https://cdn.metcash.media/image/upload/f_auto,c_limit,w_300,q_auto/igashop/images/701389"
Dilmah Extra Strength Tea Bags 100 Pack,$8.80,$0.09 each,"https://cdn.metcash.media/image/upload/f_auto,c_limit,w_300,q_auto/igashop/images/332392"
Dishmatic General Purpose Refill 3 Pack,$6.30,$2.10 each,"https://cdn.metcash.media/image/upload/f_auto,c_limit,w_300,q_auto/igashop/images/282458"
Schwarzkopf Extra Care Marrakesh Oil & Coconut Replenishing 950mL,$10.00,$1.05/100mL,"https://cdn.metcash.media/image/upload/f_auto,c_limit,w_300,q_auto/igashop/images/207796"
Vileda Sweep Master Broom With Handle,$14.90,N/A,"https://cdn.metcash.media/image/upload/f_auto,c_limit,w_300,q_auto/igashop/images/934055"
Mutti Whole Peeled Tomatoes 400g,$2.30,$0.58/100g,"https://cdn.metcash.media/image/upload/f_auto,c_limit,w_300,q_auto/igashop/images/190000001974"
Wattle Valley Chunky Spinach with Cashew Dip 135g,$5.25,$3.89/100g,https://www.igashop.com.au/static/default-product-image.png
OurEco Clean Air Freshener Zesty Rose 250mL,$11.99,$4.80/100mL,"https://cdn.metcash.media/image/upload/f_auto,c_limit,w_300,q_auto/igashop/images/20000005207"
Yoplait Yoghurt Vanilla 12 Pack,$8.50,$0.71 each,"https://cdn.metcash.media/image/upload/f_auto,c_limit,w_300,q_auto/igashop/images/150000007691"
On The Menu Chicken Fettucine 260g,$4.50,$1.73/100g,"https://cdn.metcash.media/image/upload/f_auto,c_limit,w_300,q_auto/igashop/images/189841"
Swizzels Giant Love Heart Roll 32g,$2.00,$6.25/100g,"https://cdn.metcash.media/image/upload/f_auto,c_limit,w_300,q_auto/igashop/images/190000002266"
Huggies Baby Wipes Cucumber & Aloe 80 Pack,$5.00,$0.06 each,"https://cdn.metcash.media/image/upload/f_auto,c_limit,w_300,q_auto/igashop/images/86475"
Uncle Tobys Chewy Choc Chip Bars 15 Pack,$8.00,$0.53 each,"https://cdn.metcash.media/image/upload/f_auto,c_limit,w_300,q_auto/igashop/images/160000003596"
Ferrero Rocher T24 Collection 24 Pack,$22.40,$0.93 each,"https://cdn.metcash.media/image/upload/f_auto,c_limit,w_300,q_auto/igashop/images/409259"
Kangaroo Island Olives Mediterranean Mixed Olives 185g,$7.50,$4.05/100g,https://www.igashop.com.au/static/default-product-image.png
Selleys Adhesive Araldite 5 Minute Dispenser 24mL,$11.50,$47.92/100mL,"https://cdn.metcash.media/image/upload/f_auto,c_limit,w_300,q_auto/igashop/images/222034"
Dine Fine Flakes Tuna & Whitefish Wet Cat Food 35g,$1.70,$4.86/100g,"https://cdn.metcash.media/image/upload/f_auto,c_limit,w_300,q_auto/igashop/images/338296"
My Muscle Chef Peri Peri Chicken with Tomato Rice & Green Beans 350g,$11.95,$3.41/100g,"https://cdn.metcash.media/image/upload/f_auto,c_limit,w_300,q_auto/igashop/images/190847"
Saxa All Natural Rock Salt 1kg,$4.80,$4.80/kg,"https://cdn.metcash.media/image/upload/f_auto,c_limit,w_300,q_auto/igashop/images/49290"
Deeko 2 Ply Printed Lunch Napkins 25 Pack,$4.80,$0.19 each,"https://cdn.metcash.media/image/upload/f_auto,c_limit,w_300,q_auto/igashop/images/15398"
Air Wick Pure Aerosol Soft Cotton 159g,$4.80,$3.02/100g,"https://cdn.metcash.media/image/upload/f_auto,c_limit,w_300,q_auto/igashop/images/992252"
Wattie's Baked Beans 420g,$3.75,$0.89/100g,"https://cdn.metcash.media/image/upload/f_auto,c_limit,w_300,q_auto/igashop/images/20000003938"
Luv-A-Duck Peking Duck Breast 380g,$16.50,$4.34/100g,https://www.igashop.com.au/static/default-product-image.png
Glad Kitchen Tidy Bag Wavetop Medium 40 Pack,$3.75,$0.09 each,"https://cdn.metcash.media/image/upload/f_auto,c_limit,w_300,q_auto/igashop/images/610889"
Vittoria Ground Oro Coffee 1kg,$37.00,$37.00/kg,"https://cdn.metcash.media/image/upload/f_auto,c_limit,w_300,q_auto/igashop/images/683654"
Nestlé Milky Bar with Cookies 80g,$3.70,$4.63/100g,"https://cdn.metcash.media/image/upload/f_auto,c_limit,w_300,q_auto/igashop/images/92219"
Orgran Super Trio Millet Quinoa and Buckwheat Pasta Spirals 250g,$4.30,$1.72/100g,"https://cdn.metcash.media/image/upload/f_auto,c_limit,w_300,q_auto/igashop/images/180000000747"
Continental Sensations Soup Farmhouse Potato & Leek 60g,$3.50,$5.83/100g,"https://cdn.metcash.media/image/upload/f_auto,c_limit,w_300,q_auto/igashop/images/792819"
L'Oreal Mex Colour Medium Brown,$17.00,N/A,"https://cdn.metcash.media/image/upload/f_auto,c_limit,w_300,q_auto/igashop/images/587882"
Loaf Chocolate Truffle Brownie Balls 120g,$7.00,$5.83/100g,"https://cdn.metcash.media/image/upload/f_auto,c_limit,w_300,q_auto/igashop/images/253991"
Birds Eye Golden Crunch Straight Cut Chips 1kg,$6.00,$6.00/kg,"https://cdn.metcash.media/image/upload/f_auto,c_limit,w_300,q_auto/igashop/images/165177"
Jelly Belly 3D Gel Vent Duo Island Punch 2 Pack,$9.50,$4.75 each,https://www.igashop.com.au/static/default-product-image.png
Musashi Energy Drink Lemonade 500mL,$4.50,$0.90/100mL,"https://cdn.metcash.media/image/upload/f_auto,c_limit,w_300,q_auto/igashop/images/180000002791"
McVitie's Digestives Choc Tops Dark Chocolate 100g,$2.00,$2.00/100g,"https://cdn.metcash.media/image/upload/f_auto,c_limit,w_300,q_auto/igashop/images/165855"
Wicked Sister Chocolate Mousse 90g,$4.10,$4.56/100g,"https://cdn.metcash.media/image/upload/f_auto,c_limit,w_300,q_auto/igashop/images/289340"
Glick's Sesame Bagels 4 Pack,$3.90,$0.98 each,"https://cdn.metcash.media/image/upload/f_auto,c_limit,w_300,q_auto/igashop/images/9003"
NIVEA Ultra Sport Cooling Sunscreen Trigger Spray SPF50+ 300mL,$28.00,$9.33/100mL,"https://cdn.metcash.media/image/upload/f_auto,c_limit,w_300,q_auto/igashop/images/190000009988"
Fantastic Oriental Noodle Bowl 85g,$1.75,$2.06/100g,"https://cdn.metcash.media/image/upload/f_auto,c_limit,w_300,q_auto/igashop/images/89973"
Sellotape Invisible Tape Dispenser 18mmx25m,$4.70,N/A,"https://cdn.metcash.media/image/upload/f_auto,c_limit,w_300,q_auto/igashop/images/911811"
Australian Botanical Soap Mango Butter 200g,$4.40,$2.20/100g,"https://cdn.metcash.media/image/upload/f_auto,c_limit,w_300,q_auto/igashop/images/301833"
Nestlé Milo Malted Drinking Chocolate 460g,$10.70,$2.33/100g,"https://cdn.metcash.media/image/upload/f_auto,c_limit,w_300,q_auto/igashop/images/634516"
Community Co Sourdough Loaf 500g,$7.00,$1.40/100g,"https://cdn.metcash.media/image/upload/f_auto,c_limit,w_300,q_auto/igashop/images/180000000662"
Fragassi Arrabbiata Style Pasta Sauce 500g,$8.50,$1.70/100g,"https://cdn.metcash.media/image/upload/f_auto,c_limit,w_300,q_auto/igashop/images/160000013949"
Lipton Ice Tea Mango 1.5L,$2.75,$1.83/1L,"https://cdn.metcash.media/image/upload/f_auto,c_limit,w_300,q_auto/igashop/images/376859"
Cancer Council Roll On Kids SPF 50+ 75mL,$11.00,$14.67/100mL,"https://cdn.metcash.media/image/upload/f_auto,c_limit,w_300,q_auto/igashop/images/20000006610"
Heinz Beef & Vegetable Casserole 8 Months 170g,$1.60,$0.94/100g,"https://cdn.metcash.media/image/upload/f_auto,c_limit,w_300,q_auto/igashop/images/339373"
Baked Provisions Caramel Slice 220g,$7.70,$3.50/100g,"https://cdn.metcash.media/image/upload/f_auto,c_limit,w_300,q_auto/igashop/images/20000000582"
Nerada Camomile Tea 40 Pack,$6.00,$0.15 each,"https://cdn.metcash.media/image/upload/f_auto,c_limit,w_300,q_auto/igashop/images/3487"
Canon Foods Sweet Chilli Tenders 440g,$7.60,$1.73/100g,"https://cdn.metcash.media/image/upload/f_auto,c_limit,w_300,q_auto/igashop/images/134095"
Glad Snaplock Snack Resealable Bags 20 Pack,$1.80,$0.09 each,"https://cdn.metcash.media/image/upload/f_auto,c_limit,w_300,q_auto/igashop/images/301812"
Sanofi Hydrogen Peroxide 200mL,$4.30,$2.15/100mL,"https://cdn.metcash.media/image/upload/f_auto,c_limit,w_300,q_auto/igashop/images/361281"
Energizer Button Batteries A76 2 Pack,$6.75,$3.38 each,"https://cdn.metcash.media/image/upload/f_auto,c_limit,w_300,q_auto/igashop/images/200969"
Bundaberg Raw Sugar 2kg,$4.75,$2.38/kg,"https://cdn.metcash.media/image/upload/f_auto,c_limit,w_300,q_auto/igashop/images/657624"
MasterFoods Herbs & Spices Garlic Granulated 155g,$5.50,$3.55/100g,"https://cdn.metcash.media/image/upload/f_auto,c_limit,w_300,q_auto/igashop/images/170000002879"
Betty Crocker Gluten Free Devils Food Cake Mix 550g,$8.00,$1.45/100g,"https://cdn.metcash.media/image/upload/f_auto,c_limit,w_300,q_auto/igashop/images/331956"
The Gourmet Premium Thin Beef Sausage 800g,$19.00,$2.38/100g,"https://cdn.metcash.media/image/upload/f_auto,c_limit,w_300,q_auto/igashop/images/The_Gourmet_Premium_Thin_Beef_Sausage"
Health Attack Crispyfruits Strawberry 10g,$2.70,$27.00/100g,"https://cdn.metcash.media/image/upload/f_auto,c_limit,w_300,q_auto/igashop/images/20000003280"
Beerenberg Green Tomato Jalapeno 260g,$6.45,$2.48/100g,"https://cdn.metcash.media/image/upload/f_auto,c_limit,w_300,q_auto/igashop/images/285773"
Cadbury Marvellous Creations Favourites Box 264g,$14.00,$5.30/100g,"https://cdn.metcash.media/image/upload/f_auto,c_limit,w_300,q_auto/igashop/images/180000006310"
Sweet Corn 500g,$5.95,$1.19/100g,https://www.igashop.com.au/static/default-product-image.png
Health Lab Chocolate Brownie Protein Slice 60g,$4.00,$6.67/100g,https://www.igashop.com.au/static/default-product-image.png
Nature's Way Instant Natural Protein Unflavoured 375g,$22.50,$6.00/100g,"https://cdn.metcash.media/image/upload/f_auto,c_limit,w_300,q_auto/igashop/images/436926"
Lo Bros Organic Kombucha Cola 4 Pack,$12.00,$3.00 each,"https://cdn.metcash.media/image/upload/f_auto,c_limit,w_300,q_auto/igashop/images/190000002525"
Helga's Sourdough Wraps 7 Pack,$3.50,$0.50 each,"https://cdn.metcash.media/image/upload/f_auto,c_limit,w_300,q_auto/igashop/images/20000003065"
Fab Fresh Blossoms Washing Powder Laundry Detergent 2kg,$9.00,$4.50/kg,"https://cdn.metcash.media/image/upload/f_auto,c_limit,w_300,q_auto/igashop/images/425433"
Allen's Killer Pythons Confectionery 408g,$6.50,$1.59/100g,https://www.igashop.com.au/static/default-product-image.png
Billy Tea Leaf Tea 250g,$4.70,$1.88/100g,"https://cdn.metcash.media/image/upload/f_auto,c_limit,w_300,q_auto/igashop/images/11166"
SPC Baked Beans Ham Flavour 425g,$2.50,$0.59/100g,"https://cdn.metcash.media/image/upload/f_auto,c_limit,w_300,q_auto/igashop/images/160000004418"
Kirks Lemon Squash Multipack Cans Soft Drink 10 Pack,$15.00,$1.50 each,"https://cdn.metcash.media/image/upload/f_auto,c_limit,w_300,q_auto/igashop/images/392588_1"
Oral-B Dental Floss Satin Tape Mint 25 Meters,$4.00,N/A,"https://cdn.metcash.media/image/upload/f_auto,c_limit,w_300,q_auto/igashop/images/362232"
Oral-B Extra Sensitive Refill Toothbrush Head 5 Pack,$46.80,$9.36 each,https://www.igashop.com.au/static/default-product-image.png
Feel Good Foods Organic Primavera Pasta Sauce 500g,$7.25,$1.45/100g,"https://cdn.metcash.media/image/upload/f_auto,c_limit,w_300,q_auto/igashop/images/190000002722"
Earthwise Orange & Eucalyptus Laundry Detergent Capsules 26 Pack,$10.00,$0.38 each,"https://cdn.metcash.media/image/upload/f_auto,c_limit,w_300,q_auto/igashop/images/180000002756"
Cottee's Instant Vanilla Pudding 100g,$1.80,$1.80/100g,"https://cdn.metcash.media/image/upload/f_auto,c_limit,w_300,q_auto/igashop/images/389323"
Simply Clean Lemon Myrtle Window & Glass Cleaner 500mL,$9.00,$1.80/100mL,"https://cdn.metcash.media/image/upload/f_auto,c_limit,w_300,q_auto/igashop/images/150000008110"
Sunbeam Macadamia Halves 110g,$8.05,$7.32/100g,"https://cdn.metcash.media/image/upload/f_auto,c_limit,w_300,q_auto/igashop/images/610847"
Black & Gold Disposable Latex Gloves 24 Pack,$4.90,$0.20 each,"https://cdn.metcash.media/image/upload/f_auto,c_limit,w_300,q_auto/igashop/images/190000005296"
Robertson's Silver Shred Marmalade 454g,$6.60,$1.45/100g,"https://cdn.metcash.media/image/upload/f_auto,c_limit,w_300,q_auto/igashop/images/190000001414"
Wattle Valley Tzatziki Dip 200g,$4.25,$2.13/100g,"https://cdn.metcash.media/image/upload/f_auto,c_limit,w_300,q_auto/igashop/images/160000012884"
Woodside Chevre Square 150g,$12.55,$8.37/100g,"https://cdn.metcash.media/image/upload/f_auto,c_limit,w_300,q_auto/igashop/images/447825"
Uncle Tobys Snacks Low Sugar Oat Slice Chocolate Brownie 132g,$6.85,$5.19/100g,"https://cdn.metcash.media/image/upload/f_auto,c_limit,w_300,q_auto/igashop/images/180000004787"
Leggo's Tomato Puree 410g,$2.50,$0.61/100g,"https://cdn.metcash.media/image/upload/f_auto,c_limit,w_300,q_auto/igashop/images/57659"
Kinder Surprise Maxi Miraculous 100g,$15.30,$15.30/100g,"https://cdn.metcash.media/image/upload/f_auto,c_limit,w_300,q_auto/igashop/images/646576"
Smith's Crackers BBQ 160g,$2.50,$1.56/100g,"https://cdn.metcash.media/image/upload/f_auto,c_limit,w_300,q_auto/igashop/images/1800000068063"
Maggi Beef Noodles Pack 4 Pack,$6.50,$1.63 each,"https://cdn.metcash.media/image/upload/f_auto,c_limit,w_300,q_auto/igashop/images/81802"
Australia's Own Dairy Standard Skim 1L,$2.15,$2.15/1L,"https://cdn.metcash.media/image/upload/f_auto,c_limit,w_300,q_auto/igashop/images/31496"
La Banderita Fajita Flour Tortillas 10 Pack,$9.00,$0.90 each,"https://cdn.metcash.media/image/upload/f_auto,c_limit,w_300,q_auto/igashop/images/190000000948"
Black & Gold Large Caged Eggs 12 Pack,$5.90,$0.49 each,"https://cdn.metcash.media/image/upload/f_auto,c_limit,w_300,q_auto/igashop/images/393398"
Mission Cheesy Nachos Tortilla Triangles 230g,$4.50,$1.96/100g,"https://cdn.metcash.media/image/upload/f_auto,c_limit,w_300,q_auto/igashop/images/363005"
Beechworth Bee Cause Mountain Honey 400g,$8.00,$2.00/100g,"https://cdn.metcash.media/image/upload/f_auto,c_limit,w_300,q_auto/igashop/images/20000000564"
Dove Nutritive Solutions Shampoo Daily Moisture 320mL,$7.70,$2.41/100mL,"https://cdn.metcash.media/image/upload/f_auto,c_limit,w_300,q_auto/igashop/images/244531"
Cadbury Dairy Milk Top Deck 340g,$8.50,$2.50/100g,"https://cdn.metcash.media/image/upload/f_auto,c_limit,w_300,q_auto/igashop/images/160000011325"
Cadbury Twirl Sharepack 12 Pack,$7.50,$0.62 each,"https://cdn.metcash.media/image/upload/f_auto,c_limit,w_300,q_auto/igashop/images/170000001007"
Cocobella Coconut Yoghurt Passionfruit 150g,$2.50,$1.67/100g,"https://cdn.metcash.media/image/upload/f_auto,c_limit,w_300,q_auto/igashop/images/180000000367"
Berocca Vitamin B & C Orange Flavour Energy Effervescent Tablets 30 Pack,$19.00,$0.63 each,"https://cdn.metcash.media/image/upload/f_auto,c_limit,w_300,q_auto/igashop/images/672386"
Gotzinger Kransky Cheese 400g,$10.50,$2.63/100g,"https://cdn.metcash.media/image/upload/f_auto,c_limit,w_300,q_auto/igashop/images/875057"
Norco Sour Cream 250mL,$3.50,$1.40/100mL,"https://cdn.metcash.media/image/upload/f_auto,c_limit,w_300,q_auto/igashop/images/8331"
Chobani Yoghurt Fit Mango 170g,$2.25,$1.32/100g,"https://cdn.metcash.media/image/upload/f_auto,c_limit,w_300,q_auto/igashop/images/180000000034"
K-Roo Kangaroo Fillets 500g,$15.50,$31.00/kg,"https://cdn.metcash.media/image/upload/f_auto,c_limit,w_300,q_auto/igashop/images/1800000069275"
Santa Vittoria Sparkling Mineral Water 1.5L,$2.95,$1.97/1L,"https://cdn.metcash.media/image/upload/f_auto,c_limit,w_300,q_auto/igashop/images/66755"
Sukin Blemish Control Oil Free Moisturiser 125mL,$16.00,$12.80/100mL,"https://cdn.metcash.media/image/upload/f_auto,c_limit,w_300,q_auto/igashop/images/160000012509"
Philips Halogen Eco Light Bulb A55 53W B22 Clear,$4.50,N/A,"https://cdn.metcash.media/image/upload/f_auto,c_limit,w_300,q_auto/igashop/images/710105"
Kellogg's Cornflakes Crumbs 300g,$3.60,$1.20/100g,"https://cdn.metcash.media/image/upload/f_auto,c_limit,w_300,q_auto/igashop/images/466345"
Campbell's Real Stock Vegetable 1L,$4.50,$4.50/1L,"https://cdn.metcash.media/image/upload/f_auto,c_limit,w_300,q_auto/igashop/images/325434"
Chobani Greek Yoghurt Lemon 160g,$2.70,$1.69/100g,"https://cdn.metcash.media/image/upload/f_auto,c_limit,w_300,q_auto/igashop/images/20000007122"
Capi Grapefruit Bottle 4 Pack,$8.25,$2.06 each,"https://cdn.metcash.media/image/upload/f_auto,c_limit,w_300,q_auto/igashop/images/6600842"
Cenovis Garlic Horseradish & Vitamin C 120 Pack,$9.75,$0.08 each,"https://cdn.metcash.media/image/upload/f_auto,c_limit,w_300,q_auto/igashop/images/489199"
Ajax Spray n' Wipe Glass Cleaner Trigger Ammonia Free Surface Spray Triple Action Made in Australia Recycled Bottle 500mL,$3.50,$0.70/100mL,"https://cdn.metcash.media/image/upload/f_auto,c_limit,w_300,q_auto/igashop/images/347949"
Snickers Coffee Milk Chocolate Bar 44g,$3.00,$6.82/100g,"https://cdn.metcash.media/image/upload/f_auto,c_limit,w_300,q_auto/igashop/images/20000007294"
Cobs Drizzl'D Popcorn Milk Sweet Salt 110g,$4.50,$4.09/100g,"https://cdn.metcash.media/image/upload/f_auto,c_limit,w_300,q_auto/igashop/images/190986"
L'OR Espresso Supremo Intensity - Compatible with Nespresso 10 Pack,$7.95,$0.80 each,"https://cdn.metcash.media/image/upload/f_auto,c_limit,w_300,q_auto/igashop/images/807800"
The Organic Milk Co Unsalted Butter 250g,$7.40,$2.96/100g,"https://cdn.metcash.media/image/upload/f_auto,c_limit,w_300,q_auto/igashop/images/9057"
Wattle Valley Quince Paste 100g,$6.50,$6.50/100g,"https://cdn.metcash.media/image/upload/f_auto,c_limit,w_300,q_auto/igashop/images/160000012882"
Continental Sensations Soup Harvest Pumpkin & Sour Cream 70g,$3.50,$5.00/100g,"https://cdn.metcash.media/image/upload/f_auto,c_limit,w_300,q_auto/igashop/images/792801"
Nature's Gift Pet Treats Kangaroo 130g,$3.50,$2.69/100g,"https://cdn.metcash.media/image/upload/f_auto,c_limit,w_300,q_auto/igashop/images/336820"
Kellogg's Corn Flakes 220g,$3.80,$1.73/100g,"https://cdn.metcash.media/image/upload/f_auto,c_limit,w_300,q_auto/igashop/images/99282"
Sliced Mushrooms Punnet 200 grams,$3.50,N/A,"https://cdn.metcash.media/image/upload/f_auto,c_limit,w_300,q_auto/igashop/images/80050121"
Peanuts Boiled Bacon 500g,$6.99,$1.40/100g,https://www.igashop.com.au/static/default-product-image.png
NIVEA Stress Protect Anti-Perspirant Aerosol Deodorant 250mL,$7.50,$3.00/100mL,"https://cdn.metcash.media/image/upload/f_auto,c_limit,w_300,q_auto/igashop/images/218530"
Redheads Classic Wrapped Firelighters 20 Pack,$5.50,$0.28 each,"https://cdn.metcash.media/image/upload/f_auto,c_limit,w_300,q_auto/igashop/images/980763"
Black & Gold Apple Drink 6 Pack,$3.15,$0.53 each,"https://cdn.metcash.media/image/upload/f_auto,c_limit,w_300,q_auto/igashop/images/482781"
Extra Soft Chew White Spearmint Chewing Gum Sugar Free Bottle 67g,$4.70,$7.01/100g,"https://cdn.metcash.media/image/upload/f_auto,c_limit,w_300,q_auto/igashop/images/481829"
OMO Laundry Liquid Bacteria Defence 2L,$28.00,$14.00/1L,"https://cdn.metcash.media/image/upload/f_auto,c_limit,w_300,q_auto/igashop/images/160000000778"
McCain Peas & Super Juicy Corn 1kg,$7.30,$7.30/kg,"https://cdn.metcash.media/image/upload/f_auto,c_limit,w_300,q_auto/igashop/images/109765"
Bref Deluxe Delicate Magnolia Rim Block Toilet Cleaner 100g,$5.50,$5.50/100g,"https://cdn.metcash.media/image/upload/f_auto,c_limit,w_300,q_auto/igashop/images/272584"
Bartons Piccalilli 270g,$4.80,$1.78/100g,"https://cdn.metcash.media/image/upload/f_auto,c_limit,w_300,q_auto/igashop/images/160000014036"
Bellamy's Organic Apple & Cinnamon Baby Porridge 125g,$4.40,$3.52/100g,"https://cdn.metcash.media/image/upload/f_auto,c_limit,w_300,q_auto/igashop/images/396236"
Old Time Bakery Gluten Free Lebanese Bread 280g,$7.50,$2.68/100g,"https://cdn.metcash.media/image/upload/f_auto,c_limit,w_300,q_auto/igashop/images/160000017913"
Dairy Farmers Smoothies Banana Honey 500mL,$2.95,$0.59/100mL,"https://cdn.metcash.media/image/upload/f_auto,c_limit,w_300,q_auto/igashop/images/180000006398"
Brasilia Ground Coffee Italian Espresso 250g,$8.95,$3.58/100g,"https://cdn.metcash.media/image/upload/f_auto,c_limit,w_300,q_auto/igashop/images/364239"
McCain Healthy Choice Chicken Carbonara 97% Fat Free 300g,$4.45,$1.48/100g,"https://cdn.metcash.media/image/upload/f_auto,c_limit,w_300,q_auto/igashop/images/128706"
Kleenex Wellbeing Facial Tissue Eucalyptus 3-Ply 140 Pack,$4.50,$0.03 each,"https://cdn.metcash.media/image/upload/f_auto,c_limit,w_300,q_auto/igashop/images/18639"
Umamipapi Chilli Oil Extra Spicy 225g,$14.00,$6.22/100g,https://www.igashop.com.au/static/default-product-image.png
Majans Infuzions Air Fries Peri-Peri 90g,$4.90,$5.44/100g,https://www.igashop.com.au/static/default-product-image.png
CC's Corn Chips Cheese & Jalapeno 175g,$5.00,$2.86/100g,"https://cdn.metcash.media/image/upload/f_auto,c_limit,w_300,q_auto/igashop/images/1800000067440"
Zooper Dooper 70mL,$1.00,$1.43/100mL,https://www.igashop.com.au/static/default-product-image.png
Western Star Thickened Cream Bottle 300mL,$3.20,$1.07/100mL,"https://cdn.metcash.media/image/upload/f_auto,c_limit,w_300,q_auto/igashop/images/939856"
Cold Power 2 In 1 Softener Powder Laundry Detergent 1.8kg,$24.00,$13.33/kg,"https://cdn.metcash.media/image/upload/f_auto,c_limit,w_300,q_auto/igashop/images/806728"
Bega Light Vintage 25% Reduced Fat Cheese 15 Pack 250g,$6.50,$2.60/100g,"https://cdn.metcash.media/image/upload/f_auto,c_limit,w_300,q_auto/igashop/images/180643"
Skin Control Pimple Patch Am & Pm Mixed 36 Pack,$8.10,$0.23 each,"https://cdn.metcash.media/image/upload/f_auto,c_limit,w_300,q_auto/igashop/images/787819"
Aptamil Gold+ 2 Pronutra Biotik Baby Follow-On Formula From 6 to 12 Months 900g,$30.00,$3.33/100g,"https://cdn.metcash.media/image/upload/f_auto,c_limit,w_300,q_auto/igashop/images/89198"
Maggi Stir Fry Creations Chinese Five Spice & Soy Beef 150g,$3.50,$2.33/100g,"https://cdn.metcash.media/image/upload/f_auto,c_limit,w_300,q_auto/igashop/images/376383"
Raffaello 24 Piece Chocolate Gift Box 240g,$12.00,$5.00/100g,"https://cdn.metcash.media/image/upload/f_auto,c_limit,w_300,q_auto/igashop/images/452168"
Maltesers Tiramisu 125g,$7.00,$5.60/100g,"https://cdn.metcash.media/image/upload/f_auto,c_limit,w_300,q_auto/igashop/images/292092"
Community Co Rolls Sourdough Seeds & Grain 90g,$5.00,$5.56/100g,"https://cdn.metcash.media/image/upload/f_auto,c_limit,w_300,q_auto/igashop/images/20000003023"
Kettle Honey Soy Chicken Potato Chips 165g,$3.00,$1.82/100g,"https://cdn.metcash.media/image/upload/f_auto,c_limit,w_300,q_auto/igashop/images/648670"
Fab Fresh Blossoms Liquid Laundry Washing Detergent 1L,$6.50,$6.50/1L,"https://cdn.metcash.media/image/upload/f_auto,c_limit,w_300,q_auto/igashop/images/14936"
Carman's Original Fruit Free Muesli 500g,$7.50,$1.50/100g,"https://cdn.metcash.media/image/upload/f_auto,c_limit,w_300,q_auto/igashop/images/975535"
Black & Gold First Aid Strips 100 Pack,$2.00,$0.02 each,"https://cdn.metcash.media/image/upload/f_auto,c_limit,w_300,q_auto/igashop/images/340866"
Black & Gold Sponge Cloths 3 Pack,$1.10,$0.37 each,"https://cdn.metcash.media/image/upload/f_auto,c_limit,w_300,q_auto/igashop/images/52829"
Kinder Santa 3 Pack,$1.00,$0.33 each,"https://cdn.metcash.media/image/upload/f_auto,c_limit,w_300,q_auto/igashop/images/144"
TRESemmé Shampoo Moisture Rich 940mL,$9.25,$0.98/100mL,"https://cdn.metcash.media/image/upload/f_auto,c_limit,w_300,q_auto/igashop/images/507905"
Purina Fancy Feast Adult Pet Food Grilled Salmon 85g,$0.95,$1.12/100g,"https://cdn.metcash.media/image/upload/f_auto,c_limit,w_300,q_auto/igashop/images/579266"
Prime Energy Drink Strawberry Watermelon 355mL,$5.10,$14.37/1L,https://www.igashop.com.au/static/default-product-image.png
Birds Eye Frozen Broccoli Florets 500g,$4.50,$0.90/100g,"https://cdn.metcash.media/image/upload/f_auto,c_limit,w_300,q_auto/igashop/images/106652"
Paul Newman's Own Dressings Classic Vinaigrette 250mL,$4.50,$1.80/100mL,"https://cdn.metcash.media/image/upload/f_auto,c_limit,w_300,q_auto/igashop/images/180000001311"
MasterFoods Sauce Signature 250mL,$2.45,$0.98/100mL,https://www.igashop.com.au/static/default-product-image.png
Black & Gold Bicarb Soda 500g,$2.45,$0.49/100g,"https://cdn.metcash.media/image/upload/f_auto,c_limit,w_300,q_auto/igashop/images/353018"
Pine O Cleen Laundry Sanitiser Free & Clear 1.5L,$12.00,$8.00/1L,"https://cdn.metcash.media/image/upload/f_auto,c_limit,w_300,q_auto/igashop/images/991845"
Fresh Fare Cracked Pepper Pate 125g,$5.99,$4.79/100g,"https://cdn.metcash.media/image/upload/f_auto,c_limit,w_300,q_auto/igashop/images/20000002721"
Wonder White Vitamins & Minerals Sandwich Loaf 700g,$4.50,$0.64/100g,"https://cdn.metcash.media/image/upload/f_auto,c_limit,w_300,q_auto/igashop/images/810531"
Boss Coffee Drink Iced Double Espresso 4 Pack,$11.20,$2.80 each,"https://cdn.metcash.media/image/upload/f_auto,c_limit,w_300,q_auto/igashop/images/326972"
Nutty Bruce Almond Butter Crunchy 250g,$10.20,$4.08/100g,"https://cdn.metcash.media/image/upload/f_auto,c_limit,w_300,q_auto/igashop/images/803495"
Kikkoman Gluten Free Dressing And Sauce Ponzu Citrus 250mL,$5.60,$2.24/100mL,https://www.igashop.com.au/static/default-product-image.png
Cobs Microwave Popcorn Best Ever Butter 85g,$2.50,$2.94/100g,"https://cdn.metcash.media/image/upload/f_auto,c_limit,w_300,q_auto/igashop/images/302164"
Allen's Chew'ems Gummi Koalas Sourz 170g,$4.00,$2.35/100g,"https://cdn.metcash.media/image/upload/f_auto,c_limit,w_300,q_auto/igashop/images/491926"
Nestle Kit Kat Icon Chocolate F1 29g,$1.55,$5.34/100g,"https://cdn.metcash.media/image/upload/f_auto,c_limit,w_300,q_auto/igashop/images/1800000071435"
Kenilworth Food Mango Macadamia Cheese 165g,$7.95,$4.82/100g,"https://cdn.metcash.media/image/upload/f_auto,c_limit,w_300,q_auto/igashop/images/20000006435"
Enzo's Spinach Ricotta Ravioli 300g,$10.95,$3.65/100g,"https://cdn.metcash.media/image/upload/f_auto,c_limit,w_300,q_auto/igashop/images/190000000966"
Tena Men Active Fit Mens Incontinence Pants Plus Navy Large-X Large 8 Pack,$16.00,$2.00 each,"https://cdn.metcash.media/image/upload/f_auto,c_limit,w_300,q_auto/igashop/images/312274"
Black & Gold Icing Mixture 1kg,$3.95,$3.95/kg,"https://cdn.metcash.media/image/upload/f_auto,c_limit,w_300,q_auto/igashop/images/85026"
Cobs Cheddar Cheese Popcorn 100g,$2.80,$2.80/100g,"https://cdn.metcash.media/image/upload/f_auto,c_limit,w_300,q_auto/igashop/images/300829"
Twix Bar 72g,$3.55,$4.93/100g,"https://cdn.metcash.media/image/upload/f_auto,c_limit,w_300,q_auto/igashop/images/621076"
Streets Bubble O'Bill Ice Cream,$4.00,N/A,"https://cdn.metcash.media/image/upload/f_auto,c_limit,w_300,q_auto/igashop/images/180000000192"
True Thai Red Curry Paste 240g,$4.60,$1.92/100g,"https://cdn.metcash.media/image/upload/f_auto,c_limit,w_300,q_auto/igashop/images/160000012617"
Huggies Ultimate Nappy Pants for Boys & Girls Size 6 (16kg & Over) 46 Pack,$39.00,$0.85 each,"https://cdn.metcash.media/image/upload/f_auto,c_limit,w_300,q_auto/igashop/images/170000002401"
Edgell Chickpeas 400g,$1.95,$0.49/100g,"https://cdn.metcash.media/image/upload/f_auto,c_limit,w_300,q_auto/igashop/images/606644"
Batchelors Mushy Peas Canned Original 300g,$2.70,$0.90/100g,https://www.igashop.com.au/static/default-product-image.png
Aveeno Oat Milk Blend Shampoo 354mL,$19.50,$5.51/100mL,"https://cdn.metcash.media/image/upload/f_auto,c_limit,w_300,q_auto/igashop/images/16000001501"
Eveready Black Super Heavy Duty D Batteries 4 Pack,$13.80,$3.45 each,"https://cdn.metcash.media/image/upload/f_auto,c_limit,w_300,q_auto/igashop/images/190000003595"
Only Organic Kindy Blueberry Banana Vanilla Oat Milk 100g,$2.85,$2.85/100g,"https://cdn.metcash.media/image/upload/f_auto,c_limit,w_300,q_auto/igashop/images/292160"
Golden Circle Pineapple Sliced In Natural Juice 440g,$3.90,$0.89/100g,"https://cdn.metcash.media/image/upload/f_auto,c_limit,w_300,q_auto/igashop/images/33142"
Wonder 5 Star Wholemeal 700g,$4.90,$0.70/100g,"https://cdn.metcash.media/image/upload/f_auto,c_limit,w_300,q_auto/igashop/images/180000006359"
Willow Vale Gourmet Food Co. Rosemary & Garlic Olive Oil 250mL,$17.50,$7.00/100mL,"https://cdn.metcash.media/image/upload/f_auto,c_limit,w_300,q_auto/igashop/images/190000002288"
Up & Go Liquid Breakfast Dairy Free Choc Ice 3 Pack,$7.00,$2.33 each,"https://cdn.metcash.media/image/upload/f_auto,c_limit,w_300,q_auto/igashop/images/991523"
Eurobisc Croissant Crema 252g,$7.95,$3.15/100g,"https://cdn.metcash.media/image/upload/f_auto,c_limit,w_300,q_auto/igashop/images/20000004008"
Bundaberg Brewed Diet Ginger Beer 750mL,$2.80,$0.37/100mL,"https://cdn.metcash.media/image/upload/f_auto,c_limit,w_300,q_auto/igashop/images/323474"
Colgate Toothpaste Optic White Purple Serum 40mL,$35.00,$87.50/100mL,"https://cdn.metcash.media/image/upload/f_auto,c_limit,w_300,q_auto/igashop/images/180000005377"
Purina One Adult Pet Food Ocean Fish 70g,$1.90,$2.71/100g,"https://cdn.metcash.media/image/upload/f_auto,c_limit,w_300,q_auto/igashop/images/180000002355"
Majans Infuzions Veggie Straws Sour Cream & Herbs Flavour 5 Pack,$3.70,$0.74 each,"https://cdn.metcash.media/image/upload/f_auto,c_limit,w_300,q_auto/igashop/images/770561"
BSc Body Science High Protein Bar Cookies & Cream 60g,$5.00,$8.33/100g,"https://cdn.metcash.media/image/upload/f_auto,c_limit,w_300,q_auto/igashop/images/646398"
"Easy-Off Bathroom Cleaner Soap, Scum & Shine Trigger Spray 500mL",$5.00,$1.00/100mL,"https://cdn.metcash.media/image/upload/f_auto,c_limit,w_300,q_auto/igashop/images/170000004004"
Biobag Compostable Dog Waste Bags 15 Pack,$6.50,$0.43 each,"https://cdn.metcash.media/image/upload/f_auto,c_limit,w_300,q_auto/igashop/images/20000005183"
OMO Laundry Capsules Ultimate Sensitive 50 Pack,$39.50,$0.79 each,"https://cdn.metcash.media/image/upload/f_auto,c_limit,w_300,q_auto/igashop/images/658879"
Peroni Nastro Azzuro Zero Alcohol Beer 330mL,$15.50,$4.70/100mL,https://www.igashop.com.au/static/default-product-image.png
D'Orsogna Hot Salami 250g,$9.50,$3.80/100g,"https://cdn.metcash.media/image/upload/f_auto,c_limit,w_300,q_auto/igashop/images/20000006568"
Kellogg's Special K Original 500g,$9.00,$1.80/100g,"https://cdn.metcash.media/image/upload/f_auto,c_limit,w_300,q_auto/igashop/images/514787"
Tip Top Bread Raisin Toast 500g,$4.50,$0.90/100g,"https://cdn.metcash.media/image/upload/f_auto,c_limit,w_300,q_auto/igashop/images/1800000067887"
Nescafe Coffee Creme Brulee 160g,$8.00,$5.00/100g,"https://cdn.metcash.media/image/upload/f_auto,c_limit,w_300,q_auto/igashop/images/180000003144"
Ardmona Crushed Vine Ripened Tomatoes 410g,$2.10,$0.51/100g,"https://cdn.metcash.media/image/upload/f_auto,c_limit,w_300,q_auto/igashop/images/364577"
V8 Low Sodium Vegetable Juice 1.25L,$2.75,$2.20/1L,"https://cdn.metcash.media/image/upload/f_auto,c_limit,w_300,q_auto/igashop/images/380057"
Angas Park Apricots Soft & Juicy 225g,$8.40,$3.73/100g,"https://cdn.metcash.media/image/upload/f_auto,c_limit,w_300,q_auto/igashop/images/404746"
Preshafruit Cold Pressed Pink Lady Apple Juice 1L,$6.70,$6.70/1L,"https://cdn.metcash.media/image/upload/f_auto,c_limit,w_300,q_auto/igashop/images/701371"
Smith's Cheese & Onion 152g,$4.50,$2.96/100g,https://www.igashop.com.au/static/default-product-image.png
My Dog Classic Loaf with Lamb Wet Dog Food Trays 24 Pack,$28.00,$1.17 each,"https://cdn.metcash.media/image/upload/f_auto,c_limit,w_300,q_auto/igashop/images/504596"
Black & Gold Fly Spray Low Irritant 300g,$3.00,$1.00/100g,"https://cdn.metcash.media/image/upload/f_auto,c_limit,w_300,q_auto/igashop/images/86666"
Ice Break Strong Espresso Protein 750mL,$4.95,$0.66/100mL,https://www.igashop.com.au/static/default-product-image.png
Kiddylicious Veggie Straws Cheesy Flavour 12g,$2.20,$18.33/100g,"https://cdn.metcash.media/image/upload/f_auto,c_limit,w_300,q_auto/igashop/images/279654"
Violet Crumble Honeycomb Cream Twist Wrapped Balls 200g,$10.00,$5.00/100g,"https://cdn.metcash.media/image/upload/f_auto,c_limit,w_300,q_auto/igashop/images/172705"
Vanish Napisan Gold Multi Power Stain Remover & Laundry Booster Powder 300g,$6.00,$2.00/100g,"https://cdn.metcash.media/image/upload/f_auto,c_limit,w_300,q_auto/igashop/images/1800000071202"
Duracell Lithium Batteries 2016 2 Pack,$9.50,$4.75 each,"https://cdn.metcash.media/image/upload/f_auto,c_limit,w_300,q_auto/igashop/images/897790"
Peckish Rice Crackers Salt & Vinegar 100g,$2.10,$2.10/100g,"https://cdn.metcash.media/image/upload/f_auto,c_limit,w_300,q_auto/igashop/images/20000007215"
Queen Ultimate Sprinkles Unicorn Confetti 110g,$3.50,$3.18/100g,"https://cdn.metcash.media/image/upload/f_auto,c_limit,w_300,q_auto/igashop/images/479173"
Nestle Kit Kat Chocolate Choc-O-Malt Loaded Egg 200g,$20.40,$10.20/100g,https://www.igashop.com.au/static/default-product-image.png
Johnson's Baby Bath Milk + Rice 500mL,$12.50,$2.50/100mL,"https://cdn.metcash.media/image/upload/f_auto,c_limit,w_300,q_auto/igashop/images/170000002469"
YoPRO Yoghurt Mango 160g,$3.20,$2.00/100g,"https://cdn.metcash.media/image/upload/f_auto,c_limit,w_300,q_auto/igashop/images/895793"
Chris' Traditional Avocado Dip 200g,$4.75,$2.38/100g,"https://cdn.metcash.media/image/upload/f_auto,c_limit,w_300,q_auto/igashop/images/140397"
Passage To India Simmer Sauce Rogan Josh 375g,$6.30,$1.68/100g,"https://cdn.metcash.media/image/upload/f_auto,c_limit,w_300,q_auto/igashop/images/300646"
Mylanta 2 Go Antacid FastChews Chewable Tablets Mint 8 Pack,$4.60,$0.58 each,"https://cdn.metcash.media/image/upload/f_auto,c_limit,w_300,q_auto/igashop/images/625680"
Pauls Premium Custard Baileys Hazelnut 600g,$2.00,$0.33/100g,https://www.igashop.com.au/static/default-product-image.png
Black & Gold Sardines In Oil 125g,$1.00,$0.80/100g,"https://cdn.metcash.media/image/upload/f_auto,c_limit,w_300,q_auto/igashop/images/72316"
Palmolive Antibacterial Liquid Hand Wash Soap Sea Minerals Deep Cleansing Pump 0% Parabens Recyclable 250mL,$2.00,$0.80/100mL,"https://cdn.metcash.media/image/upload/f_auto,c_limit,w_300,q_auto/igashop/images/98419"
Gluten Free Bakehouse Muffin Raspberry Delight 2 Pack,$11.50,$5.75 each,https://www.igashop.com.au/static/default-product-image.png
Lynx Deodorant Aerosol Deodorants Epic Fresh 165mL,$8.00,$4.85/100mL,"https://cdn.metcash.media/image/upload/f_auto,c_limit,w_300,q_auto/igashop/images/596970"
Black & Gold Cat Food Seafood Platter 400g,$1.65,$0.41/100g,"https://cdn.metcash.media/image/upload/f_auto,c_limit,w_300,q_auto/igashop/images/430310"
Palmolive Gentle Care Hypoallergenic Dishwashing Liquid 750mL,$5.50,$0.73/100mL,"https://cdn.metcash.media/image/upload/f_auto,c_limit,w_300,q_auto/igashop/images/81213"
Lemsip Max Cold & Flu Decongestant Hot Drink Lemon 10 Pack,$17.00,$1.70 each,"https://cdn.metcash.media/image/upload/f_auto,c_limit,w_300,q_auto/igashop/images/370829"
Community Co Lightly Sparkling Water 500mL,$2.25,$0.45/100mL,"https://cdn.metcash.media/image/upload/f_auto,c_limit,w_300,q_auto/igashop/images/983282"
Sunsilk Conditioner Clean & Fresh 350mL,$7.50,$2.14/100mL,"https://cdn.metcash.media/image/upload/f_auto,c_limit,w_300,q_auto/igashop/images/160000004668"
Sukin X Reef Aid Cleansing Hand Wash Pump 500mL,$7.80,$1.56/100mL,"https://cdn.metcash.media/image/upload/f_auto,c_limit,w_300,q_auto/igashop/images/496497"
S&B Japanese Wasabi Tube Paste 43g,$3.30,$7.67/100g,"https://cdn.metcash.media/image/upload/f_auto,c_limit,w_300,q_auto/igashop/images/20000006153"
My Dog Home Delights Dog Food Beef & Vegetables 100g,$1.80,$1.80/100g,"https://cdn.metcash.media/image/upload/f_auto,c_limit,w_300,q_auto/igashop/images/20000006494"
Dynamo Professional 7 In 1 Laundry Detergent Liquid 1L,$12.00,$12.00/1L,"https://cdn.metcash.media/image/upload/f_auto,c_limit,w_300,q_auto/igashop/images/348398"
Huggies Ultra Dry Nappies Girls Size 5 (13-18kg) 64 Pack,$39.00,$0.61 each,"https://cdn.metcash.media/image/upload/f_auto,c_limit,w_300,q_auto/igashop/images/651652"
Empire Pizza Deluxe 600g,$12.00,$2.00/100g,"https://cdn.metcash.media/image/upload/f_auto,c_limit,w_300,q_auto/igashop/images/190000003865"
Cleaver's Organic Extra Lean Beef Mince 500g,$18.50,$3.70/100g,"https://cdn.metcash.media/image/upload/f_auto,c_limit,w_300,q_auto/igashop/images/920807"
Annalisa Kidney Beans 400g,$1.90,$0.48/100g,"https://cdn.metcash.media/image/upload/f_auto,c_limit,w_300,q_auto/igashop/images/388327"
Spice & Co Korma Curry Spice Mix 45g,$3.75,$8.33/100g,"https://cdn.metcash.media/image/upload/f_auto,c_limit,w_300,q_auto/igashop/images/190000002396"
Peckish Fancies Premium Flavoured Rice Crackers Caramelised Onion & Balsamic Vinegar 90g,$3.00,$3.33/100g,"https://cdn.metcash.media/image/upload/f_auto,c_limit,w_300,q_auto/igashop/images/160000000855"
Nescafe Gold Smooth 90g,$14.50,$16.11/100g,"https://cdn.metcash.media/image/upload/f_auto,c_limit,w_300,q_auto/igashop/images/431337"
Steggles Rissoles Turkey 400g,$8.50,$2.13/100g,"https://cdn.metcash.media/image/upload/f_auto,c_limit,w_300,q_auto/igashop/images/93095"
Glad Bake & Cooking Paper 40m x 30cm,$8.50,N/A,"https://cdn.metcash.media/image/upload/f_auto,c_limit,w_300,q_auto/igashop/images/353995"
Community Co Caramel Popcorn 125g,$3.20,$2.56/100g,"https://cdn.metcash.media/image/upload/f_auto,c_limit,w_300,q_auto/igashop/images/416989"
White King Fabric Stain Lift 500mL,$5.00,$1.00/100mL,"https://cdn.metcash.media/image/upload/f_auto,c_limit,w_300,q_auto/igashop/images/20000006951"
INGHAM'S Chicken Breast Schnitzel 400g,$8.50,$2.13/100g,"https://cdn.metcash.media/image/upload/f_auto,c_limit,w_300,q_auto/igashop/images/186709"
Mother Energy Drink Sugar Free 500mL,$3.30,$0.66/100mL,"https://cdn.metcash.media/image/upload/f_auto,c_limit,w_300,q_auto/igashop/images/190000002910"
Grinders Espresso Ground Coffee 200g,$14.00,$7.00/100g,"https://cdn.metcash.media/image/upload/f_auto,c_limit,w_300,q_auto/igashop/images/877481"
Purina Friskies Surfin' & Turfin' Favourites Adult Cat Food 1kg,$7.00,$7.00/kg,"https://cdn.metcash.media/image/upload/f_auto,c_limit,w_300,q_auto/igashop/images/307059"
Cadbury Dairy Milk Coconut Rough Milk Chocolate Block 180g,$4.00,$2.22/100g,"https://cdn.metcash.media/image/upload/f_auto,c_limit,w_300,q_auto/igashop/images/463148"
Rufus & Coco 2 in 1 Oatmeal & Aloe Wash 200mL,$15.00,$7.50/100mL,"https://cdn.metcash.media/image/upload/f_auto,c_limit,w_300,q_auto/igashop/images/160000003023"
Hillmark Cerapol 150mL,$6.45,$4.30/100mL,"https://cdn.metcash.media/image/upload/f_auto,c_limit,w_300,q_auto/igashop/images/17052"
Palmolive Naturals Anti-dandruff 2in1 Shampoo & Hair Conditioner 350mL,$8.00,$2.29/100mL,"https://cdn.metcash.media/image/upload/f_auto,c_limit,w_300,q_auto/igashop/images/327884"
The Yoghurt Shop Very Berry Bliss 190g,$4.50,$2.37/100g,"https://cdn.metcash.media/image/upload/f_auto,c_limit,w_300,q_auto/igashop/images/20000007009"
Massel Instant Gravy Rich Roast 130g,$4.25,$3.27/100g,"https://cdn.metcash.media/image/upload/f_auto,c_limit,w_300,q_auto/igashop/images/478211"
Yeo's Ingredients Sesame Oil 150mL,$5.00,$3.33/100mL,"https://cdn.metcash.media/image/upload/f_auto,c_limit,w_300,q_auto/igashop/images/378704"
Bulla Goodness Strawberry Muesli 170g,$4.35,$2.56/100g,https://www.igashop.com.au/static/default-product-image.png
Maggi 2 Minute Instant Cup Noodle Chicken 4 Pack,$8.00,$2.00 each,"https://cdn.metcash.media/image/upload/f_auto,c_limit,w_300,q_auto/igashop/images/81792"
M&M's Crispy Speckled Egg 130g,$7.15,$5.50/100g,"https://cdn.metcash.media/image/upload/f_auto,c_limit,w_300,q_auto/igashop/images/402223"
Tampax Super Medium flow tampons with applicator 20 Pack,$9.00,$0.45 each,"https://cdn.metcash.media/image/upload/f_auto,c_limit,w_300,q_auto/igashop/images/394412"
McCain Pizza Margherita 500g,$8.80,$1.76/100g,"https://cdn.metcash.media/image/upload/f_auto,c_limit,w_300,q_auto/igashop/images/105517"
Mr Muscle Drain Cleaner Crystals 500g,$15.75,$3.15/100g,"https://cdn.metcash.media/image/upload/f_auto,c_limit,w_300,q_auto/igashop/images/432613"
Multix Patty Pans Large Coloured 100 Pack,$3.25,$0.03 each,"https://cdn.metcash.media/image/upload/f_auto,c_limit,w_300,q_auto/igashop/images/65597"
Dove Conditioner Strengthening Ritual 320mL,$7.70,$2.41/100mL,"https://cdn.metcash.media/image/upload/f_auto,c_limit,w_300,q_auto/igashop/images/837889"
Palmolive Ultra Australian Lemon Dishwashing Liquid 1.5L,$10.00,$6.67/1L,"https://cdn.metcash.media/image/upload/f_auto,c_limit,w_300,q_auto/igashop/images/554928"
Fancy Feast Cat Food Delights With Turkey & Cheddar Cheese 85g,$0.95,$1.12/100g,"https://cdn.metcash.media/image/upload/f_auto,c_limit,w_300,q_auto/igashop/images/121071"
John West Pink Salmon 415g,$9.50,$2.29/100g,"https://cdn.metcash.media/image/upload/f_auto,c_limit,w_300,q_auto/igashop/images/414209"
Wiltshire Avocado Saver,$5.20,N/A,"https://cdn.metcash.media/image/upload/f_auto,c_limit,w_300,q_auto/igashop/images/933931"
Veet Easy-Gel Legs Wax Strips Shea Butter and Acai Berries Scent 20 Pack,$9.00,$0.45 each,"https://cdn.metcash.media/image/upload/f_auto,c_limit,w_300,q_auto/igashop/images/440276"
Napro Palette Hair Colour 10-1 Ultra Light Ash Blonde,$9.50,N/A,"https://cdn.metcash.media/image/upload/f_auto,c_limit,w_300,q_auto/igashop/images/601945"
Clairol Nice'N Easy Permanent Hair Colour A Natural Light Ash Blonde,$10.00,N/A,"https://cdn.metcash.media/image/upload/f_auto,c_limit,w_300,q_auto/igashop/images/580945"
Left Field Beanos Sea Salt & Vinegar Puffs 90g,$3.95,$4.39/100g,https://www.igashop.com.au/static/default-product-image.png
Bulla Original Cottage Cheese 500g,$7.00,$1.40/100g,"https://cdn.metcash.media/image/upload/f_auto,c_limit,w_300,q_auto/igashop/images/183222"
Sunsilk Total Care 2 In 1 Shampoo 350mL,$7.50,$2.14/100mL,"https://cdn.metcash.media/image/upload/f_auto,c_limit,w_300,q_auto/igashop/images/618272"
Leggo's Pasta Bake Creamy Tomato & Mozzarella 500g,$4.30,$0.86/100g,"https://cdn.metcash.media/image/upload/f_auto,c_limit,w_300,q_auto/igashop/images/612580"
V Energy Drink Sugar Free With Guarana 250mL,$2.65,$1.06/100mL,"https://cdn.metcash.media/image/upload/f_auto,c_limit,w_300,q_auto/igashop/images/642771"
Birds Eye Corn Kernels 500g,$3.55,$0.71/100g,"https://cdn.metcash.media/image/upload/f_auto,c_limit,w_300,q_auto/igashop/images/135407"
Duracell Coppertop Batteries AA 16 Pack,$27.85,$1.74 each,"https://cdn.metcash.media/image/upload/f_auto,c_limit,w_300,q_auto/igashop/images/999945"
My Muscle Chef Lemon Pepper Chicken with Pea Mash 330g,$11.95,$3.62/100g,"https://cdn.metcash.media/image/upload/f_auto,c_limit,w_300,q_auto/igashop/images/190000005170"
Earth Choice Laundry Bergamot Mint Leaf And Myrtle 1L,$10.00,$10.00/1L,"https://cdn.metcash.media/image/upload/f_auto,c_limit,w_300,q_auto/igashop/images/982317"
Libra Pants Goodnights Small Medium 2 Pack,$4.10,$2.05 each,"https://cdn.metcash.media/image/upload/f_auto,c_limit,w_300,q_auto/igashop/images/984217"
Vittoria Espressotoria Italian Coffee Capsules 12 Pack,$6.60,$0.55 each,"https://cdn.metcash.media/image/upload/f_auto,c_limit,w_300,q_auto/igashop/images/735906"
BabyLove Cosifit Newborn Nappies 28 Pack,$10.50,$0.37 each,"https://cdn.metcash.media/image/upload/f_auto,c_limit,w_300,q_auto/igashop/images/902281"
J&Co Roasted Cashews 400g,$15.95,$3.99/100g,"https://cdn.metcash.media/image/upload/f_auto,c_limit,w_300,q_auto/igashop/images/190000004937"
Violet Crumble Honeycomb Cream Santa 30g,$0.50,$1.67/100g,https://www.igashop.com.au/static/default-product-image.png
Oral-B Kids Stages Power Toothbrush Starwars,$51.65,N/A,"https://cdn.metcash.media/image/upload/f_auto,c_limit,w_300,q_auto/igashop/images/812033"
Tamma Dry Pasta #36 Penne Rigate 500g,$2.35,$0.47/100g,"https://cdn.metcash.media/image/upload/f_auto,c_limit,w_300,q_auto/igashop/images/1800000068954"
Redberry Toenail Clipper,$7.50,N/A,"https://cdn.metcash.media/image/upload/f_auto,c_limit,w_300,q_auto/igashop/images/248035"
Lyndale Extra Large Eggs 700g,$7.50,$1.07/100g,https://www.igashop.com.au/static/default-product-image.png
Kewpie Japanese Mayonnaise 500g,$8.00,$1.60/100g,"https://cdn.metcash.media/image/upload/f_auto,c_limit,w_300,q_auto/igashop/images/978897"
Jack Hammer Aluminum Padlock Comb 30mm,$10.55,N/A,https://www.igashop.com.au/static/default-product-image.png
SunRice Microwave Medium Grain Rice 250g,$3.00,$1.20/100g,"https://cdn.metcash.media/image/upload/f_auto,c_limit,w_300,q_auto/igashop/images/180000005725"
Maped Sharpener Croc 2 Hole,$6.35,N/A,"https://cdn.metcash.media/image/upload/f_auto,c_limit,w_300,q_auto/igashop/images/983703"
Helgas Mixed Grain 800g,$5.20,$0.65/100g,"https://cdn.metcash.media/image/upload/f_auto,c_limit,w_300,q_auto/igashop/images/180000006358"
Primo 25% Less Salt Chicken Breast 80g,$3.95,$4.94/100g,"https://cdn.metcash.media/image/upload/f_auto,c_limit,w_300,q_auto/igashop/images/24839"
Fluffy In Wash Wonderland Scent Boost 250g,$13.00,$5.20/100g,"https://cdn.metcash.media/image/upload/f_auto,c_limit,w_300,q_auto/igashop/images/536027"
Palmolive Kids Foam Body Bath 400mL,$9.20,$2.30/100mL,"https://cdn.metcash.media/image/upload/f_auto,c_limit,w_300,q_auto/igashop/images/675627"
Solo Lemon Soft Drink 12 Pack,$16.50,$1.37 each,https://www.igashop.com.au/static/default-product-image.png
Dine Fish Selection Saucy Morsels 14 Pack,$16.00,$1.14 each,"https://cdn.metcash.media/image/upload/f_auto,c_limit,w_300,q_auto/igashop/images/652360"
Mt Franklin Water Pineapple Cans 250mL,$6.00,$2.40/100mL,"https://cdn.metcash.media/image/upload/f_auto,c_limit,w_300,q_auto/igashop/images/180000006332"
Kleenex Large & Thick Facial Tissues 95 Pack,$3.50,$0.04 each,"https://cdn.metcash.media/image/upload/f_auto,c_limit,w_300,q_auto/igashop/images/97332"
Double D Gummy Bears Sugar Free 90g,$4.10,$4.56/100g,"https://cdn.metcash.media/image/upload/f_auto,c_limit,w_300,q_auto/igashop/images/20000001876"
Pedigree Puppy Loaf With Chicken & Rice Wet Dog Food Can 700g,$3.50,$0.50/100g,"https://cdn.metcash.media/image/upload/f_auto,c_limit,w_300,q_auto/igashop/images/68480"
Harpic Fresh Power Toilet Cleaner In The Bowl Tropical Blossom 2 Pack,$11.00,$5.50 each,"https://cdn.metcash.media/image/upload/f_auto,c_limit,w_300,q_auto/igashop/images/615554"
Always Fresh Baby Cucumbers With Chilli 350g,$4.60,$1.31/100g,"https://cdn.metcash.media/image/upload/f_auto,c_limit,w_300,q_auto/igashop/images/902757"
Aeroplane Jelly Purple Grape 85g,$1.80,$2.12/100g,"https://cdn.metcash.media/image/upload/f_auto,c_limit,w_300,q_auto/igashop/images/180000000141"
Baked Provisions Spinach Quiche 300g,$8.50,$2.83/100g,"https://cdn.metcash.media/image/upload/f_auto,c_limit,w_300,q_auto/igashop/images/20000000580"
Only Organic Baby Food Mango Banana Passion Coconut Flax Seed 100g,$2.85,$2.85/100g,https://www.igashop.com.au/static/default-product-image.png
SunRice Australian Medium Grain Brown Rice 2kg,$6.50,$3.25/kg,"https://cdn.metcash.media/image/upload/f_auto,c_limit,w_300,q_auto/igashop/images/87395"
YoPRO Perform High Protein Mixed Berries Yoghurt 175g,$3.90,$2.23/100g,"https://cdn.metcash.media/image/upload/f_auto,c_limit,w_300,q_auto/igashop/images/160000012132"
KR Castlemaine Boneless Honey Leg Ham 750g,$8.99,$1.20/100g,"https://cdn.metcash.media/image/upload/f_auto,c_limit,w_300,q_auto/igashop/images/178277"
Griffin's Choc Macaroons 200g,$5.80,$2.90/100g,"https://cdn.metcash.media/image/upload/f_auto,c_limit,w_300,q_auto/igashop/images/734785"
Jack Hammer Extension Lead Piggy Back 2m,$9.85,N/A,"https://cdn.metcash.media/image/upload/f_auto,c_limit,w_300,q_auto/igashop/images/259272"
BelVita Breakfast Honey & Nut 6 Pack,$4.50,$0.75 each,"https://cdn.metcash.media/image/upload/f_auto,c_limit,w_300,q_auto/igashop/images/365308"
Edgell Beetroot Sliced 425g,$2.80,$0.66/100g,"https://cdn.metcash.media/image/upload/f_auto,c_limit,w_300,q_auto/igashop/images/22400"
Black & Gold Writing Pad A5 100 Leaf,$3.20,N/A,"https://cdn.metcash.media/image/upload/f_auto,c_limit,w_300,q_auto/igashop/images/240008"
Capilano Yellow Box Honey 340g,$7.00,$2.06/100g,"https://cdn.metcash.media/image/upload/f_auto,c_limit,w_300,q_auto/igashop/images/807106"
Spice & Co Cumin Seeds 50g,$3.75,$7.50/100g,"https://cdn.metcash.media/image/upload/f_auto,c_limit,w_300,q_auto/igashop/images/190000002395"
Lauria Specialty Sweets Chocolate Almond Horseshoe 190g,$7.99,$4.21/100g,"https://cdn.metcash.media/image/upload/f_auto,c_limit,w_300,q_auto/igashop/images/20000000008"
Darlac Tool Expert Leather Holster,$20.95,N/A,"https://cdn.metcash.media/image/upload/f_auto,c_limit,w_300,q_auto/igashop/images/874297"
Red Bull Energy Drink Jade Edition 4 Pack,$13.00,$3.25 each,"https://cdn.metcash.media/image/upload/f_auto,c_limit,w_300,q_auto/igashop/images/167043"
MasterFoods Chilli Powder Mexican 30g,$3.50,$11.67/100g,"https://cdn.metcash.media/image/upload/f_auto,c_limit,w_300,q_auto/igashop/images/363610"
Schweppes Agrum Blood Orange 1.1L,$1.25,$1.14/1L,"https://cdn.metcash.media/image/upload/f_auto,c_limit,w_300,q_auto/igashop/images/851862"
"Penfield Food Co. Aussie Mix Whole Olives Garlic, Chilli & Herbs 190g",$4.95,$2.61/100g,"https://cdn.metcash.media/image/upload/f_auto,c_limit,w_300,q_auto/igashop/images/190000005000"
Foster Clark's Snak Pack Custard Pouch Strawberry 120g,$1.90,$1.58/100g,"https://cdn.metcash.media/image/upload/f_auto,c_limit,w_300,q_auto/igashop/images/865463"
Selsun Gold Dandruff Treatment 125mL,$11.00,$8.80/100mL,"https://cdn.metcash.media/image/upload/f_auto,c_limit,w_300,q_auto/igashop/images/57031"
Beerenberg Tomato & Eggplant Relish 280g,$6.50,$2.32/100g,"https://cdn.metcash.media/image/upload/f_auto,c_limit,w_300,q_auto/igashop/images/221664"
Vitawerx Protein Milk Chocolate Coated Macadamias 60g,$6.95,$11.58/100g,"https://cdn.metcash.media/image/upload/f_auto,c_limit,w_300,q_auto/igashop/images/190000005159"
Panadol Rapid Soluble Tablets 16 Pack,$6.00,$0.38 each,"https://cdn.metcash.media/image/upload/f_auto,c_limit,w_300,q_auto/igashop/images/700320"
McCain Healthy Choice Thai Green Curry 280g,$4.45,$1.59/100g,"https://cdn.metcash.media/image/upload/f_auto,c_limit,w_300,q_auto/igashop/images/177412"
White Wings Self Raising Wholemeal Flour 1kg,$3.60,$3.60/kg,"https://cdn.metcash.media/image/upload/f_auto,c_limit,w_300,q_auto/igashop/images/76946"
John West Herrings In Tomato Sauce 200g,$3.90,$1.95/100g,"https://cdn.metcash.media/image/upload/f_auto,c_limit,w_300,q_auto/igashop/images/190000002315"
Tommee Tippee Feeding Spoons 5 Pack,$9.20,$1.84 each,"https://cdn.metcash.media/image/upload/f_auto,c_limit,w_300,q_auto/igashop/images/321817"
Red Rock Deli Gourmet Crackers Roasted Tomato & Italian Herbs 130g,$4.70,$3.62/100g,"https://cdn.metcash.media/image/upload/f_auto,c_limit,w_300,q_auto/igashop/images/222487"
MasterFoods Devilled Sausages Recipe Base 175g,$2.70,$1.54/100g,"https://cdn.metcash.media/image/upload/f_auto,c_limit,w_300,q_auto/igashop/images/42104"
Brubecks Boutique Foods Pizza New York 450g,$16.95,$3.77/100g,"https://cdn.metcash.media/image/upload/f_auto,c_limit,w_300,q_auto/igashop/images/378453"
Jarritos Mandarin 370mL,$4.85,$1.31/100mL,"https://cdn.metcash.media/image/upload/f_auto,c_limit,w_300,q_auto/igashop/images/190000001233"
Schwarzkopf Simply Colour 3.0 Dark Brown,$20.00,N/A,"https://cdn.metcash.media/image/upload/f_auto,c_limit,w_300,q_auto/igashop/images/577803"
Blackmores Sleep Sound Formula Tablets 30 Pack,$19.00,$0.63 each,"https://cdn.metcash.media/image/upload/f_auto,c_limit,w_300,q_auto/igashop/images/160000011523"
Cat Litter Pellet 4kg,$14.60,$3.65/kg,https://www.igashop.com.au/static/default-product-image.png
Gravox Gravy Instant Supreme Chicken 29g,$1.50,$5.17/100g,"https://cdn.metcash.media/image/upload/f_auto,c_limit,w_300,q_auto/igashop/images/620452"
Raffaello 10 Piece Chocolate Heart Gift Box 100g,$15.30,$15.30/100g,"https://cdn.metcash.media/image/upload/f_auto,c_limit,w_300,q_auto/igashop/images/750676"
Hellmann's Mayo Squeeze 400g,$5.50,$1.38/100g,"https://cdn.metcash.media/image/upload/f_auto,c_limit,w_300,q_auto/igashop/images/190000004255"
Bulla Light Thickened Cream 300mL,$3.55,$1.18/100mL,"https://cdn.metcash.media/image/upload/f_auto,c_limit,w_300,q_auto/igashop/images/117530"
Chupa Chups Strawberry & Cream Ice Cream Pack 4 Pack,$9.00,$2.25 each,"https://cdn.metcash.media/image/upload/f_auto,c_limit,w_300,q_auto/igashop/images/538427"
Lipton Green Tea Bags 100 Pack,$9.20,$0.09 each,"https://cdn.metcash.media/image/upload/f_auto,c_limit,w_300,q_auto/igashop/images/160000000360"
"Palmolive Naturals, Foaming Hand Wash Raspberry Refill 500mL",$4.95,$0.99/100mL,"https://cdn.metcash.media/image/upload/f_auto,c_limit,w_300,q_auto/igashop/images/1800000069499"
Purina Lucky Dog Adult Dog Food Mini Beef Veg Pasta Plus Milk 3kg,$9.50,$3.17/kg,"https://cdn.metcash.media/image/upload/f_auto,c_limit,w_300,q_auto/igashop/images/59986"
Baker's Oven Anzac Cookie 500g,$6.00,$1.20/100g,"https://cdn.metcash.media/image/upload/f_auto,c_limit,w_300,q_auto/igashop/images/245095"
Dari's Table Beetroot Hummus 200g,$4.75,$2.38/100g,"https://cdn.metcash.media/image/upload/f_auto,c_limit,w_300,q_auto/igashop/images/1142"
Mum's Favourites Choc Chip Biscuits 250g,$8.95,$3.58/100g,"https://cdn.metcash.media/image/upload/f_auto,c_limit,w_300,q_auto/igashop/images/20000005818"
Lays Stax Sour Cream & Onion 42g,$2.05,$4.88/100g,https://www.igashop.com.au/static/default-product-image.png
Laxettes Senna Chocolate Squares Laxatives 24 Pack,$5.30,$0.22 each,"https://cdn.metcash.media/image/upload/f_auto,c_limit,w_300,q_auto/igashop/images/609715"
Massel Premium Gravy Powder Chicken Style 130g,$4.25,$3.27/100g,"https://cdn.metcash.media/image/upload/f_auto,c_limit,w_300,q_auto/igashop/images/478193"
OAK Chocolate 750mL,$5.20,$0.69/100mL,"https://cdn.metcash.media/image/upload/f_auto,c_limit,w_300,q_auto/igashop/images/903253"
Devondale Dairy Soft Tub Regular 250g,$4.00,$1.60/100g,"https://cdn.metcash.media/image/upload/f_auto,c_limit,w_300,q_auto/igashop/images/190000002353"
Earth Choice BioPlus Power Liquid 2L,$16.20,$8.10/1L,"https://cdn.metcash.media/image/upload/f_auto,c_limit,w_300,q_auto/igashop/images/44902"
Black & Gold Cut Beans 1kg,$2.80,$2.80/kg,"https://cdn.metcash.media/image/upload/f_auto,c_limit,w_300,q_auto/igashop/images/121937"
Prime Energy Drink Lemon Lime 355mL,$2.75,$7.75/1L,https://www.igashop.com.au/static/default-product-image.png
Maybelline Superstay Matte Ink Liquid Lipstick - Seductress 65,$24.00,N/A,"https://cdn.metcash.media/image/upload/f_auto,c_limit,w_300,q_auto/igashop/images/969487"
Cadbury Dream Slices Lemon 180g,$8.00,$4.44/100g,"https://cdn.metcash.media/image/upload/f_auto,c_limit,w_300,q_auto/igashop/images/1800000068408"
KRC Ham Premium Leg Champaign 3kg,Final cost based on weight,$23.50/$7.83,"https://cdn.metcash.media/image/upload/f_auto,c_limit,w_300,q_auto/igashop/images/184236"
Lee Kum Kee Char Siu Sauce 240g,$5.50,$2.29/100g,"https://cdn.metcash.media/image/upload/f_auto,c_limit,w_300,q_auto/igashop/images/190000001631"
Purina Total Care Bedding Fresh Spray 275mL,$15.30,$5.56/100mL,"https://cdn.metcash.media/image/upload/f_auto,c_limit,w_300,q_auto/igashop/images/861540"
Garnier Micellar Hyaluronic Aloe Water 400mL,$20.00,$5.00/100mL,https://www.igashop.com.au/static/default-product-image.png
Multix Garbage Bag Drawtight 10 Pack,$4.00,$0.40 each,"https://cdn.metcash.media/image/upload/f_auto,c_limit,w_300,q_auto/igashop/images/604202"
Cadbury Dairy Milk Easter Egg Bag 440g,$16.00,$3.64/100g,"https://cdn.metcash.media/image/upload/f_auto,c_limit,w_300,q_auto/igashop/images/190000009672"
Nestle Melts Baking Chocolate Dark 225g,$6.00,$2.67/100g,https://www.igashop.com.au/static/default-product-image.png
Only Organic Baby Food Chicken Sweetcorn & Brown Rice 120g,$2.15,$1.79/100g,https://www.igashop.com.au/static/default-product-image.png
OMO Sensitive Laundry Detergent Liquid Front & Top Loader 2L,$14.00,$7.00/1L,"https://cdn.metcash.media/image/upload/f_auto,c_limit,w_300,q_auto/igashop/images/624809"
Chicken Tonight Simmer Sauce Honey & Mustard 485g,$3.50,$0.72/100g,"https://cdn.metcash.media/image/upload/f_auto,c_limit,w_300,q_auto/igashop/images/58011"
Community Co Kaleslaw Salad Kit 400g,$6.50,$1.63/100g,"https://cdn.metcash.media/image/upload/f_auto,c_limit,w_300,q_auto/igashop/images/421086"
Norco Fresh Full Cream Milk 3L,$6.40,$2.13/1L,"https://cdn.metcash.media/image/upload/f_auto,c_limit,w_300,q_auto/igashop/images/936861"
Praise Dressings Italian Original 330mL,$3.00,$0.91/100mL,"https://cdn.metcash.media/image/upload/f_auto,c_limit,w_300,q_auto/igashop/images/365159"
Maximus Isotonic Sports Drink Red 1L,$2.80,$2.80/1L,"https://cdn.metcash.media/image/upload/f_auto,c_limit,w_300,q_auto/igashop/images/366891"
Edgell Snack Time Lentils With Capsicum & Tomato 70g,$1.60,$2.29/100g,"https://cdn.metcash.media/image/upload/f_auto,c_limit,w_300,q_auto/igashop/images/578817"
M&M's Mocha Mudcake 130g,$5.50,$4.23/100g,"https://cdn.metcash.media/image/upload/f_auto,c_limit,w_300,q_auto/igashop/images/292018"
Leggo's Tuna Bake 500g,$4.30,$0.86/100g,"https://cdn.metcash.media/image/upload/f_auto,c_limit,w_300,q_auto/igashop/images/612569"
Finish Power Auto Dishwash Tablets Lemon Sparkle 100 Pack,$33.00,$0.33 each,"https://cdn.metcash.media/image/upload/f_auto,c_limit,w_300,q_auto/igashop/images/180000002439"
Dolmades Greek 100g,Final cost based on weight,$1.21/$12.05,"https://cdn.metcash.media/image/upload/f_auto,c_limit,w_300,q_auto/igashop/images/80072033"
Rexona Men Antiperspirant Aerosol Deodorant Sport Fresh 250mL,$6.00,$2.40/100mL,"https://cdn.metcash.media/image/upload/f_auto,c_limit,w_300,q_auto/igashop/images/331309"
Dr. Oetker Ristorante Pizza Quattro Formaggi 340g,$9.50,$2.79/100g,"https://cdn.metcash.media/image/upload/f_auto,c_limit,w_300,q_auto/igashop/images/20000001661"
Cornwell's Organic Apple Cider Vinegar 500mL,$5.00,$1.00/100mL,"https://cdn.metcash.media/image/upload/f_auto,c_limit,w_300,q_auto/igashop/images/746245"
Flora ProActiv Cholesterol Lowering Spread Buttery 500g,$6.90,$1.38/100g,"https://cdn.metcash.media/image/upload/f_auto,c_limit,w_300,q_auto/igashop/images/130054"
"Birds Eye Super Crumb Australian Hoki Panko, Pumpkin Seeds & Puffed Quinoa Crumb 425g",$12.85,$3.02/100g,"https://cdn.metcash.media/image/upload/f_auto,c_limit,w_300,q_auto/igashop/images/329616"
Nongshim Kimchi Shin Ramyun Noodle Soup 600g,$8.00,$1.33/100g,https://www.igashop.com.au/static/default-product-image.png
Simple Kind To Skin Facial Wash Moisturising 150mL,$7.25,$4.83/100mL,"https://cdn.metcash.media/image/upload/f_auto,c_limit,w_300,q_auto/igashop/images/65940"
Babylove Baby Water Wipes 100 Pack,$11.35,$0.11 each,"https://cdn.metcash.media/image/upload/f_auto,c_limit,w_300,q_auto/igashop/images/982388"
Tetley Green Tea Teabags 50 Pack,$5.45,$0.11 each,"https://cdn.metcash.media/image/upload/f_auto,c_limit,w_300,q_auto/igashop/images/20000006821"
Sandhurst Chillies Jalapeno Medium Hot 270g,$3.80,$1.41/100g,"https://cdn.metcash.media/image/upload/f_auto,c_limit,w_300,q_auto/igashop/images/354093"
Papermate Liquid Paper Dryline Grip Correction Tape,$5.50,N/A,"https://cdn.metcash.media/image/upload/f_auto,c_limit,w_300,q_auto/igashop/images/160000013495"
Kiwi Neutral Shoe Polish 38g,$5.40,$14.21/100g,"https://cdn.metcash.media/image/upload/f_auto,c_limit,w_300,q_auto/igashop/images/67866"
Frisp Crispy Chocolate Coated Raspberries 100g,$6.75,$6.75/100g,"https://cdn.metcash.media/image/upload/f_auto,c_limit,w_300,q_auto/igashop/images/180000005996"
Doritos Cheese Supreme 152g,$4.50,$2.96/100g,https://www.igashop.com.au/static/default-product-image.png
Rafferty's Garden Smart Start Banana Blueberry & Spinach 12M+ 120g,$2.50,$2.08/100g,https://www.igashop.com.au/static/default-product-image.png
Pauls Premium Vanilla Rum Custard 600g,$2.00,$0.33/100g,"https://cdn.metcash.media/image/upload/f_auto,c_limit,w_300,q_auto/igashop/images/855175"
Cadbury Dream Easter Bunny 150g,$10.00,$6.67/100g,"https://cdn.metcash.media/image/upload/f_auto,c_limit,w_300,q_auto/igashop/images/123492"
Clearwipe Lens Cleaner 20 Pack,$6.00,$0.30 each,"https://cdn.metcash.media/image/upload/f_auto,c_limit,w_300,q_auto/igashop/images/190000002237"
Lilydale Free Range Chicken Breast Mince 500g,$11.00,$2.20/100g,"https://cdn.metcash.media/image/upload/f_auto,c_limit,w_300,q_auto/igashop/images/828835"
Rafferty's Garden Baby's Bolognese with Macaroni 10+ Months Baby Food 170g,$2.50,$1.47/100g,"https://cdn.metcash.media/image/upload/f_auto,c_limit,w_300,q_auto/igashop/images/349828"
Community Co Spoon Wooden 12 Pack,$1.60,$0.13 each,"https://cdn.metcash.media/image/upload/f_auto,c_limit,w_300,q_auto/igashop/images/230773"
Plaistowe Cocoa Premium 180g,$11.50,$6.39/100g,"https://cdn.metcash.media/image/upload/f_auto,c_limit,w_300,q_auto/igashop/images/937862"
Cadbury Curly Wurly Squirlies 130g,$3.50,$2.69/100g,"https://cdn.metcash.media/image/upload/f_auto,c_limit,w_300,q_auto/igashop/images/254743"
BabyLove Beyond Nappy Pants Size 5 32 Pack,$11.50,$0.36 each,"https://cdn.metcash.media/image/upload/f_auto,c_limit,w_300,q_auto/igashop/images/160000012788"
Silky White Toilet Tissue 12 Pack,$11.20,$0.93 each,"https://cdn.metcash.media/image/upload/f_auto,c_limit,w_300,q_auto/igashop/images/863440"
G Active Berry 600mL,$4.20,$0.70/100mL,"https://cdn.metcash.media/image/upload/f_auto,c_limit,w_300,q_auto/igashop/images/767945"
Magic Tree Little Trees Car Home Air Freshener 15g,$2.75,$18.33/100g,"https://cdn.metcash.media/image/upload/f_auto,c_limit,w_300,q_auto/igashop/images/20000005916"
Chux DishWand Heavy Duty Refills 3 Pack,$5.40,$1.80 each,"https://cdn.metcash.media/image/upload/f_auto,c_limit,w_300,q_auto/igashop/images/302499"
Multix Greener Plant Based Cling Wrap 20m,$2.85,N/A,"https://cdn.metcash.media/image/upload/f_auto,c_limit,w_300,q_auto/igashop/images/863830"
John West Tuna in Olive Oil Blend Multipack 4 Pack,$7.00,$1.75 each,"https://cdn.metcash.media/image/upload/f_auto,c_limit,w_300,q_auto/igashop/images/190000002316"
Coca-Cola Zero Sugar Lime Soft Drink Bottle 1.25L,$2.00,$1.60/1L,"https://cdn.metcash.media/image/upload/f_auto,c_limit,w_300,q_auto/igashop/images/180000002417"
Glick's Multigrain Bagels 360g,$5.50,$1.53/100g,"https://cdn.metcash.media/image/upload/f_auto,c_limit,w_300,q_auto/igashop/images/20000003537"
Vaalia Probiotics Mango Yoghurt 4 Pack,$5.60,$1.40 each,"https://cdn.metcash.media/image/upload/f_auto,c_limit,w_300,q_auto/igashop/images/550445"
Kleenex Double Length Toilet Tissue 12 Pack,$13.50,$1.12 each,"https://cdn.metcash.media/image/upload/f_auto,c_limit,w_300,q_auto/igashop/images/734714"
Hellmann's Mayonnaise Light 400g,$7.50,$1.88/100g,"https://cdn.metcash.media/image/upload/f_auto,c_limit,w_300,q_auto/igashop/images/647284"
Grinders Decaf Capsules 10 Pack,$7.50,$0.75 each,"https://cdn.metcash.media/image/upload/f_auto,c_limit,w_300,q_auto/igashop/images/877449"
Swisspers Cotton Tips Paper Stems 400 Pack,$7.00,$0.02 each,"https://cdn.metcash.media/image/upload/f_auto,c_limit,w_300,q_auto/igashop/images/513948"
L'OR Espresso Estremo Capsules 10 Pack,$5.30,$0.53 each,"https://cdn.metcash.media/image/upload/f_auto,c_limit,w_300,q_auto/igashop/images/426036"
Nice & Natural Deluxe Protein Bars Cookies & Cream 200g,$5.00,$2.50/100g,"https://cdn.metcash.media/image/upload/f_auto,c_limit,w_300,q_auto/igashop/images/180000004832"
Quilton Toilet Roll 3Ply Classic White 4 Pack,$4.65,$1.16 each,"https://cdn.metcash.media/image/upload/f_auto,c_limit,w_300,q_auto/igashop/images/607771"
McCain Beef & Bacon Pasta Bake 400g,$4.50,$1.13/100g,"https://cdn.metcash.media/image/upload/f_auto,c_limit,w_300,q_auto/igashop/images/110415"
Ozkleen Spray & Polish Trigger 500mL,$8.80,$1.76/100mL,https://www.igashop.com.au/static/default-product-image.png
BIC Easyglide Pens Black 10 Pack,$5.50,$0.55 each,"https://cdn.metcash.media/image/upload/f_auto,c_limit,w_300,q_auto/igashop/images/769578"
Cold Power Advanced Clean Clean & Fresh Powder Laundry Detergent 1.8kg,$24.00,$13.33/kg,"https://cdn.metcash.media/image/upload/f_auto,c_limit,w_300,q_auto/igashop/images/827672"
Nudie Antioxidant Carrot Tumeric Orange Apple & Lime Juice 1L,$6.20,$6.20/1L,"https://cdn.metcash.media/image/upload/f_auto,c_limit,w_300,q_auto/igashop/images/180000003992"
"Maggi Stir Fry Creations Honey, Soy & Garlic Chicken 150g",$3.20,$2.13/100g,"https://cdn.metcash.media/image/upload/f_auto,c_limit,w_300,q_auto/igashop/images/376367"
My Muscle Chef Protein Muffin Banana & Walnut 90g,$5.95,$6.61/100g,"https://cdn.metcash.media/image/upload/f_auto,c_limit,w_300,q_auto/igashop/images/400336"
Gaviscon Dual Action Heartburn & Indigestion Liquid Peppermint 300mL,$16.50,$5.50/100mL,"https://cdn.metcash.media/image/upload/f_auto,c_limit,w_300,q_auto/igashop/images/423193"
Darrell Lea Speckled Eggs 120g,$7.50,$6.25/100g,"https://cdn.metcash.media/image/upload/f_auto,c_limit,w_300,q_auto/igashop/images/364205"
Community Co Yoghurt Greek Style 1kg,$3.80,$3.80/kg,"https://cdn.metcash.media/image/upload/f_auto,c_limit,w_300,q_auto/igashop/images/180000000683"
Kellogg's Froot Loops 285g,$7.00,$2.46/100g,"https://cdn.metcash.media/image/upload/f_auto,c_limit,w_300,q_auto/igashop/images/99339"
Global Organics Organic Cannellini Beans 400g,$2.65,$0.66/100g,"https://cdn.metcash.media/image/upload/f_auto,c_limit,w_300,q_auto/igashop/images/49952"
Palmolive Naturals Anti-Stress Body Wash With Ylang Ylang & Iris 1L,$10.00,$10.00/1L,"https://cdn.metcash.media/image/upload/f_auto,c_limit,w_300,q_auto/igashop/images/321388"
Community Co With Darell Lea Caramel Easter Buns 4 Pack,$5.60,$1.40 each,"https://cdn.metcash.media/image/upload/f_auto,c_limit,w_300,q_auto/igashop/images/467817"
Ben's Original Lightly Flavoured Garlic Microwave Rice Pouch 250g,$2.00,$0.80/100g,"https://cdn.metcash.media/image/upload/f_auto,c_limit,w_300,q_auto/igashop/images/190000004538"
Impressed Summer Greens 325mL,$3.60,$1.11/100mL,"https://cdn.metcash.media/image/upload/f_auto,c_limit,w_300,q_auto/igashop/images/3272"
Nestlé Coffee-Mate Coffee Whitener 1kg,$9.70,$9.70/kg,"https://cdn.metcash.media/image/upload/f_auto,c_limit,w_300,q_auto/igashop/images/983698"
Black & Gold Vegetable Oil 2L,$6.30,$3.15/1L,"https://cdn.metcash.media/image/upload/f_auto,c_limit,w_300,q_auto/igashop/images/41234"
Avofresh Avocado 160g,$5.95,$3.72/100g,"https://cdn.metcash.media/image/upload/f_auto,c_limit,w_300,q_auto/igashop/images/180000001388"
Community Co Raisins 375g,$5.00,$1.33/100g,"https://cdn.metcash.media/image/upload/f_auto,c_limit,w_300,q_auto/igashop/images/860947"
Fibre One Calorie Birthday Cake Squares 120g,$5.50,$4.58/100g,"https://cdn.metcash.media/image/upload/f_auto,c_limit,w_300,q_auto/igashop/images/18341"
DON Thinly Sliced Double Smoked Leg Ham 250g,$6.90,$2.76/100g,"https://cdn.metcash.media/image/upload/f_auto,c_limit,w_300,q_auto/igashop/images/127357"
My Muscle Chef Recovery Bar Cookies & Cream 55g,$5.50,$10.00/100g,"https://cdn.metcash.media/image/upload/f_auto,c_limit,w_300,q_auto/igashop/images/574415"
The Cake Shop Pastry Tart Shell 6 Pack,$4.70,$0.78 each,https://www.igashop.com.au/static/default-product-image.png
Maggie Beer Products Cheese Club Cheddar Smoked 150g,$7.20,$4.80/100g,"https://cdn.metcash.media/image/upload/f_auto,c_limit,w_300,q_auto/igashop/images/337410"
Eco Farm Organic Cucumber Lebenese 350g,$6.99,$2.00/100g,https://www.igashop.com.au/static/default-product-image.png
Continental Liquid Chicken Stock 1L,$4.00,$4.00/1L,"https://cdn.metcash.media/image/upload/f_auto,c_limit,w_300,q_auto/igashop/images/401638"
Gippsland Dairy Boysenberry Twist Yoghurt 160g,$3.00,$1.88/100g,"https://cdn.metcash.media/image/upload/f_auto,c_limit,w_300,q_auto/igashop/images/9246"
Vanish Napisan Gold Multi Power Powder 1kg,$8.50,$8.50/kg,"https://cdn.metcash.media/image/upload/f_auto,c_limit,w_300,q_auto/igashop/images/568993"
Nature's Way Odourless Fish Oil 1000mg 200 Pack,$25.00,$0.13 each,"https://cdn.metcash.media/image/upload/f_auto,c_limit,w_300,q_auto/igashop/images/441329"
Picante Chargrilled Sweet Corn Black Bean With Jalapeno & Lime 170g,$5.50,$3.24/100g,"https://cdn.metcash.media/image/upload/f_auto,c_limit,w_300,q_auto/igashop/images/160000012339"
Glen 20 On The Go Disinfectant Wipes Lemon Lime 15 Pack,$3.25,$0.22 each,"https://cdn.metcash.media/image/upload/f_auto,c_limit,w_300,q_auto/igashop/images/160000011478"
Marbig Rubber Band Assorted,$3.60,N/A,"https://cdn.metcash.media/image/upload/f_auto,c_limit,w_300,q_auto/igashop/images/284450"
Coca-Cola Zero Sugar Soft Drink Multipack Cans 10 Pack,$10.50,$1.05 each,"https://cdn.metcash.media/image/upload/f_auto,c_limit,w_300,q_auto/igashop/images/848694"
Zooper Dooper 8 Cosmic Flavours 24 Pack,$6.20,$0.26 each,"https://cdn.metcash.media/image/upload/f_auto,c_limit,w_300,q_auto/igashop/images/447367"
San Remo Tagliatelle Egg Noodle Pasta 250g,$1.90,$0.76/100g,"https://cdn.metcash.media/image/upload/f_auto,c_limit,w_300,q_auto/igashop/images/24054"
Gillette ProGlide Flexball Razor Handle + 2 Cartridges,$28.00,N/A,"https://cdn.metcash.media/image/upload/f_auto,c_limit,w_300,q_auto/igashop/images/160000010984"
Norco Cream Thickened 600mL,$6.25,$1.04/100mL,"https://cdn.metcash.media/image/upload/f_auto,c_limit,w_300,q_auto/igashop/images/933910"
Fairy Original All In One Automatic Dishwasher Tablets 48 Pack,$20.00,$0.42 each,"https://cdn.metcash.media/image/upload/f_auto,c_limit,w_300,q_auto/igashop/images/160000011185"
Roma Tomatoes 100g,Final cost based on weight,$0.85/$8.50,"https://cdn.metcash.media/image/upload/f_auto,c_limit,w_300,q_auto/igashop/images/80060069"
Earth Choice Ultra Laundry Liquid 1L,$7.20,$7.20/1L,"https://cdn.metcash.media/image/upload/f_auto,c_limit,w_300,q_auto/igashop/images/307193"
Schweppes Classic Mixers Soda Water 1.1L,$1.25,$1.14/1L,"https://cdn.metcash.media/image/upload/f_auto,c_limit,w_300,q_auto/igashop/images/852960"
Remedy Sodaly Guava 4 Pack,$6.20,$1.55 each,"https://cdn.metcash.media/image/upload/f_auto,c_limit,w_300,q_auto/igashop/images/20000007247"
Preshafruit Cold Pressed Apple & Raspberry Juice 350mL,$3.60,$1.03/100mL,"https://cdn.metcash.media/image/upload/f_auto,c_limit,w_300,q_auto/igashop/images/881299"
Continental Stock Chicken 4 Pack,$4.50,$1.13 each,"https://cdn.metcash.media/image/upload/f_auto,c_limit,w_300,q_auto/igashop/images/96470"
Breaka Weis Mango & Cream Flavoured Milk 500mL,$3.10,$0.62/100mL,"https://cdn.metcash.media/image/upload/f_auto,c_limit,w_300,q_auto/igashop/images/180000006367"
TRESemmé Styling Hairspray Freeze Hold Hairspray 360g,$7.00,$1.94/100g,"https://cdn.metcash.media/image/upload/f_auto,c_limit,w_300,q_auto/igashop/images/444042"
Mirabella LED Candle Globe Small Edison Screw Warm White 5.5W Pearl,$6.50,N/A,"https://cdn.metcash.media/image/upload/f_auto,c_limit,w_300,q_auto/igashop/images/223569"
Colgate Sensitive ProRelief Multi Protection Sensitive Teeth Pain Toothpaste 110g,$7.00,$6.36/100g,"https://cdn.metcash.media/image/upload/f_auto,c_limit,w_300,q_auto/igashop/images/311503"
EHP Labs Oxyshred Ultra Energy Guava Paradise 355mL,$3.40,$0.96/100mL,"https://cdn.metcash.media/image/upload/f_auto,c_limit,w_300,q_auto/igashop/images/62989"
Off! Kids Insect Repellant Aerosol 150g,$11.00,$7.33/100g,"https://cdn.metcash.media/image/upload/f_auto,c_limit,w_300,q_auto/igashop/images/806354"
Community Co Vanilla Bean Ice Cream 1L,$6.50,$6.50/1L,"https://cdn.metcash.media/image/upload/f_auto,c_limit,w_300,q_auto/igashop/images/273810"
I&J Original Crumb Fish Fillets 425g,$8.00,$1.88/100g,"https://cdn.metcash.media/image/upload/f_auto,c_limit,w_300,q_auto/igashop/images/975239"
Birds Eye Deli Hoki Fillets Lightly Battered 250g,$8.80,$3.52/100g,"https://cdn.metcash.media/image/upload/f_auto,c_limit,w_300,q_auto/igashop/images/279099"
Devondale Full Cream Milk UHT 150mL,$1.30,$0.87/100mL,"https://cdn.metcash.media/image/upload/f_auto,c_limit,w_300,q_auto/igashop/images/35940"
Community Co White Choc Mud Cake 600g,$6.60,$1.10/100g,"https://cdn.metcash.media/image/upload/f_auto,c_limit,w_300,q_auto/igashop/images/51205"
Arnott's Sao Cracker Biscuits Original 250g,$3.00,$1.20/100g,"https://cdn.metcash.media/image/upload/f_auto,c_limit,w_300,q_auto/igashop/images/309080"
Manicare rapidDry Hair Turban,$17.00,N/A,"https://cdn.metcash.media/image/upload/f_auto,c_limit,w_300,q_auto/igashop/images/160000002656"
Poise Liners Regular 26 Pack,$6.70,$0.26 each,"https://cdn.metcash.media/image/upload/f_auto,c_limit,w_300,q_auto/igashop/images/365858"
Great Temptations Blueberry Muffins 120g,$3.20,$2.67/100g,https://www.igashop.com.au/static/default-product-image.png
White Potatoes Prepack 5kg,$19.95,N/A,"https://cdn.metcash.media/image/upload/f_auto,c_limit,w_300,q_auto/igashop/images/80050128"
Nexba Kombucha Mango 1L,$4.95,$4.95/1L,"https://cdn.metcash.media/image/upload/f_auto,c_limit,w_300,q_auto/igashop/images/299361"
Baked Provisions Pork & Fennel Sausage Roll 350g,$7.50,$2.14/100g,https://www.igashop.com.au/static/default-product-image.png
Oreo Mini Caramilk 204g,$5.00,$2.45/100g,"https://cdn.metcash.media/image/upload/f_auto,c_limit,w_300,q_auto/igashop/images/988957"
Multix Kitchen Tidy Bags Super Strong 18 Pack,$4.55,$0.25 each,"https://cdn.metcash.media/image/upload/f_auto,c_limit,w_300,q_auto/igashop/images/925190"
YoPRO High Protein Salted Caramel Yoghurt Pouch 150g,$3.20,$2.13/100g,"https://cdn.metcash.media/image/upload/f_auto,c_limit,w_300,q_auto/igashop/images/150000008050"
Medix Nasal Saline Spray,$6.90,N/A,"https://cdn.metcash.media/image/upload/f_auto,c_limit,w_300,q_auto/igashop/images/841414"
Kirks Creaming Soda Can Soft Drink 375mL,$2.00,$0.53/100mL,"https://cdn.metcash.media/image/upload/f_auto,c_limit,w_300,q_auto/igashop/images/19986"
Bickford's Prune Juice 1L,$6.50,$6.50/1L,"https://cdn.metcash.media/image/upload/f_auto,c_limit,w_300,q_auto/igashop/images/352318"
Uncle Tobys Oat Quick Cinnamon 10 Pack,$5.50,$0.55 each,"https://cdn.metcash.media/image/upload/f_auto,c_limit,w_300,q_auto/igashop/images/174150"
Nudie Juice Nothing But Apples & Blackcurrants 2L,$9.00,$4.50/1L,"https://cdn.metcash.media/image/upload/f_auto,c_limit,w_300,q_auto/igashop/images/180000000081"
Kraft Cheese Sticks 240g,$7.35,$3.06/100g,"https://cdn.metcash.media/image/upload/f_auto,c_limit,w_300,q_auto/igashop/images/966303"
Black & Gold Vanilla Flavoured Creme Wafer Biscuits 125g,$0.80,$0.64/100g,"https://cdn.metcash.media/image/upload/f_auto,c_limit,w_300,q_auto/igashop/images/481743"
Little Bellies Pick Up Yoghurt Berry 16g,$3.90,$24.38/100g,"https://cdn.metcash.media/image/upload/f_auto,c_limit,w_300,q_auto/igashop/images/274167"
V8 Juice Easy Green 1.25L,$4.00,$3.20/1L,"https://cdn.metcash.media/image/upload/f_auto,c_limit,w_300,q_auto/igashop/images/460019"
Moccona Hot/Iced Salted Caramel Latte 142.4g,$7.90,$5.55/100g,"https://cdn.metcash.media/image/upload/f_auto,c_limit,w_300,q_auto/igashop/images/180000002325"
Cadbury Dairy Milk Breakaway Choc Malt Shake 180g,$8.00,$4.44/100g,"https://cdn.metcash.media/image/upload/f_auto,c_limit,w_300,q_auto/igashop/images/751847"
Jarrah Brazilian Café Latte Instant Coffee 250g,$8.50,$3.40/100g,"https://cdn.metcash.media/image/upload/f_auto,c_limit,w_300,q_auto/igashop/images/349556"
Bulla Reduced Fat Vanilla Ice Cream 2L,$6.00,$3.00/1L,"https://cdn.metcash.media/image/upload/f_auto,c_limit,w_300,q_auto/igashop/images/122909"
Purina Total Care Petcare Nail Clipper 6 Pack,$17.00,$2.83 each,"https://cdn.metcash.media/image/upload/f_auto,c_limit,w_300,q_auto/igashop/images/178531"
Colgate Max Fresh Cool Mint Toothpaste 200g,$11.00,$5.50/100g,"https://cdn.metcash.media/image/upload/f_auto,c_limit,w_300,q_auto/igashop/images/515000"
Community Co Sliced Extra Tasty Cheese 250g,$6.00,$2.40/100g,"https://cdn.metcash.media/image/upload/f_auto,c_limit,w_300,q_auto/igashop/images/921544"
I&J Salt & Pepper Calamari 360g,$8.00,$2.22/100g,"https://cdn.metcash.media/image/upload/f_auto,c_limit,w_300,q_auto/igashop/images/842274"
Pedigree DentaStix Daily Oral Care Medium Dog Treat Dental Chew 56 Pack,$34.00,$0.61 each,"https://cdn.metcash.media/image/upload/f_auto,c_limit,w_300,q_auto/igashop/images/160000002189"
Radiant Brightens Whites or Colours Laundry Liquid 1L,$7.50,$7.50/1L,"https://cdn.metcash.media/image/upload/f_auto,c_limit,w_300,q_auto/igashop/images/365345"
Kalamata Olives 1kg,Final cost based on weight,$26.95/$26.95,"https://cdn.metcash.media/image/upload/f_auto,c_limit,w_300,q_auto/igashop/images/80072048"
Sunsilk Shampoo Vibrant Colour Protection 200mL,$5.50,$2.75/100mL,"https://cdn.metcash.media/image/upload/f_auto,c_limit,w_300,q_auto/igashop/images/46629"
Pandaroo Fried Onions 100g,$4.10,$4.10/100g,"https://cdn.metcash.media/image/upload/f_auto,c_limit,w_300,q_auto/igashop/images/900674"
Bakers Oven All Butter Croissant 190g,$2.60,$1.37/100g,https://www.igashop.com.au/static/default-product-image.png
Bega Cream Cheese Spread Original 250g,$4.10,$1.64/100g,"https://cdn.metcash.media/image/upload/f_auto,c_limit,w_300,q_auto/igashop/images/527298"
Magnum Double Caramel Ego Ice Cream,$6.00,N/A,"https://cdn.metcash.media/image/upload/f_auto,c_limit,w_300,q_auto/igashop/images/160000000344"
"Dolmio Sauce Intensify Parmesan, Sundried Tomato And Aromatic Herbs 395g",$5.00,$1.27/100g,https://www.igashop.com.au/static/default-product-image.png
Ferrero Rocher 3 Pack,$2.70,$0.90 each,"https://cdn.metcash.media/image/upload/f_auto,c_limit,w_300,q_auto/igashop/images/391605"
My Dog Beef And Veal Loaf Classics Wet Dog Food Can 680g,$3.70,$0.54/100g,"https://cdn.metcash.media/image/upload/f_auto,c_limit,w_300,q_auto/igashop/images/17421"
Banjo Coconut Carob Bear 15g,$1.70,$11.33/100g,"https://cdn.metcash.media/image/upload/f_auto,c_limit,w_300,q_auto/igashop/images/190000001252"
Easy-Off Bam Bleach Trigger 750mL,$8.50,$1.13/100mL,"https://cdn.metcash.media/image/upload/f_auto,c_limit,w_300,q_auto/igashop/images/580636"
Hamper Beef Corned 340g,$7.00,$2.06/100g,"https://cdn.metcash.media/image/upload/f_auto,c_limit,w_300,q_auto/igashop/images/19651"
Carman's Protein Low Carb Bars Honeycomb Whip 160g,$8.50,$5.31/100g,"https://cdn.metcash.media/image/upload/f_auto,c_limit,w_300,q_auto/igashop/images/542544"
Nestlé Peters Kit Kat Ice Cream 20 Pack,$4.50,$0.23 each,https://www.igashop.com.au/static/default-product-image.png
McCain Chips SuperFries Shoestring 900g,$4.30,$0.48/100g,"https://cdn.metcash.media/image/upload/f_auto,c_limit,w_300,q_auto/igashop/images/928782"
Werther's Original Cream Candies Minis No Sugar Added 42g,$2.70,$6.43/100g,"https://cdn.metcash.media/image/upload/f_auto,c_limit,w_300,q_auto/igashop/images/28600"
Natures Goodness Grain Free Turkey With Vegetables Adult Dog Food 2.15kg,$8.00,$3.72/kg,"https://cdn.metcash.media/image/upload/f_auto,c_limit,w_300,q_auto/igashop/images/172357"
Kellogg's Nutri-Grain Protein 500g,$6.75,$1.35/100g,"https://cdn.metcash.media/image/upload/f_auto,c_limit,w_300,q_auto/igashop/images/300049"
DON Mild Salami Stix and Cheese 40g,$3.05,$7.63/100g,"https://cdn.metcash.media/image/upload/f_auto,c_limit,w_300,q_auto/igashop/images/554407"
Gullón Cookies Sugar Free Short Bread 330g,$5.90,$1.79/100g,"https://cdn.metcash.media/image/upload/f_auto,c_limit,w_300,q_auto/igashop/images/160000013092"
Temptations Mixups Catnip Chicken And Cheddar 85g,$4.40,$5.18/100g,"https://cdn.metcash.media/image/upload/f_auto,c_limit,w_300,q_auto/igashop/images/190855"
Old El Paso Mild Soft Taco Kit 10 Pack,$8.50,$0.85 each,"https://cdn.metcash.media/image/upload/f_auto,c_limit,w_300,q_auto/igashop/images/651322"
Cadbury Dairy Milk Top Deck Egg Bag 114g,$4.50,$3.95/100g,"https://cdn.metcash.media/image/upload/f_auto,c_limit,w_300,q_auto/igashop/images/898665"
Fantastic Wafer Thins Gluten Free Original 120g,$3.60,$3.00/100g,"https://cdn.metcash.media/image/upload/f_auto,c_limit,w_300,q_auto/igashop/images/442503"
Multix Super Strong Garbage Bags 10 Pack,$4.50,$0.45 each,"https://cdn.metcash.media/image/upload/f_auto,c_limit,w_300,q_auto/igashop/images/925174"
Lea & Perrins Sauce Worcestershire 290mL,$4.00,$1.38/100mL,"https://cdn.metcash.media/image/upload/f_auto,c_limit,w_300,q_auto/igashop/images/465585"
Nestlé Milo Breakfast Cereal 330g,$7.00,$2.12/100g,"https://cdn.metcash.media/image/upload/f_auto,c_limit,w_300,q_auto/igashop/images/180000003155"
Pantene 3 Minute Miracle Keratin Smooth & Sleek Conditioner 350mL,$13.00,$3.71/100mL,"https://cdn.metcash.media/image/upload/f_auto,c_limit,w_300,q_auto/igashop/images/559033"
Dove Body Wash Fresh Care 400mL,$4.70,$1.18/100mL,"https://cdn.metcash.media/image/upload/f_auto,c_limit,w_300,q_auto/igashop/images/1800000067533"
Cenovis Ginkgo Biloba 2000mg Tablets Value Pack 100 Pack,$9.75,$0.10 each,"https://cdn.metcash.media/image/upload/f_auto,c_limit,w_300,q_auto/igashop/images/88969"
Steggles Chicken Dino Snacks Tempura 400g,$6.00,$1.50/100g,"https://cdn.metcash.media/image/upload/f_auto,c_limit,w_300,q_auto/igashop/images/160000003324"
Vegie Delights Plant Based Schnitzels 300g,$7.00,$2.33/100g,"https://cdn.metcash.media/image/upload/f_auto,c_limit,w_300,q_auto/igashop/images/119215"
Jif Power & Shine Citrus Bathroom Mousse 500mL,$7.75,$1.55/100mL,https://www.igashop.com.au/static/default-product-image.png
Lurpak Butter Spread Slightly Salted 400g,$8.00,$2.00/100g,"https://cdn.metcash.media/image/upload/f_auto,c_limit,w_300,q_auto/igashop/images/20000000290"
Griffin's Gingernuts Biscuits Original 250g,$3.80,$1.52/100g,"https://cdn.metcash.media/image/upload/f_auto,c_limit,w_300,q_auto/igashop/images/803034"
Golden Circle Orange Fruit Drink 1L,$3.75,$3.75/1L,"https://cdn.metcash.media/image/upload/f_auto,c_limit,w_300,q_auto/igashop/images/472176"
Riviana Basmati Rice 5kg,$30.00,$6.00/kg,"https://cdn.metcash.media/image/upload/f_auto,c_limit,w_300,q_auto/igashop/images/20000006776"
"Nudie Juice Nothing But Apples, Oranges & Mangoes 2L",$9.00,$4.50/1L,"https://cdn.metcash.media/image/upload/f_auto,c_limit,w_300,q_auto/igashop/images/180000000075"
Sard Wonder Antibacterial Laundry Sanitiser With Eucalyptus Oil 1.5L,$14.00,$9.33/1L,"https://cdn.metcash.media/image/upload/f_auto,c_limit,w_300,q_auto/igashop/images/995564"
MasterFoods Garlic Powder 155g,$6.50,$4.19/100g,"https://cdn.metcash.media/image/upload/f_auto,c_limit,w_300,q_auto/igashop/images/16205"
Simply Tasty Vegetable Lasagne 1kg,$19.95,$19.95/kg,https://www.igashop.com.au/static/default-product-image.png
Nestlé Milkybar Chocolate Milo Block 160g,$7.50,$4.69/100g,"https://cdn.metcash.media/image/upload/f_auto,c_limit,w_300,q_auto/igashop/images/337842_2"
Norco Lactose Free Full Cream Milk 1L,$3.00,$3.00/1L,"https://cdn.metcash.media/image/upload/f_auto,c_limit,w_300,q_auto/igashop/images/20000006273"
L'Oréal Men Expert Pure Charcoal Scrub 100mL,$12.00,$12.00/100mL,"https://cdn.metcash.media/image/upload/f_auto,c_limit,w_300,q_auto/igashop/images/968392"
Community Co Creamy Coleslaw Salad 750g,$6.29,$0.84/100g,"https://cdn.metcash.media/image/upload/f_auto,c_limit,w_300,q_auto/igashop/images/1800000069965"
Life Savers Peaches & Cream Stix 200g,$3.50,$1.75/100g,"https://cdn.metcash.media/image/upload/f_auto,c_limit,w_300,q_auto/igashop/images/180000002556"
Birds Eye Baby Beans 825g,$5.70,$0.69/100g,"https://cdn.metcash.media/image/upload/f_auto,c_limit,w_300,q_auto/igashop/images/180000005050"
Jon Jon Gluten Free Brandy Snaps 8 Pack,$2.50,$0.31 each,"https://cdn.metcash.media/image/upload/f_auto,c_limit,w_300,q_auto/igashop/images/20000002114"
Bonne Maman Conserve Blackberry 370g,$6.90,$1.86/100g,"https://cdn.metcash.media/image/upload/f_auto,c_limit,w_300,q_auto/igashop/images/160000013760"
Leggo's Tomato Paste 400g,$4.50,$1.13/100g,"https://cdn.metcash.media/image/upload/f_auto,c_limit,w_300,q_auto/igashop/images/494877"
Mum's Favourites Monte Creams 280g,$7.50,$2.68/100g,"https://cdn.metcash.media/image/upload/f_auto,c_limit,w_300,q_auto/igashop/images/20000005300"
Remedy Kombucha Raspberry Lemonade 4 Pack,$7.00,$1.75 each,"https://cdn.metcash.media/image/upload/f_auto,c_limit,w_300,q_auto/igashop/images/180000000126"
Kleenex Everyday Facial Tissues 2-Ply 200 Pack,$3.00,$0.02 each,"https://cdn.metcash.media/image/upload/f_auto,c_limit,w_300,q_auto/igashop/images/600062"
Cadbury Picnic Chocolate Sharepack 180g 12 Pack,$7.50,$0.62 each,"https://cdn.metcash.media/image/upload/f_auto,c_limit,w_300,q_auto/igashop/images/307473"
Palmolive Handwash Milk & Honey Refill 500mL,$5.60,$1.12/100mL,"https://cdn.metcash.media/image/upload/f_auto,c_limit,w_300,q_auto/igashop/images/930467"
Pacific West Cocktail Spring Rolls 180g,$3.00,$1.67/100g,"https://cdn.metcash.media/image/upload/f_auto,c_limit,w_300,q_auto/igashop/images/955205"
Brookfarm Maple Vanilla Nutty Granola 450g,$14.95,$3.32/100g,"https://cdn.metcash.media/image/upload/f_auto,c_limit,w_300,q_auto/igashop/images/190000004013"
Cobs Natural Popcorn Best Ever Butter 5 Pack,$3.50,$0.70 each,"https://cdn.metcash.media/image/upload/f_auto,c_limit,w_300,q_auto/igashop/images/150000007981"
OXO Chicken Stock Cubes 12 Pack,$2.80,$0.23 each,"https://cdn.metcash.media/image/upload/f_auto,c_limit,w_300,q_auto/igashop/images/16255"
Ocean Spray Craisins Reduced Sugar 250g,$6.00,$2.40/100g,"https://cdn.metcash.media/image/upload/f_auto,c_limit,w_300,q_auto/igashop/images/926845"
San Remo La Pasta Macaroni Cheese Pasta & Sauce 120g,$2.00,$1.67/100g,"https://cdn.metcash.media/image/upload/f_auto,c_limit,w_300,q_auto/igashop/images/321082"
McCains Pizza Pocket Hawaiian 400g,$8.50,$2.13/100g,"https://cdn.metcash.media/image/upload/f_auto,c_limit,w_300,q_auto/igashop/images/190000002881"
Maltesers Milk Chocolate Family Share Pouch 140g,$7.00,$5.00/100g,"https://cdn.metcash.media/image/upload/f_auto,c_limit,w_300,q_auto/igashop/images/621568"
Manicare Slant Tweezers Gold Tipped,$10.00,N/A,"https://cdn.metcash.media/image/upload/f_auto,c_limit,w_300,q_auto/igashop/images/160000002722"
Huggies Ultra Dry Nappies Boys Size 5 (13-18kg) 16 Pack,$11.50,$0.72 each,"https://cdn.metcash.media/image/upload/f_auto,c_limit,w_300,q_auto/igashop/images/592612"
Vittoria Latte Nespresso Compatible Coffee Capsules 10 Pack,$6.00,$0.60 each,"https://cdn.metcash.media/image/upload/f_auto,c_limit,w_300,q_auto/igashop/images/160000014205"
Clearwipe Anti Fog 20 Pack,$6.00,$0.30 each,"https://cdn.metcash.media/image/upload/f_auto,c_limit,w_300,q_auto/igashop/images/339865"
Remedy Sodaly Pineapple 330mL,$2.30,$0.70/100mL,https://www.igashop.com.au/static/default-product-image.png
Kan Tong Satay Chicken Meal Base Pouch 180g,$3.00,$1.67/100g,"https://cdn.metcash.media/image/upload/f_auto,c_limit,w_300,q_auto/igashop/images/442508"
Beerenberg Pink Onion & Peppercorn Relish 280g,$5.60,$2.00/100g,"https://cdn.metcash.media/image/upload/f_auto,c_limit,w_300,q_auto/igashop/images/460768"
Marion's Kitchen Miso & Sesame Vinaigrette Dressing 240mL,$5.00,$2.08/100mL,"https://cdn.metcash.media/image/upload/f_auto,c_limit,w_300,q_auto/igashop/images/895866"
Uncle Tobys Snacks Muesli Bars Caramel Choc 185g,$5.50,$2.97/100g,"https://cdn.metcash.media/image/upload/f_auto,c_limit,w_300,q_auto/igashop/images/180000006292"
Cottee's Zero Sugar Cordial Coola Lime 1L,$5.50,$5.50/1L,"https://cdn.metcash.media/image/upload/f_auto,c_limit,w_300,q_auto/igashop/images/1600000011300"
Nescafe Gold Cappuccino Beverage Iced Vanilla 8 Pack,$8.00,$1.00 each,"https://cdn.metcash.media/image/upload/f_auto,c_limit,w_300,q_auto/igashop/images/363990"
Nudie Juice Nothing But Tropical Breakfast Juice 2L,$8.50,$4.25/1L,"https://cdn.metcash.media/image/upload/f_auto,c_limit,w_300,q_auto/igashop/images/180000000074"
Sanpellegrino Sparkling Mineral Water 1L,$4.15,$4.15/1L,"https://cdn.metcash.media/image/upload/f_auto,c_limit,w_300,q_auto/igashop/images/334381"
Schar Gluten Free Panini Rolls 225g,$8.65,$3.84/100g,"https://cdn.metcash.media/image/upload/f_auto,c_limit,w_300,q_auto/igashop/images/20000000415"
McCormick Bush Spices 138g,$5.45,$3.95/100g,"https://cdn.metcash.media/image/upload/f_auto,c_limit,w_300,q_auto/igashop/images/190000003726"
Majans Bhuja Cracker Mix 150g,$4.50,$3.00/100g,"https://cdn.metcash.media/image/upload/f_auto,c_limit,w_300,q_auto/igashop/images/514371"
Lemnos Fetta Smooth 200g,$6.80,$3.40/100g,"https://cdn.metcash.media/image/upload/f_auto,c_limit,w_300,q_auto/igashop/images/158659"
Nestlé Golden Rough Block 170g,$5.00,$2.94/100g,"https://cdn.metcash.media/image/upload/f_auto,c_limit,w_300,q_auto/igashop/images/894970"
Obento Japanese Seasoning Sushi 250mL,$3.60,$1.44/100mL,"https://cdn.metcash.media/image/upload/f_auto,c_limit,w_300,q_auto/igashop/images/956463"
Vittoria Espresso Coffee Beans 1kg,$42.00,$42.00/kg,"https://cdn.metcash.media/image/upload/f_auto,c_limit,w_300,q_auto/igashop/images/927561"
Palms White Vinegar 2L,$3.35,$1.68/1L,"https://cdn.metcash.media/image/upload/f_auto,c_limit,w_300,q_auto/igashop/images/190000004563"
Pura Push Pop 15g,$1.75,$11.67/100g,"https://cdn.metcash.media/image/upload/f_auto,c_limit,w_300,q_auto/igashop/images/418017"
Borg's Triangles Feta Cheese Appertisers 12 Pack,$3.80,$0.32 each,"https://cdn.metcash.media/image/upload/f_auto,c_limit,w_300,q_auto/igashop/images/20000002563"
Mount Franklin Spring Water Multipack Bottles 6 Pack,$8.45,$1.41 each,"https://cdn.metcash.media/image/upload/f_auto,c_limit,w_300,q_auto/igashop/images/445543_1"
Arnott's Milk Coffee 250g,$2.20,$0.88/100g,"https://cdn.metcash.media/image/upload/f_auto,c_limit,w_300,q_auto/igashop/images/83147"
Sellotape Cloth Tape 24mmx4.5m,$3.70,N/A,"https://cdn.metcash.media/image/upload/f_auto,c_limit,w_300,q_auto/igashop/images/236410"
Earth Choice Lavender Toilet Cleaner 750mL,$3.60,$0.48/100mL,"https://cdn.metcash.media/image/upload/f_auto,c_limit,w_300,q_auto/igashop/images/71666"
Ocean King Smoked Salmon 100g,$8.15,$8.15/100g,https://www.igashop.com.au/static/default-product-image.png
Cheeky Brothers Hot Foldys Bbq Steak 250g,$8.00,$3.20/100g,https://www.igashop.com.au/static/default-product-image.png
Majans Bhuja Cracker Mix 150g,$4.50,$3.00/100g,https://www.igashop.com.au/static/default-product-image.png
Pertutti Buffalo Mozzarella Tomato Basil Raviolo 400g,$11.50,$2.88/100g,"https://cdn.metcash.media/image/upload/f_auto,c_limit,w_300,q_auto/igashop/images/20000006289"
Clairol Nice 'N Easy 4 Natural Dark Brown,$9.00,N/A,"https://cdn.metcash.media/image/upload/f_auto,c_limit,w_300,q_auto/igashop/images/190000002196"
Sensodyne Rapid Relief Toothpaste Extra Fresh 100g,$10.50,$10.50/100g,"https://cdn.metcash.media/image/upload/f_auto,c_limit,w_300,q_auto/igashop/images/243807"
Primo Salt Reduced Short Cut Rindless Bacon 200g,$5.70,$2.85/100g,"https://cdn.metcash.media/image/upload/f_auto,c_limit,w_300,q_auto/igashop/images/554863"
NIVEA MEN Protect & Care Shaving Foam 200mL,$6.00,$3.00/100mL,"https://cdn.metcash.media/image/upload/f_auto,c_limit,w_300,q_auto/igashop/images/337708"
Mayver's Smunchy Protein Plus Peanut Butter 375g,$6.50,$1.73/100g,"https://cdn.metcash.media/image/upload/f_auto,c_limit,w_300,q_auto/igashop/images/849352"
Popcorners Sweet & Salty Chips 85g,$3.80,$4.47/100g,"https://cdn.metcash.media/image/upload/f_auto,c_limit,w_300,q_auto/igashop/images/307892"
Steggles Chicken Tenders Salt & Vinegar 1kg,$16.30,$16.30/kg,"https://cdn.metcash.media/image/upload/f_auto,c_limit,w_300,q_auto/igashop/images/160000003326"
Buttercup Country Split Bread Wholemeal 450g,$4.30,$0.96/100g,"https://cdn.metcash.media/image/upload/f_auto,c_limit,w_300,q_auto/igashop/images/381765"
A2 Milk Long Life Full Cream Milk 1L,$3.90,$3.90/1L,"https://cdn.metcash.media/image/upload/f_auto,c_limit,w_300,q_auto/igashop/images/574376"
ZoOSh Gherkin Creamy Dreamy Dip 185g,$3.00,$1.62/100g,"https://cdn.metcash.media/image/upload/f_auto,c_limit,w_300,q_auto/igashop/images/164079"
Baked Provisions Beef & Jalapeno Sausage Roll 350g,$7.50,$2.14/100g,"https://cdn.metcash.media/image/upload/f_auto,c_limit,w_300,q_auto/igashop/images/1800000068805"
French's Classic Yellow Mustard 226g,$3.50,$1.55/100g,"https://cdn.metcash.media/image/upload/f_auto,c_limit,w_300,q_auto/igashop/images/190000004717"
New Chinese Garden Satay Chicken 540g,$13.50,$2.50/100g,"https://cdn.metcash.media/image/upload/f_auto,c_limit,w_300,q_auto/igashop/images/20000006986"
Suprima Bakeries Cinnamon Scroll 4 Pack,$6.65,$1.66 each,https://www.igashop.com.au/static/default-product-image.png
Queen Finest Natural Rose Extract 50mL,$2.50,$5.00/100mL,"https://cdn.metcash.media/image/upload/f_auto,c_limit,w_300,q_auto/igashop/images/97052"
Olina's Bakehouse Artisan Crackers Fig & Black Olive 100g,$2.50,$2.50/100g,"https://cdn.metcash.media/image/upload/f_auto,c_limit,w_300,q_auto/igashop/images/160000000888"
Gippsland Twist Mango & Blood Orange Yoghurt 160g,$3.00,$1.88/100g,"https://cdn.metcash.media/image/upload/f_auto,c_limit,w_300,q_auto/igashop/images/168374"
Vitasoy Almond Milk Unsweetened 1L,$4.00,$4.00/1L,"https://cdn.metcash.media/image/upload/f_auto,c_limit,w_300,q_auto/igashop/images/601623"
"Heinz Steam Fresh Broccoli, Carrot & Cauliflower 450g",$4.50,$1.00/100g,"https://cdn.metcash.media/image/upload/f_auto,c_limit,w_300,q_auto/igashop/images/158031"
Farmers Union Greek Style Yoghurt Plus Protein 500g,$4.90,$0.98/100g,"https://cdn.metcash.media/image/upload/f_auto,c_limit,w_300,q_auto/igashop/images/884292"
Musashi Energy Drink Purple Grape 500mL,$4.50,$9.00/1L,"https://cdn.metcash.media/image/upload/f_auto,c_limit,w_300,q_auto/igashop/images/277275"
Mortein Naturgard Insecticides Crawling Insect Killersy Reach 320g,$17.50,$5.47/100g,"https://cdn.metcash.media/image/upload/f_auto,c_limit,w_300,q_auto/igashop/images/678057"
400 Gradi Biscotti Cat's Tongue Shortbread 200g,$7.00,$3.50/100g,"https://cdn.metcash.media/image/upload/f_auto,c_limit,w_300,q_auto/igashop/images/190000009599"
Baked Provisions Steak Potato Pie 560g,$8.50,$1.52/100g,"https://cdn.metcash.media/image/upload/f_auto,c_limit,w_300,q_auto/igashop/images/1800000068803"
Pedigree Adult Small Breed Dry Dog Food With Real Beef & Veggies 2.5kg,$15.00,$6.00/kg,"https://cdn.metcash.media/image/upload/f_auto,c_limit,w_300,q_auto/igashop/images/641961"
Elmer's Liquid School Glue 225mL,$7.00,$3.11/100mL,"https://cdn.metcash.media/image/upload/f_auto,c_limit,w_300,q_auto/igashop/images/689391"
Fussy Cat Grain Free Kitten Chicken Dry Food 450g,$6.50,$1.44/100g,"https://cdn.metcash.media/image/upload/f_auto,c_limit,w_300,q_auto/igashop/images/824925"
Devondale Butter Pat Salted 250g,$5.30,$2.12/100g,"https://cdn.metcash.media/image/upload/f_auto,c_limit,w_300,q_auto/igashop/images/142179"
Whittaker's 33% Cocoa Hazelnut Milk Chocolate Block 200g,$7.00,$3.50/100g,"https://cdn.metcash.media/image/upload/f_auto,c_limit,w_300,q_auto/igashop/images/160000013072"
Nescafe Scorched Almond Salted Caramel Mocha 8 Pack 180g,$7.60,$4.22/100g,"https://cdn.metcash.media/image/upload/f_auto,c_limit,w_300,q_auto/igashop/images/190000010449"
Kellogg's Sultana Bran 420g,$7.00,$1.67/100g,"https://cdn.metcash.media/image/upload/f_auto,c_limit,w_300,q_auto/igashop/images/99460"
Colgate Toothpaste Optic White Enamel 100g,$7.00,$7.00/100g,"https://cdn.metcash.media/image/upload/f_auto,c_limit,w_300,q_auto/igashop/images/527921"
L'Oréal Wrinkle Expert Calcium 55 Anti-Wrinkle Day Cream 50mL,$13.50,$27.00/100mL,"https://cdn.metcash.media/image/upload/f_auto,c_limit,w_300,q_auto/igashop/images/919505"
Lion Flour Self Raising 1kg,$2.90,$2.90/kg,"https://cdn.metcash.media/image/upload/f_auto,c_limit,w_300,q_auto/igashop/images/20000002368"
Fever-Tree Elderflower Tonic Water Bottle 500mL,$5.00,$1.00/100mL,"https://cdn.metcash.media/image/upload/f_auto,c_limit,w_300,q_auto/igashop/images/6601614"
Dilmah Green Tea Jasmine 20 Pack,$5.30,$0.27 each,"https://cdn.metcash.media/image/upload/f_auto,c_limit,w_300,q_auto/igashop/images/604600"
Continental Value Pack Rice Chicken 190g,$4.00,$2.11/100g,"https://cdn.metcash.media/image/upload/f_auto,c_limit,w_300,q_auto/igashop/images/5893"
Mentos Cube Gum Ice Grape 46g,$2.95,$6.41/100g,https://www.igashop.com.au/static/default-product-image.png
Nutrisoy Organic Tempeh Plain 300g,$7.00,$2.33/100g,"https://cdn.metcash.media/image/upload/f_auto,c_limit,w_300,q_auto/igashop/images/20000005128"
Peppadew Stuffed With Feta 1kg,Final cost based on weight,$44.90/$44.90,"https://cdn.metcash.media/image/upload/f_auto,c_limit,w_300,q_auto/igashop/images/80072035"
Continental Cup A Soup Creamy Potato & Bacon With Croutons 2 Pack,$2.80,$1.40 each,"https://cdn.metcash.media/image/upload/f_auto,c_limit,w_300,q_auto/igashop/images/8692"
Red Rock Deli Sweet Chilli & Sour Cream 290g,$8.50,$2.93/100g,"https://cdn.metcash.media/image/upload/f_auto,c_limit,w_300,q_auto/igashop/images/543985"
Bulla Froyo Boysenberry 1L,$11.00,$11.00/1L,https://www.igashop.com.au/static/default-product-image.png
Haribo Starmix 150g,$2.00,$1.33/100g,"https://cdn.metcash.media/image/upload/f_auto,c_limit,w_300,q_auto/igashop/images/807004"
Beerenberg Tomato Sauce 300mL,$6.55,$2.18/100mL,"https://cdn.metcash.media/image/upload/f_auto,c_limit,w_300,q_auto/igashop/images/964034"
Coca-Cola Classic Soft Drink Mini Can 250mL,$2.45,$0.98/100mL,"https://cdn.metcash.media/image/upload/f_auto,c_limit,w_300,q_auto/igashop/images/187043"
Sudocrem Healing Cream 250g,$25.50,$10.20/100g,"https://cdn.metcash.media/image/upload/f_auto,c_limit,w_300,q_auto/igashop/images/951874"
Arnott's Jatz Clix Crackers 250g,$4.00,$1.60/100g,"https://cdn.metcash.media/image/upload/f_auto,c_limit,w_300,q_auto/igashop/images/479380"
San Remo Brown Rice Spirals 250g,$4.00,$1.60/100g,"https://cdn.metcash.media/image/upload/f_auto,c_limit,w_300,q_auto/igashop/images/275333"
Armor All Leather Wipes 24 Pack,$18.00,$0.75 each,https://www.igashop.com.au/static/default-product-image.png
The Carob Kitchen Carob Milk Bar 80g,$7.95,$9.94/100g,"https://cdn.metcash.media/image/upload/f_auto,c_limit,w_300,q_auto/igashop/images/7557"
Dozen Oysters Final cost based on weight,$26.95,N/A,"https://cdn.metcash.media/image/upload/f_auto,c_limit,w_300,q_auto/igashop/images/80075010"
Chicken Thigh Fillet Small 500g,Final cost based on weight,$8.75/$17.50,"https://cdn.metcash.media/image/upload/f_auto,c_limit,w_300,q_auto/igashop/images/80080002"
My Dog Home Delights Dog Food Chicken Pasta And Vegetables 100g,$1.40,$1.40/100g,"https://cdn.metcash.media/image/upload/f_auto,c_limit,w_300,q_auto/igashop/images/20000006496"
Woodbridge Smoked Atlantic Salmon 200g,$26.25,$13.13/100g,"https://cdn.metcash.media/image/upload/f_auto,c_limit,w_300,q_auto/igashop/images/20000006557"
SPC Diced Tomatoes 400g,$1.75,$0.44/100g,"https://cdn.metcash.media/image/upload/f_auto,c_limit,w_300,q_auto/igashop/images/49410"
Eco Farm Organic Green Capsicum 500g,$8.99,$1.80/100g,https://www.igashop.com.au/static/default-product-image.png
Griffin's Mint Treat 200g,$4.60,$2.30/100g,"https://cdn.metcash.media/image/upload/f_auto,c_limit,w_300,q_auto/igashop/images/734793"
Oatly Oat Milk Vanilla 1L,$4.70,$4.70/1L,"https://cdn.metcash.media/image/upload/f_auto,c_limit,w_300,q_auto/igashop/images/374195"
Vanish Preen Fabric Stain Remover Oxiaction Refill 500mL,$8.15,$1.63/100mL,"https://cdn.metcash.media/image/upload/f_auto,c_limit,w_300,q_auto/igashop/images/609833"
Korbond Black Poly Thread 160m,$2.60,N/A,"https://cdn.metcash.media/image/upload/f_auto,c_limit,w_300,q_auto/igashop/images/291295"
Multix Greener Ocean Plastic Tidy Bags Small 36 Pack,$4.95,$0.14 each,"https://cdn.metcash.media/image/upload/f_auto,c_limit,w_300,q_auto/igashop/images/606262"
Sirena Ready To Eat Meal Tuna Paella 170g,$3.40,$2.00/100g,"https://cdn.metcash.media/image/upload/f_auto,c_limit,w_300,q_auto/igashop/images/670305"
Cadbury Easter Mixed Egg Bag 230g,$13.25,$5.76/100g,"https://cdn.metcash.media/image/upload/f_auto,c_limit,w_300,q_auto/igashop/images/917472"
Balter XPA Can 375mL,$2.15,$0.57/100mL,"https://cdn.metcash.media/image/upload/f_auto,c_limit,w_300,q_auto/igashop/images/190000008834"
Community Co Pork Ribs In A Smokey Style BBQ Sauce 650g,$16.00,$2.46/100g,"https://cdn.metcash.media/image/upload/f_auto,c_limit,w_300,q_auto/igashop/images/567133"
Heinz Spaghetti Tomato Sauce 220g,$2.10,$0.95/100g,"https://cdn.metcash.media/image/upload/f_auto,c_limit,w_300,q_auto/igashop/images/21535"
Bonds Women's Brief Hipster Bikini Black or White Size 16 2 Pack,$12.00,$6.00 each,"https://cdn.metcash.media/image/upload/f_auto,c_limit,w_300,q_auto/igashop/images/180000001369"
"Lo Bros Kombucha, Ginger & Lemon 330mL",$3.60,$1.09/100mL,"https://cdn.metcash.media/image/upload/f_auto,c_limit,w_300,q_auto/igashop/images/934"
Clive of India Authentic Curry Powder 100g,$4.00,$4.00/100g,"https://cdn.metcash.media/image/upload/f_auto,c_limit,w_300,q_auto/igashop/images/338615"
Nescafe Mocha Coffee Multipack 10 Pack,$8.00,$0.80 each,"https://cdn.metcash.media/image/upload/f_auto,c_limit,w_300,q_auto/igashop/images/1800000068867"
Barilla Spaghettoni N07 500g,$3.00,$0.60/100g,"https://cdn.metcash.media/image/upload/f_auto,c_limit,w_300,q_auto/igashop/images/498554"
Tip Top Sandwich Original Thins 240g,$3.90,$1.63/100g,"https://cdn.metcash.media/image/upload/f_auto,c_limit,w_300,q_auto/igashop/images/810049"
Majans Infuzions Veggie Straws Salt & Vinegar 90g,$4.50,$5.00/100g,"https://cdn.metcash.media/image/upload/f_auto,c_limit,w_300,q_auto/igashop/images/190570"
The Gourmet Sausage Company Beef Sausage Vintage Cheddar and Caramelised Onion 500g,$11.00,$2.20/100g,"https://cdn.metcash.media/image/upload/f_auto,c_limit,w_300,q_auto/igashop/images/115978"
Bega Country Light Vintage Cheese 500g,$9.50,$1.90/100g,"https://cdn.metcash.media/image/upload/f_auto,c_limit,w_300,q_auto/igashop/images/181856"
Up & Go Liquid Breakfast Vanilla Ice With No Added Sugar 12 Pack,$18.00,$1.50 each,"https://cdn.metcash.media/image/upload/f_auto,c_limit,w_300,q_auto/igashop/images/754015"
Oreo Choc Mint 131g,$2.00,$1.53/100g,"https://cdn.metcash.media/image/upload/f_auto,c_limit,w_300,q_auto/igashop/images/373982"
Original Juice Co Juice Orange Juice With Pulp 1.5L,$7.00,$4.67/1L,"https://cdn.metcash.media/image/upload/f_auto,c_limit,w_300,q_auto/igashop/images/117019"
Lee Kum Kee Sauce San Choy Bao 100g,$2.70,$2.70/100g,"https://cdn.metcash.media/image/upload/f_auto,c_limit,w_300,q_auto/igashop/images/18684"
Edgell Organic Chickpeas 400g,$2.30,$0.58/100g,"https://cdn.metcash.media/image/upload/f_auto,c_limit,w_300,q_auto/igashop/images/150000007998"
S&W 100% Pure Canadian Maple Syrup 250mL,$11.35,$4.54/100mL,"https://cdn.metcash.media/image/upload/f_auto,c_limit,w_300,q_auto/igashop/images/190000004771"
Purina Total Care Dog Toy Toy Octo Rope Plush,$16.00,N/A,"https://cdn.metcash.media/image/upload/f_auto,c_limit,w_300,q_auto/igashop/images/1800000069788"
Lindt Excellence 78% Cocoa 100g,$4.95,$4.95/100g,"https://cdn.metcash.media/image/upload/f_auto,c_limit,w_300,q_auto/igashop/images/811760"
Mortein Naturgard Auto Indoor Insect Control Odourless Refill 154g,$16.00,$10.39/100g,"https://cdn.metcash.media/image/upload/f_auto,c_limit,w_300,q_auto/igashop/images/363186"
Double D Sugar Free Butter Candy Drops 70g,$2.65,$3.79/100g,"https://cdn.metcash.media/image/upload/f_auto,c_limit,w_300,q_auto/igashop/images/303885"
Sara Lee Strawberry Cheesecake 410g,$6.30,$1.54/100g,"https://cdn.metcash.media/image/upload/f_auto,c_limit,w_300,q_auto/igashop/images/115431"
Lifestyle Gluten Free Fruit Hot Cross Buns 210g,$6.10,$2.90/100g,https://www.igashop.com.au/static/default-product-image.png
Nestlé Vanilla Drumstick 119mL,$5.00,$4.20/100mL,"https://cdn.metcash.media/image/upload/f_auto,c_limit,w_300,q_auto/igashop/images/190000004549"
Heinz Soup Of The Day Buttercup Pumpkin & Veg 430g,$4.50,$1.05/100g,"https://cdn.metcash.media/image/upload/f_auto,c_limit,w_300,q_auto/igashop/images/380641"
Weis Ice Cream & Fruit Bar Mango 4 Pack,$9.50,$2.38 each,"https://cdn.metcash.media/image/upload/f_auto,c_limit,w_300,q_auto/igashop/images/177514"
Moccona Cadbury Caramel Mocha Sachets 8 Pack,$7.90,$0.99 each,"https://cdn.metcash.media/image/upload/f_auto,c_limit,w_300,q_auto/igashop/images/252107"
Cadbury Scorched Hazelnuts 280g,$5.00,$1.79/100g,"https://cdn.metcash.media/image/upload/f_auto,c_limit,w_300,q_auto/igashop/images/180664"
Green's Chocolate Brownie Mix 380g,$3.00,$0.79/100g,"https://cdn.metcash.media/image/upload/f_auto,c_limit,w_300,q_auto/igashop/images/388437"
Baker's Oven Garlic Bread Twin 450g,$2.50,$0.56/100g,"https://cdn.metcash.media/image/upload/f_auto,c_limit,w_300,q_auto/igashop/images/117991"
Taylors Of Harrogates Yorkshire Tea 220g,$6.30,$2.86/100g,"https://cdn.metcash.media/image/upload/f_auto,c_limit,w_300,q_auto/igashop/images/1800000070944"
Greenseas Tuna Sweet Chilli 95g,$1.70,$1.79/100g,"https://cdn.metcash.media/image/upload/f_auto,c_limit,w_300,q_auto/igashop/images/303636"
Impressed Orange With Pulp Juice 1L,$5.00,$5.00/1L,"https://cdn.metcash.media/image/upload/f_auto,c_limit,w_300,q_auto/igashop/images/8652"
Allen's Jelly Beans Lollies Bag 190g,$5.00,$2.63/100g,"https://cdn.metcash.media/image/upload/f_auto,c_limit,w_300,q_auto/igashop/images/17497"
Bobby Prebiotic Soft Drink Cola 330mL,$4.00,$12.12/1L,"https://cdn.metcash.media/image/upload/f_auto,c_limit,w_300,q_auto/igashop/images/960815"
Ritz Original Crackers 227g,$2.50,$1.10/100g,"https://cdn.metcash.media/image/upload/f_auto,c_limit,w_300,q_auto/igashop/images/150000007949"
Jack Hammer Sink Plunger,$3.60,N/A,https://www.igashop.com.au/static/default-product-image.png
Chobani Yoghurt Fit X Salted Caramel Craze 140g,$3.49,$2.49/100g,"https://cdn.metcash.media/image/upload/f_auto,c_limit,w_300,q_auto/igashop/images/180000000043"
Yarra Valley Hilltop Heritage Plum Conserve 300g,$5.60,$1.87/100g,https://www.igashop.com.au/static/default-product-image.png
Parker's Mini Pretzel Mini 225g,$3.50,$1.56/100g,"https://cdn.metcash.media/image/upload/f_auto,c_limit,w_300,q_auto/igashop/images/330691"
Love'Em Kangaroo Tendons 50g,$8.15,$16.30/100g,https://www.igashop.com.au/static/default-product-image.png
Cadbury Slices Original Mint 170g,$8.00,$4.71/100g,"https://cdn.metcash.media/image/upload/f_auto,c_limit,w_300,q_auto/igashop/images/224159"
Well & Good Marble Cake Mix 460g,$7.50,$1.63/100g,https://www.igashop.com.au/static/default-product-image.png
Empire Pizza Supreme 600g,$12.00,$2.00/100g,"https://cdn.metcash.media/image/upload/f_auto,c_limit,w_300,q_auto/igashop/images/190000003955"
Cleaver's Organic Beef Lasagna 600g,$16.00,$2.67/100g,"https://cdn.metcash.media/image/upload/f_auto,c_limit,w_300,q_auto/igashop/images/694781"
New York Bagels Sesame 400g,$5.30,$1.33/100g,https://www.igashop.com.au/static/default-product-image.png
Meredith Dairy Goat Cheese Chevre Dusted with Ash 150g,$9.50,$6.33/100g,"https://cdn.metcash.media/image/upload/f_auto,c_limit,w_300,q_auto/igashop/images/957906"
Pauls Milky Max Strawberry Flavoured Milk 250mL,$2.70,$1.08/100mL,"https://cdn.metcash.media/image/upload/f_auto,c_limit,w_300,q_auto/igashop/images/356341"
Temptations Cat Treat Hearty Beef Bag 180g,$8.00,$4.44/100g,"https://cdn.metcash.media/image/upload/f_auto,c_limit,w_300,q_auto/igashop/images/656063"
Whiskas Kitten Wet Cat Food Chicken In Gravy Pouch 12 Pack,$10.40,$0.87 each,"https://cdn.metcash.media/image/upload/f_auto,c_limit,w_300,q_auto/igashop/images/63634"
K-Roo Herb & Garlic Mini Roast 800g,$19.20,$24.00/kg,"https://cdn.metcash.media/image/upload/f_auto,c_limit,w_300,q_auto/igashop/images/1800000069280"
Koja Oat Bar Maple 60g,$3.50,$5.83/100g,https://www.igashop.com.au/static/default-product-image.png
Skittles Giants Fruits Chewy Lollies Snack & Share Bag 132g,$6.00,$4.55/100g,"https://cdn.metcash.media/image/upload/f_auto,c_limit,w_300,q_auto/igashop/images/180000003673"
Frisp Minis Multi Pack - Strawberry 35g,$6.95,$19.86/100g,"https://cdn.metcash.media/image/upload/f_auto,c_limit,w_300,q_auto/igashop/images/180000005994"
Cocobella Coconut Yoghurt Natural 900g,$9.50,$1.06/100g,"https://cdn.metcash.media/image/upload/f_auto,c_limit,w_300,q_auto/igashop/images/180000000401"
Gourmet Garden Paste Garlic 80g,$4.50,$5.63/100g,"https://cdn.metcash.media/image/upload/f_auto,c_limit,w_300,q_auto/igashop/images/20000004248"
Loaf Maple Pecan Blondie Bites 120g,$6.65,$5.54/100g,https://www.igashop.com.au/static/default-product-image.png
Birds Eye Beer Battered Wedges 750g,$4.00,$0.53/100g,"https://cdn.metcash.media/image/upload/f_auto,c_limit,w_300,q_auto/igashop/images/149561"
Glade Sense & Spray Pomegranate & Cranberries Refill,$6.10,N/A,"https://cdn.metcash.media/image/upload/f_auto,c_limit,w_300,q_auto/igashop/images/56792"
Golden Circle Unsweetened Pineapple Juice 2L,$6.50,$3.25/1L,"https://cdn.metcash.media/image/upload/f_auto,c_limit,w_300,q_auto/igashop/images/634265_"
Jarrah Cappuccino Classic 125g,$8.50,$6.80/100g,https://www.igashop.com.au/static/default-product-image.png
Drumstick Rocky Road 4 Pack,$4.75,$1.19 each,"https://cdn.metcash.media/image/upload/f_auto,c_limit,w_300,q_auto/igashop/images/1800000068267"
Up & Go Protein Energize Liquid Breakfast Strawberry 6 Pack,$14.00,$2.33 each,"https://cdn.metcash.media/image/upload/f_auto,c_limit,w_300,q_auto/igashop/images/959602"
Johnson's Body Care Extra Rich Moisturising Cream Body Wash 1L,$6.00,$6.00/1L,"https://cdn.metcash.media/image/upload/f_auto,c_limit,w_300,q_auto/igashop/images/396692"
Jalna Sweet & Creamy Greek Yoghourt 1kg,$7.00,$7.00/kg,"https://cdn.metcash.media/image/upload/f_auto,c_limit,w_300,q_auto/igashop/images/181076"
Aurora Strawberry Gelato 500mL,$7.99,$1.60/100mL,"https://cdn.metcash.media/image/upload/f_auto,c_limit,w_300,q_auto/igashop/images/20000002534"
Dr. Oetker Designer Icing White 140g,$4.50,$3.21/100g,"https://cdn.metcash.media/image/upload/f_auto,c_limit,w_300,q_auto/igashop/images/675818"
Food Guru Plastic Spoon 4 Pack,$7.00,$1.75 each,"https://cdn.metcash.media/image/upload/f_auto,c_limit,w_300,q_auto/igashop/images/832795"
Organic Care Pump Handwash Vanilla Shea 400mL,$5.10,$1.28/100mL,"https://cdn.metcash.media/image/upload/f_auto,c_limit,w_300,q_auto/igashop/images/887033"
My Dog Wet Dog Food Gourmet Beef Meaty Loaf 24 Pack,$28.00,$1.17 each,"https://cdn.metcash.media/image/upload/f_auto,c_limit,w_300,q_auto/igashop/images/946272"
Community Co Sunflower Oil 750mL,$3.80,$0.51/100mL,"https://cdn.metcash.media/image/upload/f_auto,c_limit,w_300,q_auto/igashop/images/670910"
Smith's Thinly Cut Potato Chips Salt & Vinegar 175g,$2.50,$1.43/100g,"https://cdn.metcash.media/image/upload/f_auto,c_limit,w_300,q_auto/igashop/images/689210"
The Natural Confectionery Co. Party Mix 240g,$4.00,$1.67/100g,"https://cdn.metcash.media/image/upload/f_auto,c_limit,w_300,q_auto/igashop/images/312143"
L'Oréal Elnett Satin Normal Strength Hairspray 400mL,$11.95,$2.99/100mL,"https://cdn.metcash.media/image/upload/f_auto,c_limit,w_300,q_auto/igashop/images/92400"
Ingham Gluten Free Chicken Breast 400g,$10.00,$2.50/100g,https://www.igashop.com.au/static/default-product-image.png
Up & Go Liquid Breakfast Banana 3 Pack,$7.00,$2.33 each,"https://cdn.metcash.media/image/upload/f_auto,c_limit,w_300,q_auto/igashop/images/83252"
Bega Whipped Peanut Butter 375g,$5.55,$1.48/100g,"https://cdn.metcash.media/image/upload/f_auto,c_limit,w_300,q_auto/igashop/images/180000006555"
Palmolive Antibacterial Foaming Hand Wash Soap Lime Refill 500mL,$4.00,$0.80/100mL,"https://cdn.metcash.media/image/upload/f_auto,c_limit,w_300,q_auto/igashop/images/389996"
Schwarzkopf Extra Care Ultimate Styling Mousse 150g,$7.00,$4.67/100g,"https://cdn.metcash.media/image/upload/f_auto,c_limit,w_300,q_auto/igashop/images/85974"
T2 Wakey Wakey 10 Pack,$8.15,$0.82 each,"https://cdn.metcash.media/image/upload/f_auto,c_limit,w_300,q_auto/igashop/images/160000003397"
McCain Roast Lamb Frozen Meal 320g,$6.00,$1.88/100g,"https://cdn.metcash.media/image/upload/f_auto,c_limit,w_300,q_auto/igashop/images/102674"
Krummies Breadcrumbs 375g,$3.10,$0.83/100g,"https://cdn.metcash.media/image/upload/f_auto,c_limit,w_300,q_auto/igashop/images/40987"
Lux Body Wash Petal Touch 400mL,$5.80,$1.45/100mL,"https://cdn.metcash.media/image/upload/f_auto,c_limit,w_300,q_auto/igashop/images/85173"
Valley Produce Co. Traditional Christmas Pudding 1kg,$15.00,$15.00/kg,"https://cdn.metcash.media/image/upload/f_auto,c_limit,w_300,q_auto/igashop/images/20000007252"
Community Co Gluten Free Shortbread 180g,$3.80,$2.11/100g,"https://cdn.metcash.media/image/upload/f_auto,c_limit,w_300,q_auto/igashop/images/870528"
Oreo Original Mini Cup 67g,$1.85,$2.76/100g,"https://cdn.metcash.media/image/upload/f_auto,c_limit,w_300,q_auto/igashop/images/672572"
Four 'N Twenty Traveller Microwavable Classic Beef 160g,$4.30,$2.69/100g,"https://cdn.metcash.media/image/upload/f_auto,c_limit,w_300,q_auto/igashop/images/162394"
V Energy Drink Blue Can 500mL,$4.25,$0.85/100mL,"https://cdn.metcash.media/image/upload/f_auto,c_limit,w_300,q_auto/igashop/images/318050"
Hovex Camph Capsule Twin 18g,$3.00,$16.67/100g,"https://cdn.metcash.media/image/upload/f_auto,c_limit,w_300,q_auto/igashop/images/972728"
DON Crafted Cuts Bacon Streaky 180g,$7.15,$3.97/100g,"https://cdn.metcash.media/image/upload/f_auto,c_limit,w_300,q_auto/igashop/images/233438"
Redheads Classic Safety Matches 45 Pack,$0.30,$0.01 each,"https://cdn.metcash.media/image/upload/f_auto,c_limit,w_300,q_auto/igashop/images/160000014478"
Redberry Brush Cushion,$8.60,N/A,"https://cdn.metcash.media/image/upload/f_auto,c_limit,w_300,q_auto/igashop/images/247623"
Continental Cup A Soup Mild Chicken Curry With Lots Of Noodles 2 Pack,$2.80,$1.40 each,"https://cdn.metcash.media/image/upload/f_auto,c_limit,w_300,q_auto/igashop/images/458261"
Extra Peppermint Sugar Free Chewing Gum 4 Pack,$5.00,$1.25 each,"https://cdn.metcash.media/image/upload/f_auto,c_limit,w_300,q_auto/igashop/images/197629"
Glen 20 Spray Disinfectant All-In-One Original 300g,$11.00,$3.67/100g,"https://cdn.metcash.media/image/upload/f_auto,c_limit,w_300,q_auto/igashop/images/64208"
Betty Crocker Kids Brownie Mix Rainbow Brownie 335g,$7.00,$2.09/100g,https://www.igashop.com.au/static/default-product-image.png
Griffin's Original Mallowpuffs Chocolate 200g,$5.20,$2.60/100g,"https://cdn.metcash.media/image/upload/f_auto,c_limit,w_300,q_auto/igashop/images/271145"
Sirena Tuna Garlic & Chilli In Oil 95g,$2.00,$2.11/100g,"https://cdn.metcash.media/image/upload/f_auto,c_limit,w_300,q_auto/igashop/images/150000007696"
Canesten Antibacterial And Antifungal Hygiene Laundry Rinse Lemon 1L,$15.50,$15.50/1L,"https://cdn.metcash.media/image/upload/f_auto,c_limit,w_300,q_auto/igashop/images/939356"
VitaPet Fish Food Weekend Blocks 20g,$5.50,$27.50/100g,"https://cdn.metcash.media/image/upload/f_auto,c_limit,w_300,q_auto/igashop/images/205545"
Fluffy Divine Blends Ultra Fabric Softener Lotus & Sea Minerals 900mL,$8.50,$0.94/100mL,"https://cdn.metcash.media/image/upload/f_auto,c_limit,w_300,q_auto/igashop/images/393597"
Lindt Gold Bunny Milk Heart Edition 100g,$10.20,$10.20/100g,"https://cdn.metcash.media/image/upload/f_auto,c_limit,w_300,q_auto/igashop/images/180000004585"
Dentalife Adult Daily Large Breed Dog Dental Treats 18 Pack,$16.00,$0.89 each,"https://cdn.metcash.media/image/upload/f_auto,c_limit,w_300,q_auto/igashop/images/170000003320"
Listerine FreshBurst Antibacterial Mouthwash 250mL,$4.95,$1.98/100mL,"https://cdn.metcash.media/image/upload/f_auto,c_limit,w_300,q_auto/igashop/images/370659"
Maggi Beef Noodle Cup 58g,$2.50,$4.31/100g,"https://cdn.metcash.media/image/upload/f_auto,c_limit,w_300,q_auto/igashop/images/81776"
South Cape Cheese Platter 435g,$21.95,$5.05/100g,"https://cdn.metcash.media/image/upload/f_auto,c_limit,w_300,q_auto/igashop/images/993656"
Sanofi Glycerine 200mL,$9.00,$4.50/100mL,"https://cdn.metcash.media/image/upload/f_auto,c_limit,w_300,q_auto/igashop/images/361171"
Duck Marine Value Pack Fresh Discs 2 Pack,$11.90,$5.95 each,"https://cdn.metcash.media/image/upload/f_auto,c_limit,w_300,q_auto/igashop/images/4813"
Korbond Automatic Red Clothes Brush,$7.60,N/A,"https://cdn.metcash.media/image/upload/f_auto,c_limit,w_300,q_auto/igashop/images/219332"
Tasty Peppermint Tea Bags 20 Pack,$4.55,$0.23 each,"https://cdn.metcash.media/image/upload/f_auto,c_limit,w_300,q_auto/igashop/images/180000000213"
Dove Nutritive Solutions Conditioner Intensive Repair 320mL,$6.50,$2.03/100mL,"https://cdn.metcash.media/image/upload/f_auto,c_limit,w_300,q_auto/igashop/images/244667"
Spice & Co Peri Peri Spice 45g,$3.75,$8.33/100g,"https://cdn.metcash.media/image/upload/f_auto,c_limit,w_300,q_auto/igashop/images/190000002427"
Prinetti 4 in 1 Snack Maker,$17.00,N/A,"https://cdn.metcash.media/image/upload/f_auto,c_limit,w_300,q_auto/igashop/images/360138"
BIC Soleil Twilight Lavender Razor 4 Pack,$4.75,$1.19 each,"https://cdn.metcash.media/image/upload/f_auto,c_limit,w_300,q_auto/igashop/images/316142"
Vittoria Caramel Latte Coffee Sachets 8 Pack,$7.50,$0.94 each,"https://cdn.metcash.media/image/upload/f_auto,c_limit,w_300,q_auto/igashop/images/1800000068873"
Salami Chilli 1kg,Final cost based on weight,$35.50/$35.50,"https://cdn.metcash.media/image/upload/f_auto,c_limit,w_300,q_auto/igashop/images/80072026"
Sirena Tuna Lite Oil Italian Style 425g,$7.50,$1.76/100g,https://www.igashop.com.au/static/default-product-image.png
NIVEA Men Black & White Fresh Anti-Perspirant Aerosol 250mL,$4.25,$1.70/100mL,"https://cdn.metcash.media/image/upload/f_auto,c_limit,w_300,q_auto/igashop/images/921023"
Nestlé Smarties 180g,$5.25,$2.92/100g,"https://cdn.metcash.media/image/upload/f_auto,c_limit,w_300,q_auto/igashop/images/63870"
Yumi's Mini Avocado Dip 3 Pack 3 Pack,$4.00,$1.33 each,"https://cdn.metcash.media/image/upload/f_auto,c_limit,w_300,q_auto/igashop/images/9240"
Birds Eye Veggie Rice Cauliflower Fried Rice Style 500g,$7.30,$1.46/100g,"https://cdn.metcash.media/image/upload/f_auto,c_limit,w_300,q_auto/igashop/images/429539"
TYJ Spring Roll Pastry 275g,$2.50,$0.91/100g,"https://cdn.metcash.media/image/upload/f_auto,c_limit,w_300,q_auto/igashop/images/20000001692"
Kingland Tofu Firm 300g,$3.90,$1.30/100g,"https://cdn.metcash.media/image/upload/f_auto,c_limit,w_300,q_auto/igashop/images/121000"
Pantene Pro-V Long & Strong Shampoo 375mL,$10.00,$2.67/100mL,"https://cdn.metcash.media/image/upload/f_auto,c_limit,w_300,q_auto/igashop/images/781669"
Bic Soleil Comfort Scented Bl3 3 Pack,$8.70,$2.90 each,https://www.igashop.com.au/static/default-product-image.png
Schwarzkopf Extra Care Strong Styling Hairspray 100g,$6.30,$6.30/100g,"https://cdn.metcash.media/image/upload/f_auto,c_limit,w_300,q_auto/igashop/images/72170"
Elastoplast Extra Tough XL 10 Pack,$6.00,$0.60 each,"https://cdn.metcash.media/image/upload/f_auto,c_limit,w_300,q_auto/igashop/images/160000010943"
My Muscle Chef Recovery Bar Double Choc Fudge 55g,$5.50,$10.00/100g,"https://cdn.metcash.media/image/upload/f_auto,c_limit,w_300,q_auto/igashop/images/574402"
Radox Body Wash Feel Oxygenated 1L,$7.00,$7.00/1L,"https://cdn.metcash.media/image/upload/f_auto,c_limit,w_300,q_auto/igashop/images/349051"
V Refresh Citrus Lemonade Energy Drink 4 Pack,$8.20,$2.05 each,"https://cdn.metcash.media/image/upload/f_auto,c_limit,w_300,q_auto/igashop/images/190000010471"
Simply Wize Irresistible Gluten Free Party Mix 150g,$4.70,$3.13/100g,"https://cdn.metcash.media/image/upload/f_auto,c_limit,w_300,q_auto/igashop/images/160000014247"
On The Menu Butter Chicken with Rice 400g,$4.00,$1.00/100g,"https://cdn.metcash.media/image/upload/f_auto,c_limit,w_300,q_auto/igashop/images/31831_1"
Blackmores Probiotics + Immune Defence Capsules 30 Pack,$30.00,$1.00 each,"https://cdn.metcash.media/image/upload/f_auto,c_limit,w_300,q_auto/igashop/images/160000010872"
Tic Tac Berry Mix 24g,$2.30,$9.58/100g,"https://cdn.metcash.media/image/upload/f_auto,c_limit,w_300,q_auto/igashop/images/366574"
Cuddly Fabric Softener Ultra Sunshine Fresh 1L,$10.50,$10.50/1L,"https://cdn.metcash.media/image/upload/f_auto,c_limit,w_300,q_auto/igashop/images/29782"
Divine Foods Aust. Melting Moments Salted Caramel 160g,$5.25,$3.28/100g,https://www.igashop.com.au/static/default-product-image.png
Heinz 6 Months Apple & Oatmeal 170g,$1.60,$0.94/100g,"https://cdn.metcash.media/image/upload/f_auto,c_limit,w_300,q_auto/igashop/images/388136"
Bosisto's Floor Cleaner 750mL,$6.50,$0.87/100mL,"https://cdn.metcash.media/image/upload/f_auto,c_limit,w_300,q_auto/igashop/images/947964"
Trill Honey Sticks for Parrots 3 Pack,$4.25,$1.42 each,"https://cdn.metcash.media/image/upload/f_auto,c_limit,w_300,q_auto/igashop/images/20000005982"
McCain Tuna Mornay 400g,$4.50,$1.13/100g,"https://cdn.metcash.media/image/upload/f_auto,c_limit,w_300,q_auto/igashop/images/141555"
Health Attack Crispyfruits Pear 10g,$2.70,$27.00/100g,"https://cdn.metcash.media/image/upload/f_auto,c_limit,w_300,q_auto/igashop/images/190000005031"
Original Juice Co Orange Juice 600mL,$4.30,$0.72/100mL,"https://cdn.metcash.media/image/upload/f_auto,c_limit,w_300,q_auto/igashop/images/115884"
Lindt Mini Santa Pouch Bag 80g,$13.00,$16.25/100g,"https://cdn.metcash.media/image/upload/f_auto,c_limit,w_300,q_auto/igashop/images/456413"
M&M's Minis Chocolate Multicolour Tube 35g,$1.50,$4.29/100g,"https://cdn.metcash.media/image/upload/f_auto,c_limit,w_300,q_auto/igashop/images/932600"
Sara Lee Mini Cups French Vanilla Cheesecake 320g,$9.20,$2.88/100g,"https://cdn.metcash.media/image/upload/f_auto,c_limit,w_300,q_auto/igashop/images/1800000069714"
TRESemmé Hair Mask Purple Toning 200mL,$14.30,$7.15/100mL,"https://cdn.metcash.media/image/upload/f_auto,c_limit,w_300,q_auto/igashop/images/184430"
Meggles Cage Eggs Large 600g,$6.95,$1.16/100g,"https://cdn.metcash.media/image/upload/f_auto,c_limit,w_300,q_auto/igashop/images/20000003853"
Nomad Breads Stone Baked Turkish Garlic 400g,$5.05,$1.26/100g,https://www.igashop.com.au/static/default-product-image.png
OB Finest Specialty Crackers Cashew & Rosemary With Sesame Seeds 150g,$5.00,$3.33/100g,"https://cdn.metcash.media/image/upload/f_auto,c_limit,w_300,q_auto/igashop/images/751892"
Thins Chips Original 175g,$5.00,$2.86/100g,"https://cdn.metcash.media/image/upload/f_auto,c_limit,w_300,q_auto/igashop/images/17366"
Nicorette Quit Smoking Extra Strength Icy Mint Lozenges 4 Mg 80 Pack,$34.00,$0.43 each,"https://cdn.metcash.media/image/upload/f_auto,c_limit,w_300,q_auto/igashop/images/43749"
Gaviscon Alkaline Remedies Dual Action Peppermint 500mL,$18.00,$3.60/100mL,"https://cdn.metcash.media/image/upload/f_auto,c_limit,w_300,q_auto/igashop/images/472401"
Tic Tac Fruit Adventure 24g,$2.30,$9.58/100g,"https://cdn.metcash.media/image/upload/f_auto,c_limit,w_300,q_auto/igashop/images/382229"
Yoplait Petit Miam Yoghurt Banana 70g,$1.00,$1.43/100g,"https://cdn.metcash.media/image/upload/f_auto,c_limit,w_300,q_auto/igashop/images/131092"
Herbal Essences Hydrate Coconut Milk Conditioner 400mL,$10.30,$2.58/100mL,"https://cdn.metcash.media/image/upload/f_auto,c_limit,w_300,q_auto/igashop/images/942362"
Pandaroo Paste Wasabi 43g,$2.80,$6.51/100g,"https://cdn.metcash.media/image/upload/f_auto,c_limit,w_300,q_auto/igashop/images/20000005357"
Kleenex Facial Tissue Everyday Bundled Pack,$2.90,N/A,https://www.igashop.com.au/static/default-product-image.png
Natures Organics SPA Fruit Sensations Shower Gel 400mL,$2.60,$0.65/100mL,"https://cdn.metcash.media/image/upload/f_auto,c_limit,w_300,q_auto/igashop/images/51695"
Community Co Vegetable Gyoza 500g,$8.00,$1.60/100g,"https://cdn.metcash.media/image/upload/f_auto,c_limit,w_300,q_auto/igashop/images/190000010650"
Dairy Farmers Custard Thick Vanilla 1kg,$5.95,$5.95/kg,"https://cdn.metcash.media/image/upload/f_auto,c_limit,w_300,q_auto/igashop/images/183581"
Schmackos Strapz Dog Treat BBQ Lamb 200g,$8.00,$4.00/100g,"https://cdn.metcash.media/image/upload/f_auto,c_limit,w_300,q_auto/igashop/images/160000003131"
Nurofen Cold & Flu 12 Pack,$9.50,$0.79 each,"https://cdn.metcash.media/image/upload/f_auto,c_limit,w_300,q_auto/igashop/images/387871"
Uncle Tobys Oat Crisp Honey & Macadamia 475g,$6.00,$1.26/100g,"https://cdn.metcash.media/image/upload/f_auto,c_limit,w_300,q_auto/igashop/images/288690"
Granforno Grissini Traditional 125g,$2.50,$2.00/100g,"https://cdn.metcash.media/image/upload/f_auto,c_limit,w_300,q_auto/igashop/images/20000004023"
Delucas Quiche Spinach & Leek 800g,$20.95,$2.62/100g,"https://cdn.metcash.media/image/upload/f_auto,c_limit,w_300,q_auto/igashop/images/190000001726"
Cadbury Dairy Milk Carton 153g,$8.65,$5.65/100g,"https://cdn.metcash.media/image/upload/f_auto,c_limit,w_300,q_auto/igashop/images/805332"
Tomatoes Blueys Punnet,$3.90,N/A,"https://cdn.metcash.media/image/upload/f_auto,c_limit,w_300,q_auto/igashop/images/1300070"
Gravox Hollandaise Finishing Sauce 165g,$3.50,$2.12/100g,"https://cdn.metcash.media/image/upload/f_auto,c_limit,w_300,q_auto/igashop/images/42251"
Aeroplane Ready To Eat Jelly Pineapple 120g,$1.50,$1.25/100g,"https://cdn.metcash.media/image/upload/f_auto,c_limit,w_300,q_auto/igashop/images/180000000133"
Continental Recipe Base Curried Sausages 35g,$1.80,$5.14/100g,"https://cdn.metcash.media/image/upload/f_auto,c_limit,w_300,q_auto/igashop/images/419615"
Nestle Kit Kat Chocolate Caramel Crush Funpack 154g,$3.75,$2.44/100g,"https://cdn.metcash.media/image/upload/f_auto,c_limit,w_300,q_auto/igashop/images/180000006296"
Energizer Advanced AAA Batteries 4 Pack,$10.30,$2.58 each,"https://cdn.metcash.media/image/upload/f_auto,c_limit,w_300,q_auto/igashop/images/265901"
Kirks Orange Bottle 1.25L,$1.95,$1.56/1L,"https://cdn.metcash.media/image/upload/f_auto,c_limit,w_300,q_auto/igashop/images/180000003405"
Gravox Roast Meat Gravy Mix Tin 120g,$5.00,$4.17/100g,"https://cdn.metcash.media/image/upload/f_auto,c_limit,w_300,q_auto/igashop/images/323301"
Cocktail Frankfurts 1kg,Final cost based on weight,$9.50/$9.50,"https://cdn.metcash.media/image/upload/f_auto,c_limit,w_300,q_auto/igashop/images/80072020"
Bonds Zippy Wondersuit Girl/Boy/Basic,$13.00,N/A,https://www.igashop.com.au/static/default-product-image.png
Vanish Napisan Oxi Action Gold Multi Power Crystal White Powder 900g,$12.00,$1.33/100g,"https://cdn.metcash.media/image/upload/f_auto,c_limit,w_300,q_auto/igashop/images/1800000071206"
Ceres Organics Brown Rice Crackers Chia 115g,$4.00,$3.48/100g,"https://cdn.metcash.media/image/upload/f_auto,c_limit,w_300,q_auto/igashop/images/190000003931"
Ricci Olive Oil & Sea Salt Turkish Bread 120g,$7.95,$6.63/100g,"https://cdn.metcash.media/image/upload/f_auto,c_limit,w_300,q_auto/igashop/images/9428"
Cadbury Dairy Milk Baubles 113g,$5.50,$4.87/100g,https://www.igashop.com.au/static/default-product-image.png
Wotnot All Natural Baby Wipes 70 Pack,$5.95,$0.09 each,"https://cdn.metcash.media/image/upload/f_auto,c_limit,w_300,q_auto/igashop/images/20000005443"
Unicorn Double Brie Cheese 125g,$5.80,$4.64/100g,"https://cdn.metcash.media/image/upload/f_auto,c_limit,w_300,q_auto/igashop/images/120245"
Jarlsberg Lite Cheese Slices Sliced Cheese 150g,$9.55,$6.37/100g,"https://cdn.metcash.media/image/upload/f_auto,c_limit,w_300,q_auto/igashop/images/153811"
Kirks Lemonade Bottle Soft Drink 1.25L,$2.85,$2.28/1L,"https://cdn.metcash.media/image/upload/f_auto,c_limit,w_300,q_auto/igashop/images/621563"
McCain Honey Stir Fry Chicken Stir Fry Healthy Choice 330g,$4.45,$1.35/100g,"https://cdn.metcash.media/image/upload/f_auto,c_limit,w_300,q_auto/igashop/images/725998"
MasterFoods Smokey Barbecue Sauce Squeeze Bottle 500mL,$4.90,$0.98/100mL,"https://cdn.metcash.media/image/upload/f_auto,c_limit,w_300,q_auto/igashop/images/374815"
Sudafed PE Sinus Pain Relief + Anti Inflammatory Double Action Tablets 20 Pack,$16.50,$0.83 each,"https://cdn.metcash.media/image/upload/f_auto,c_limit,w_300,q_auto/igashop/images/160000004604"
Cadbury Twirl Caramilk Bites 130g,$3.50,$2.69/100g,"https://cdn.metcash.media/image/upload/f_auto,c_limit,w_300,q_auto/igashop/images/156539"
Black Plums 140g,Final cost based on weight,$1.05/$7.50,"https://cdn.metcash.media/image/upload/f_auto,c_limit,w_300,q_auto/igashop/images/80060092"
Bega Light Smooth Peanut Butter 470g,$6.90,$1.47/100g,"https://cdn.metcash.media/image/upload/f_auto,c_limit,w_300,q_auto/igashop/images/885497"
Supercoat True Origin Chicken & Duck 2.5kg,$24.00,$9.60/kg,"https://cdn.metcash.media/image/upload/f_auto,c_limit,w_300,q_auto/igashop/images/921028"
Nestlé Kitkat Gold Bar 45g 45g,$3.00,$6.67/100g,"https://cdn.metcash.media/image/upload/f_auto,c_limit,w_300,q_auto/igashop/images/922516"
Luv-A-Duck A L'Orange Legs 450g,$13.50,$3.00/100g,https://www.igashop.com.au/static/default-product-image.png
Devondale Full Cream Long Life Milk 6 Pack,$5.40,$0.90 each,"https://cdn.metcash.media/image/upload/f_auto,c_limit,w_300,q_auto/igashop/images/402260"
McCain Herb & Parmesan Chicken Schnitzel 310g,$7.50,$2.42/100g,"https://cdn.metcash.media/image/upload/f_auto,c_limit,w_300,q_auto/igashop/images/925116"
Quest Tortilla Style Protein Chips Nacho Cheese 32g,$6.50,$20.31/100g,"https://cdn.metcash.media/image/upload/f_auto,c_limit,w_300,q_auto/igashop/images/260508"
"Ben's Original Microwave Brown, Red & Wild Rice Medley 250g",$2.00,$0.80/100g,"https://cdn.metcash.media/image/upload/f_auto,c_limit,w_300,q_auto/igashop/images/764256"
Harvest Beef Mild Curry Vegetable 425g,$5.00,$1.18/100g,"https://cdn.metcash.media/image/upload/f_auto,c_limit,w_300,q_auto/igashop/images/53304"
Yarrows Raspberry Croissant 6 Pack,$9.65,$1.61 each,"https://cdn.metcash.media/image/upload/f_auto,c_limit,w_300,q_auto/igashop/images/281180"
Your Bakery Cake Coffee Swirl 370g,$5.95,$1.61/100g,"https://cdn.metcash.media/image/upload/f_auto,c_limit,w_300,q_auto/igashop/images/20000004392"
Radiant Fabric Liquid Capsules Colour Care 28 Pack,$13.00,$0.46 each,"https://cdn.metcash.media/image/upload/f_auto,c_limit,w_300,q_auto/igashop/images/538613"
Marbig Pocket Calculator 97610 8 Digit Dual Power Black,$26.50,N/A,"https://cdn.metcash.media/image/upload/f_auto,c_limit,w_300,q_auto/igashop/images/820882"
Lotus Biscoff Caramelised Biscuit 250g,$3.60,$1.44/100g,"https://cdn.metcash.media/image/upload/f_auto,c_limit,w_300,q_auto/igashop/images/939107"
Global Seafoods Prawn Ring 255g,$13.25,$5.20/100g,"https://cdn.metcash.media/image/upload/f_auto,c_limit,w_300,q_auto/igashop/images/20000000690"
Primo Stackers Chicken Breast With Cheddar Cheese & Crackers 45g,$3.00,$6.67/100g,"https://cdn.metcash.media/image/upload/f_auto,c_limit,w_300,q_auto/igashop/images/850374"
Carmans Protein Bars Greek Style Yoghurt & Berry 200g,$8.50,$4.25/100g,"https://cdn.metcash.media/image/upload/f_auto,c_limit,w_300,q_auto/igashop/images/361883"
Bega Farmers' Tasty Cheese 250g,$6.50,$2.60/100g,"https://cdn.metcash.media/image/upload/f_auto,c_limit,w_300,q_auto/igashop/images/112580"
Multix Green Brown Bake Paper 30cmx15m,$5.10,N/A,"https://cdn.metcash.media/image/upload/f_auto,c_limit,w_300,q_auto/igashop/images/961963"
Normandie Pate Chicken Champagne 150g,$5.60,$3.73/100g,"https://cdn.metcash.media/image/upload/f_auto,c_limit,w_300,q_auto/igashop/images/179150"
Only Organic Vegetable Lasagne For 10 Months Baby Food 170g,$2.90,$1.71/100g,"https://cdn.metcash.media/image/upload/f_auto,c_limit,w_300,q_auto/igashop/images/937032"
Nyal Sprays Nasal Decongestant 15mL,$10.50,$70.00/100mL,"https://cdn.metcash.media/image/upload/f_auto,c_limit,w_300,q_auto/igashop/images/480488"
Old El Paso Stand 'N Stuff Soft Taco Kit 8 Pack,$6.65,$0.83 each,"https://cdn.metcash.media/image/upload/f_auto,c_limit,w_300,q_auto/igashop/images/190000004697"
Sorbent Double Length Toilet Tissue 12 Pack,$13.30,$1.11 each,"https://cdn.metcash.media/image/upload/f_auto,c_limit,w_300,q_auto/igashop/images/486133"
Fancy Feast Salmon Feast in Gravy Grilled 85g,$1.60,$1.88/100g,"https://cdn.metcash.media/image/upload/f_auto,c_limit,w_300,q_auto/igashop/images/122755"
Jack Hammer Door Wedge 2 Pack,$4.60,$2.30 each,https://www.igashop.com.au/static/default-product-image.png
Chef's Choice Organic Black Pepper 100g,$7.50,$7.50/100g,"https://cdn.metcash.media/image/upload/f_auto,c_limit,w_300,q_auto/igashop/images/4011"
"Golden Circle Aussie Blends Outback Sunrise Apple, Mandarin & Mango 1.5L",$5.60,$3.73/1L,"https://cdn.metcash.media/image/upload/f_auto,c_limit,w_300,q_auto/igashop/images/402532"
Darrell Lea Strawberry Bonbons 168g,$6.00,$3.57/100g,"https://cdn.metcash.media/image/upload/f_auto,c_limit,w_300,q_auto/igashop/images/384705"
Nestlé Hot Chocolate Aero 10 Pack,$7.95,$0.80 each,"https://cdn.metcash.media/image/upload/f_auto,c_limit,w_300,q_auto/igashop/images/859182"
Odyssey Coal Face Washer 2 Pack,$5.70,$2.85 each,"https://cdn.metcash.media/image/upload/f_auto,c_limit,w_300,q_auto/igashop/images/356794"
My Muscle Chef Protein Cookie Almond Maple 92g,$5.95,$6.47/100g,"https://cdn.metcash.media/image/upload/f_auto,c_limit,w_300,q_auto/igashop/images/77086"
Roman Tab Pizza Base 3 Pack,$10.95,$3.65 each,"https://cdn.metcash.media/image/upload/f_auto,c_limit,w_300,q_auto/igashop/images/190000005128"
Dare Iced Coffee Intense Espresso 300mL,$3.30,$1.10/100mL,"https://cdn.metcash.media/image/upload/f_auto,c_limit,w_300,q_auto/igashop/images/566705"
Sunbeam Nuts Australian Flaked Almonds 100g,$6.95,$6.95/100g,"https://cdn.metcash.media/image/upload/f_auto,c_limit,w_300,q_auto/igashop/images/160000018192"
Brasilia Coffee Beans Supa Crema Espresso 500g,$14.00,$2.80/100g,"https://cdn.metcash.media/image/upload/f_auto,c_limit,w_300,q_auto/igashop/images/847486"
Streets Bubble O'Bill Ice Cream Sticks 4 Pack,$10.00,$2.50 each,"https://cdn.metcash.media/image/upload/f_auto,c_limit,w_300,q_auto/igashop/images/20000004172"
MasterFoods Herbs & Spices Chives Chopped 7g,$6.50,$92.86/100g,"https://cdn.metcash.media/image/upload/f_auto,c_limit,w_300,q_auto/igashop/images/160000000279"
Ashgrove Black Truffle Crunchettes 40g,$7.00,$17.50/100g,"https://cdn.metcash.media/image/upload/f_auto,c_limit,w_300,q_auto/igashop/images/180000001807"
Gillette Shaving Foam Sensitive Skin 250g,$6.50,$2.60/100g,"https://cdn.metcash.media/image/upload/f_auto,c_limit,w_300,q_auto/igashop/images/360963"
Aunt Betty Rice Pudding Apple Pie 240g,$4.95,$2.06/100g,https://www.igashop.com.au/static/default-product-image.png
Darrell Lea Big Bunny 400g,$30.60,$7.65/100g,https://www.igashop.com.au/static/default-product-image.png
T2 Tea Bag Just Peppermint 25 Pack,$14.50,$0.58 each,"https://cdn.metcash.media/image/upload/f_auto,c_limit,w_300,q_auto/igashop/images/160000003394"
Global Seafoods Gourmet Marinara Mix 250g,$12.00,$4.80/100g,https://www.igashop.com.au/static/default-product-image.png
Momo's Meals Free Range Beef Stock 500mL,$7.00,$1.40/100mL,"https://cdn.metcash.media/image/upload/f_auto,c_limit,w_300,q_auto/igashop/images/292178"
TRESemmé Shampoo Salon Silk 900mL,$10.50,$1.17/100mL,"https://cdn.metcash.media/image/upload/f_auto,c_limit,w_300,q_auto/igashop/images/359548"
Voost Multivitamin Orange Tablets 40 Pack,$20.00,$0.50 each,"https://cdn.metcash.media/image/upload/f_auto,c_limit,w_300,q_auto/igashop/images/160000003666"
Farmers Union Greek Style Yoghurt 500g,$4.90,$0.98/100g,"https://cdn.metcash.media/image/upload/f_auto,c_limit,w_300,q_auto/igashop/images/145517"
Marcel's Mini Hot Cakes 24 Pack,$5.50,$0.23 each,"https://cdn.metcash.media/image/upload/f_auto,c_limit,w_300,q_auto/igashop/images/180000000255"
Maggi Seasoning Sauce 200mL,$5.00,$2.50/100mL,"https://cdn.metcash.media/image/upload/f_auto,c_limit,w_300,q_auto/igashop/images/33532"
Spice and Co Garlic Granules 70g,$3.75,$5.36/100g,"https://cdn.metcash.media/image/upload/f_auto,c_limit,w_300,q_auto/igashop/images/20000006789"
TRESemmé Shampoo Volume & Fullness 940mL,$18.50,$1.97/100mL,"https://cdn.metcash.media/image/upload/f_auto,c_limit,w_300,q_auto/igashop/images/492053"
Chobani FiT High Protein Greek Yoghurt Strawberry 680g,$6.80,$1.00/100g,"https://cdn.metcash.media/image/upload/f_auto,c_limit,w_300,q_auto/igashop/images/160000018282"
NIVEA Hydrating Day Cream SPF30 50mL,$9.00,$18.00/100mL,"https://cdn.metcash.media/image/upload/f_auto,c_limit,w_300,q_auto/igashop/images/362067"
Command Clear Medium Hooks 2 Pack,$8.50,$4.25 each,"https://cdn.metcash.media/image/upload/f_auto,c_limit,w_300,q_auto/igashop/images/753886"
Always Fresh Pitted Kalamata Olives 670g,$8.45,$1.26/100g,"https://cdn.metcash.media/image/upload/f_auto,c_limit,w_300,q_auto/igashop/images/461109"
Three Threes Gherkins Sweet Spiced 260g,$3.20,$1.23/100g,"https://cdn.metcash.media/image/upload/f_auto,c_limit,w_300,q_auto/igashop/images/39790"
Biozet Laundry Powder 3D Clear 1kg,$14.30,$14.30/kg,"https://cdn.metcash.media/image/upload/f_auto,c_limit,w_300,q_auto/igashop/images/797393"
Coca-Cola Classic Soft Drink Can 375mL,$3.15,$0.84/100mL,"https://cdn.metcash.media/image/upload/f_auto,c_limit,w_300,q_auto/igashop/images/20000004784"
Your Bakery Spiced Tea Cake 300g,$5.00,$1.67/100g,"https://cdn.metcash.media/image/upload/f_auto,c_limit,w_300,q_auto/igashop/images/613162"
Mentos Fruit Chews Rainbow Mini's 12 Pack,$3.05,$0.25 each,"https://cdn.metcash.media/image/upload/f_auto,c_limit,w_300,q_auto/igashop/images/95092"
Fragassi Basilico Tomato and Basil Pasta Sauce 500g,$8.50,$1.70/100g,"https://cdn.metcash.media/image/upload/f_auto,c_limit,w_300,q_auto/igashop/images/160000013945"
Huggies Nappy Pants Toddler Boy 29 Pack,$13.00,$0.45 each,"https://cdn.metcash.media/image/upload/f_auto,c_limit,w_300,q_auto/igashop/images/758522"
Mutti Passata With Basil 700g,$4.80,$0.69/100g,"https://cdn.metcash.media/image/upload/f_auto,c_limit,w_300,q_auto/igashop/images/190000001977"
Primo Italian Style Antipasto 100g,$9.15,$9.15/100g,"https://cdn.metcash.media/image/upload/f_auto,c_limit,w_300,q_auto/igashop/images/441743"
Deeko 1 Ply White Lunch Napkins 80 Pack,$1.50,$0.02 each,"https://cdn.metcash.media/image/upload/f_auto,c_limit,w_300,q_auto/igashop/images/351516"
Old El Paso Guacamole Spice Mix 30g,$3.00,$10.00/100g,"https://cdn.metcash.media/image/upload/f_auto,c_limit,w_300,q_auto/igashop/images/322910"
San Remo CousCous 500g,$2.70,$0.54/100g,"https://cdn.metcash.media/image/upload/f_auto,c_limit,w_300,q_auto/igashop/images/329145"
Luv-A-Duck Duck Fat 200g,$6.65,$3.33/100g,"https://cdn.metcash.media/image/upload/f_auto,c_limit,w_300,q_auto/igashop/images/20000001962"
Paul Newman's Own Dressings Classic Salad 250mL,$4.50,$1.80/100mL,"https://cdn.metcash.media/image/upload/f_auto,c_limit,w_300,q_auto/igashop/images/83333"
Green Cabbage Quarter,$2.50,N/A,"https://cdn.metcash.media/image/upload/f_auto,c_limit,w_300,q_auto/igashop/images/80050104"
Nestlé Nan Comfort 3 800g,$18.50,$2.31/100g,"https://cdn.metcash.media/image/upload/f_auto,c_limit,w_300,q_auto/igashop/images/20000004891"
Continental Instant Cheese Sauce 40g,$1.25,$3.13/100g,"https://cdn.metcash.media/image/upload/f_auto,c_limit,w_300,q_auto/igashop/images/432964"
Bakers Collection Slice Variety Pack 230g,$8.50,$3.70/100g,"https://cdn.metcash.media/image/upload/f_auto,c_limit,w_300,q_auto/igashop/images/180000002078"
Bakers Oven Plain Madeira Cake 450g,$3.50,$0.78/100g,"https://cdn.metcash.media/image/upload/f_auto,c_limit,w_300,q_auto/igashop/images/573082"
Mum Dry Active Roll On 50mL,$3.00,$6.00/100mL,https://www.igashop.com.au/static/default-product-image.png
Palmolive Foaming Antibacterial Hand Wash Soap Lime & Mint Refill & Save 1L,$7.50,$7.50/1L,"https://cdn.metcash.media/image/upload/f_auto,c_limit,w_300,q_auto/igashop/images/880612"
Dairy Farmers Sour Cream Lite 250g,$3.80,$1.52/100g,"https://cdn.metcash.media/image/upload/f_auto,c_limit,w_300,q_auto/igashop/images/102501"
Nobby's Nuts Cashews 150g,$7.55,$5.03/100g,"https://cdn.metcash.media/image/upload/f_auto,c_limit,w_300,q_auto/igashop/images/92235"
Cleaver's Organic Beef Scotch Steak Free Range 400g,$21.60,$54.00/kg,"https://cdn.metcash.media/image/upload/f_auto,c_limit,w_300,q_auto/igashop/images/180064"
Red Rock Deli Chef Colab Malaysian Beef Rendang 135g,$5.00,$3.70/100g,"https://cdn.metcash.media/image/upload/f_auto,c_limit,w_300,q_auto/igashop/images/537992"
Glad Foil 10 metres x 30cm,$3.15,N/A,"https://cdn.metcash.media/image/upload/f_auto,c_limit,w_300,q_auto/igashop/images/49282"
Ayam Satay Sauce 250g,$4.50,$1.80/100g,"https://cdn.metcash.media/image/upload/f_auto,c_limit,w_300,q_auto/igashop/images/311184"
LifeStyle Bakery Gluten Free Turkish Bread 200g,$6.30,$3.15/100g,"https://cdn.metcash.media/image/upload/f_auto,c_limit,w_300,q_auto/igashop/images/30377"
McVitie's Digestives Biscuits Plain Original 400g,$4.40,$1.10/100g,"https://cdn.metcash.media/image/upload/f_auto,c_limit,w_300,q_auto/igashop/images/675431"
IXL Fruit Of The Forest Jam 480g,$4.70,$0.98/100g,"https://cdn.metcash.media/image/upload/f_auto,c_limit,w_300,q_auto/igashop/images/705692"
Fyna Wizz Fizz Sherbet Cones 5 Pack,$3.70,$0.74 each,"https://cdn.metcash.media/image/upload/f_auto,c_limit,w_300,q_auto/igashop/images/42133"
Multix Greener Ocean Plastic Tidy Bags Medium 30 Pack,$5.70,$0.19 each,"https://cdn.metcash.media/image/upload/f_auto,c_limit,w_300,q_auto/igashop/images/606254"
Community Co Beetslaw 200g,$2.20,$1.10/100g,"https://cdn.metcash.media/image/upload/f_auto,c_limit,w_300,q_auto/igashop/images/421057"
Pauls Zymil Full Cream Longlife Milk 1L,$3.00,$3.00/1L,"https://cdn.metcash.media/image/upload/f_auto,c_limit,w_300,q_auto/igashop/images/360900"
Wild Breads Sourdough Sliced 720g,$9.50,$1.32/100g,https://www.igashop.com.au/static/default-product-image.png
Tatua Chocolate Mousse 250g,$6.00,$2.40/100g,"https://cdn.metcash.media/image/upload/f_auto,c_limit,w_300,q_auto/igashop/images/741698"
Mr Chen's Honey Soy Chicken Dumplings 500g,$13.00,$2.60/100g,https://www.igashop.com.au/static/default-product-image.png
Safcol Sardines In Oil 110g,$1.90,$1.73/100g,"https://cdn.metcash.media/image/upload/f_auto,c_limit,w_300,q_auto/igashop/images/361833"
Spice & Co Mixed Herbs 30g,$3.75,$12.50/100g,"https://cdn.metcash.media/image/upload/f_auto,c_limit,w_300,q_auto/igashop/images/190000002407"
Mylanta Antacids 24 Pack,$8.50,$0.35 each,"https://cdn.metcash.media/image/upload/f_auto,c_limit,w_300,q_auto/igashop/images/493423"
Felix As Good As It Looks Ocean Menus 12 Pack,$7.90,$0.66 each,"https://cdn.metcash.media/image/upload/f_auto,c_limit,w_300,q_auto/igashop/images/86103"
Connoisseur Multipack Vanilla Chocolate Brownie 4 Pack,$5.50,$1.38 each,"https://cdn.metcash.media/image/upload/f_auto,c_limit,w_300,q_auto/igashop/images/5018"
Remedy Raspberry Lemonade Kombucha 250mL,$2.75,$1.10/100mL,"https://cdn.metcash.media/image/upload/f_auto,c_limit,w_300,q_auto/igashop/images/5504"
Western Star Spreadable Original Soft 500g,$7.90,$1.58/100g,"https://cdn.metcash.media/image/upload/f_auto,c_limit,w_300,q_auto/igashop/images/145711"
Sensodyne Toothpaste Sensitive Teeth Pain Deep Clean 110g,$9.70,$8.82/100g,"https://cdn.metcash.media/image/upload/f_auto,c_limit,w_300,q_auto/igashop/images/735948"
L'oreal Magic Retouch Black,$19.00,N/A,"https://cdn.metcash.media/image/upload/f_auto,c_limit,w_300,q_auto/igashop/images/630436"
Cenovis Mega B Tablets 100 Pack,$21.40,$0.21 each,"https://cdn.metcash.media/image/upload/f_auto,c_limit,w_300,q_auto/igashop/images/342533"
Simple Daily Skin Detox Charcoal Purifying Sheet Mask 21mL,$5.00,$23.81/100mL,"https://cdn.metcash.media/image/upload/f_auto,c_limit,w_300,q_auto/igashop/images/742712"
Coca Cola No Sugar Bottles 12 Pack,$12.00,$1.00 each,"https://cdn.metcash.media/image/upload/f_auto,c_limit,w_300,q_auto/igashop/images/20000006065"
Spice & Co Crushed Chillies 60g,$3.75,$6.25/100g,"https://cdn.metcash.media/image/upload/f_auto,c_limit,w_300,q_auto/igashop/images/190000002385"
VitaPet Chewz Dog Treats Chicken Wrapped Rawhide Twists 18 Pack,$16.50,$0.92 each,"https://cdn.metcash.media/image/upload/f_auto,c_limit,w_300,q_auto/igashop/images/160000006175"
Activia Yoghurt Vanilla 4 Pack,$6.00,$1.50 each,"https://cdn.metcash.media/image/upload/f_auto,c_limit,w_300,q_auto/igashop/images/131246"
"Heinz Apple, Strawberry & Passionfruit Baby Food Pouch 8+ months 120g 120g",$1.70,$1.42/100g,"https://cdn.metcash.media/image/upload/f_auto,c_limit,w_300,q_auto/igashop/images/343466"
Breeder's Choice Paper Cat Litter 6L,$10.00,$1.67/1L,"https://cdn.metcash.media/image/upload/f_auto,c_limit,w_300,q_auto/igashop/images/416439"
Youfoodz Choc Coconut Protein Bites 80g,$4.95,$6.19/100g,"https://cdn.metcash.media/image/upload/f_auto,c_limit,w_300,q_auto/igashop/images/20000003450"
Forager Fruits Apple & Raspberry 20g,$4.65,$23.25/100g,https://www.igashop.com.au/static/default-product-image.png
Dare Charged Salted Caramel Latte 240mL,$4.10,$1.71/100mL,"https://cdn.metcash.media/image/upload/f_auto,c_limit,w_300,q_auto/igashop/images/180000006402"
Yumi's Hommus Dip 3 Pack,$3.80,$1.27 each,"https://cdn.metcash.media/image/upload/f_auto,c_limit,w_300,q_auto/igashop/images/9243"
Huggies Diaper Pants Size 6 Boy Jumbo 48 Pack,$33.50,$0.70 each,"https://cdn.metcash.media/image/upload/f_auto,c_limit,w_300,q_auto/igashop/images/1800000067626"
Flora ProActiv Cholesterol Lowering Spread Buttery 250g,$3.95,$1.58/100g,"https://cdn.metcash.media/image/upload/f_auto,c_limit,w_300,q_auto/igashop/images/941769"
Allen's Party Mix Confectionery Sour 160g,$5.00,$3.13/100g,"https://cdn.metcash.media/image/upload/f_auto,c_limit,w_300,q_auto/igashop/images/1800000071392"
Arnott's Shapes Cheese Lover Multipack 15 Pack,$5.50,$0.37 each,"https://cdn.metcash.media/image/upload/f_auto,c_limit,w_300,q_auto/igashop/images/839381"
Devour Parmesan Crusted Cheesy Tuna Melt 400g,$8.00,$2.00/100g,"https://cdn.metcash.media/image/upload/f_auto,c_limit,w_300,q_auto/igashop/images/944958"
Mortein PowerGard Crawling Insect Surface Spray Barrier Outdoor 350g,$8.75,$2.50/100g,"https://cdn.metcash.media/image/upload/f_auto,c_limit,w_300,q_auto/igashop/images/305881"
Pearl River Bridge Superior Soy Sauce 500mL,$3.30,$0.66/100mL,"https://cdn.metcash.media/image/upload/f_auto,c_limit,w_300,q_auto/igashop/images/372897"
Batiste Volume Dry Shampoo 200mL,$14.00,$7.00/100mL,"https://cdn.metcash.media/image/upload/f_auto,c_limit,w_300,q_auto/igashop/images/81381"
Santa Vittoria Mineral Water Sparkling Grapefruit 4 Pack,$8.00,$2.00 each,"https://cdn.metcash.media/image/upload/f_auto,c_limit,w_300,q_auto/igashop/images/160000014213"
Ecostore Auto Dishwashing Tablets 30 Pack,$18.50,$0.62 each,"https://cdn.metcash.media/image/upload/f_auto,c_limit,w_300,q_auto/igashop/images/49478"
White Wings Pavlova Magic Mix Egg 125g,$4.70,$3.76/100g,"https://cdn.metcash.media/image/upload/f_auto,c_limit,w_300,q_auto/igashop/images/42581"
BIC Sensitive Razor 10 Pack,$4.50,$0.45 each,"https://cdn.metcash.media/image/upload/f_auto,c_limit,w_300,q_auto/igashop/images/327313"
Celsius Energy Drink Mango Lemonade 330mL,$4.00,$1.21/100mL,"https://cdn.metcash.media/image/upload/f_auto,c_limit,w_300,q_auto/igashop/images/1800000068191"
Dettol 2 In 1 Sanitizer Spray With Aloe Vera Extracts 90mL,$6.00,$6.67/100mL,"https://cdn.metcash.media/image/upload/f_auto,c_limit,w_300,q_auto/igashop/images/238543"
Vadilal Shredded Coconut 312g,$5.00,$1.60/100g,"https://cdn.metcash.media/image/upload/f_auto,c_limit,w_300,q_auto/igashop/images/20000006997"
Selleys Quick Fix Liquid Supa Glue 3mL,$2.85,$95.00/100mL,"https://cdn.metcash.media/image/upload/f_auto,c_limit,w_300,q_auto/igashop/images/762181"
McCain Premium Baby Peas 1kg,$6.90,$6.90/kg,"https://cdn.metcash.media/image/upload/f_auto,c_limit,w_300,q_auto/igashop/images/196762"
Westminster Smoked Cheddar Cheese 150g,$7.25,$4.83/100g,"https://cdn.metcash.media/image/upload/f_auto,c_limit,w_300,q_auto/igashop/images/160000013617"
Blue Wave Formed Crumbed Squid Rings 1kg,$16.00,$16.00/kg,https://www.igashop.com.au/static/default-product-image.png
Betty Crocker Chocolate Frosting 400g,$3.50,$0.88/100g,"https://cdn.metcash.media/image/upload/f_auto,c_limit,w_300,q_auto/igashop/images/921167"
400 Gradi Biscotti Florentines 150g,$7.00,$4.67/100g,"https://cdn.metcash.media/image/upload/f_auto,c_limit,w_300,q_auto/igashop/images/190000009597"
Supercoat Smartblend Adult Dog Food With Beef 7kg,$27.00,$3.86/kg,"https://cdn.metcash.media/image/upload/f_auto,c_limit,w_300,q_auto/igashop/images/662098"
Snowdonia Red Devil Red Leicester with Chillies & Crushed Peppers 150g,$9.50,$6.33/100g,"https://cdn.metcash.media/image/upload/f_auto,c_limit,w_300,q_auto/igashop/images/190000002033"
J Luehders Soft Vegan Candy Exotic Fruits 80g,$3.75,$4.69/100g,"https://cdn.metcash.media/image/upload/f_auto,c_limit,w_300,q_auto/igashop/images/20000000225"
Waterfords Mineral Water Apple Berry 1L,$1.75,$1.75/1L,"https://cdn.metcash.media/image/upload/f_auto,c_limit,w_300,q_auto/igashop/images/647608"
Aussie Bodies Lo Carb Whipped Cookie & Cream 4 Pack,$9.00,$2.25 each,https://www.igashop.com.au/static/default-product-image.png
Cedel Hair Spray Extra Firm For Hard To Hold Hair 250g,$6.00,$2.40/100g,"https://cdn.metcash.media/image/upload/f_auto,c_limit,w_300,q_auto/igashop/images/59936"
Chux Magic Eraser Spot Cleaner 8 Pack,$4.65,$0.58 each,"https://cdn.metcash.media/image/upload/f_auto,c_limit,w_300,q_auto/igashop/images/336320"
Sol Breads Rice & Pumpkin Bread Loaf 720g,$12.50,$1.74/100g,"https://cdn.metcash.media/image/upload/f_auto,c_limit,w_300,q_auto/igashop/images/150000007729"
Fluffy Fabric Softener Jasmine 2L,$7.00,$3.50/1L,"https://cdn.metcash.media/image/upload/f_auto,c_limit,w_300,q_auto/igashop/images/360890"
Funday Fruity Chews 45g,$4.20,$9.33/100g,https://www.igashop.com.au/static/default-product-image.png
Core Powerfoods Smokey Mountain Meatballs 350g,$6.50,$1.86/100g,"https://cdn.metcash.media/image/upload/f_auto,c_limit,w_300,q_auto/igashop/images/794235"
Campbell's Soup Condensed Cream of Asparagus 420g,$2.20,$0.52/100g,"https://cdn.metcash.media/image/upload/f_auto,c_limit,w_300,q_auto/igashop/images/16441"
Fresh Bake Madeline Orange Cakes 200g,$4.95,$2.48/100g,https://www.igashop.com.au/static/default-product-image.png
Manicare Precision Blending Sponge,$18.95,N/A,"https://cdn.metcash.media/image/upload/f_auto,c_limit,w_300,q_auto/igashop/images/160000002680"
Energizer 2025 3V Lithium Batteries 4 Pack,$16.15,$4.04 each,"https://cdn.metcash.media/image/upload/f_auto,c_limit,w_300,q_auto/igashop/images/20000007344"
All The Graze Ash Brie 125g,$7.00,$5.60/100g,https://www.igashop.com.au/static/default-product-image.png
Tom Organic Tampons Regular 16 Pack,$6.50,$0.41 each,"https://cdn.metcash.media/image/upload/f_auto,c_limit,w_300,q_auto/igashop/images/782458"
Palmolive Naturals Milk & Orchid Body Wash With Moisturising Milk 500mL,$4.50,$0.90/100mL,"https://cdn.metcash.media/image/upload/f_auto,c_limit,w_300,q_auto/igashop/images/67230"
Twinings Camomile Tea Bags 10 Pack,$3.00,$0.30 each,"https://cdn.metcash.media/image/upload/f_auto,c_limit,w_300,q_auto/igashop/images/453481"
Annalisa Butter Beans 400g,$1.90,$0.48/100g,"https://cdn.metcash.media/image/upload/f_auto,c_limit,w_300,q_auto/igashop/images/442228"
Colgate Pulse Electric Brush Whitening Refills 4 Pack,$30.00,$7.50 each,"https://cdn.metcash.media/image/upload/f_auto,c_limit,w_300,q_auto/igashop/images/189574"
Vin A Clean Cleaning Vinegar 2L,$3.85,$1.93/1L,"https://cdn.metcash.media/image/upload/f_auto,c_limit,w_300,q_auto/igashop/images/357813"
Birds Eye Golden Crunch Happy Potato Stars 600g,$3.20,$0.53/100g,"https://cdn.metcash.media/image/upload/f_auto,c_limit,w_300,q_auto/igashop/images/1800000071881"
Red Bull Energy Drink Berry Sf Edition 473mL,$4.50,$0.95/100mL,https://www.igashop.com.au/static/default-product-image.png
Ajitas Vege Rice Sour Cream & Chives 75g,$4.90,$6.53/100g,"https://cdn.metcash.media/image/upload/f_auto,c_limit,w_300,q_auto/igashop/images/225252"
Sheese Mature Cheddar Vegan Cheese 200g,$8.30,$4.15/100g,"https://cdn.metcash.media/image/upload/f_auto,c_limit,w_300,q_auto/igashop/images/20000001669"
Sunbeam Foods Sunflower Kernels 225g,$2.45,$1.09/100g,https://www.igashop.com.au/static/default-product-image.png
Darrell Lea Allsorts Liquorice 270g,$5.50,$2.04/100g,"https://cdn.metcash.media/image/upload/f_auto,c_limit,w_300,q_auto/igashop/images/463928"
Pineta Pandoro Classic 750g,$4.00,$0.53/100g,"https://cdn.metcash.media/image/upload/f_auto,c_limit,w_300,q_auto/igashop/images/307460"
Community Co Microwave Brown Rice 250g,$1.80,$0.72/100g,"https://cdn.metcash.media/image/upload/f_auto,c_limit,w_300,q_auto/igashop/images/936581"
JC's Sesh Snacks Campfire 130g,$3.60,$2.77/100g,"https://cdn.metcash.media/image/upload/f_auto,c_limit,w_300,q_auto/igashop/images/516598"
My Dog Beef And Vegetables 2.8kg,$21.50,$7.68/kg,https://www.igashop.com.au/static/default-product-image.png
Black Knight Licorice Twist 40g,$1.70,$4.25/100g,"https://cdn.metcash.media/image/upload/f_auto,c_limit,w_300,q_auto/igashop/images/20000003740"
MasterFoods Mango Chutney Relish 250g,$3.60,$1.44/100g,"https://cdn.metcash.media/image/upload/f_auto,c_limit,w_300,q_auto/igashop/images/362355"
The Natural Chip Co. Honey Soy Chicken Chips 175g,$4.00,$2.29/100g,"https://cdn.metcash.media/image/upload/f_auto,c_limit,w_300,q_auto/igashop/images/410129"
Eco Farm Organic Dutch Cream 800g,$3.99,$0.50/100g,https://www.igashop.com.au/static/default-product-image.png
On The Menu Beef Lasagne 1kg,$9.50,$9.50/kg,"https://cdn.metcash.media/image/upload/f_auto,c_limit,w_300,q_auto/igashop/images/749811"
Oxyshred Energy Ready to Drink Cali Cola 355mL,$4.90,$1.38/100mL,"https://cdn.metcash.media/image/upload/f_auto,c_limit,w_300,q_auto/igashop/images/180000002255"
Black & Gold Bacon Middle Rind On 250g,$4.20,$1.68/100g,"https://cdn.metcash.media/image/upload/f_auto,c_limit,w_300,q_auto/igashop/images/658756"
Big Sister Fruit Cake Christmas Rich 800g,$11.00,$1.38/100g,https://www.igashop.com.au/static/default-product-image.png
The Natural Confectionery Co. Party Mix 430g,$5.50,$1.28/100g,"https://cdn.metcash.media/image/upload/f_auto,c_limit,w_300,q_auto/igashop/images/829501"
Nerada Tea Cup Bags 50 Pack,$3.00,$0.06 each,"https://cdn.metcash.media/image/upload/f_auto,c_limit,w_300,q_auto/igashop/images/160000012878"
Primo Arnott's Jatz & Extra Tasty Cheese 33g,$3.00,$9.09/100g,"https://cdn.metcash.media/image/upload/f_auto,c_limit,w_300,q_auto/igashop/images/637815"
Golden Days Fruit Snacks Bites Apricot 200g,$6.00,$3.00/100g,"https://cdn.metcash.media/image/upload/f_auto,c_limit,w_300,q_auto/igashop/images/884535"
Old El Paso Tortillas 10 Pack,$5.50,$0.55 each,"https://cdn.metcash.media/image/upload/f_auto,c_limit,w_300,q_auto/igashop/images/19538"
Continental Cup A Soup Creamy Pumpkin With Croutons 2 Pack,$2.15,$1.08 each,"https://cdn.metcash.media/image/upload/f_auto,c_limit,w_300,q_auto/igashop/images/9224"
Allen's Jaffas 160g,$6.10,$3.81/100g,"https://cdn.metcash.media/image/upload/f_auto,c_limit,w_300,q_auto/igashop/images/695062"
Whole Earth Monk Fruit Sweetener Granules 200g,$8.50,$4.25/100g,"https://cdn.metcash.media/image/upload/f_auto,c_limit,w_300,q_auto/igashop/images/887724"
Nestle Melts Baking Chocolate White 225g,$6.00,$2.67/100g,"https://cdn.metcash.media/image/upload/f_auto,c_limit,w_300,q_auto/igashop/images/180000006282"
Lindt Tiramisu Bag 123g,$9.00,$7.32/100g,"https://cdn.metcash.media/image/upload/f_auto,c_limit,w_300,q_auto/igashop/images/1800000068991"
Community Co Extra Virgin Olive Oil Spray 225g,$7.00,$3.11/100g,"https://cdn.metcash.media/image/upload/f_auto,c_limit,w_300,q_auto/igashop/images/845285"
Tena Lights Sensitive Incontinence Pads Mini Length 16 Pack,$7.20,$0.45 each,"https://cdn.metcash.media/image/upload/f_auto,c_limit,w_300,q_auto/igashop/images/316781"
Community Co Lactose Free Full Cream Milk 1L,$2.00,$2.00/1L,"https://cdn.metcash.media/image/upload/f_auto,c_limit,w_300,q_auto/igashop/images/933266"
Burgen Soy Lin 700g,$6.00,$0.86/100g,"https://cdn.metcash.media/image/upload/f_auto,c_limit,w_300,q_auto/igashop/images/867313"
Mars Bar 2 Pack 64g,$2.50,$3.91/100g,"https://cdn.metcash.media/image/upload/f_auto,c_limit,w_300,q_auto/igashop/images/190000004721"
Schweppes Lemonade Zero Sugar 1.1L,$1.25,$1.14/1L,"https://cdn.metcash.media/image/upload/f_auto,c_limit,w_300,q_auto/igashop/images/732542"
Nicabate Gum Stop Smoking Nicotine 4mg Extra Strength Extra Fresh Mint Coated Chewing Gum 30 Pack,$12.35,$0.41 each,"https://cdn.metcash.media/image/upload/f_auto,c_limit,w_300,q_auto/igashop/images/651034"
Griffin's Wheaten Milk Chocolate Biscuits 200g,$5.20,$2.60/100g,"https://cdn.metcash.media/image/upload/f_auto,c_limit,w_300,q_auto/igashop/images/734840"
Mum's Favourites Jam Drops 250g,$7.50,$3.00/100g,"https://cdn.metcash.media/image/upload/f_auto,c_limit,w_300,q_auto/igashop/images/20000005307"
BabyLove Cosifit Nappies Junior Size 6 15 Pack,$10.50,$0.70 each,"https://cdn.metcash.media/image/upload/f_auto,c_limit,w_300,q_auto/igashop/images/160000012797"
SPC Diced Peaches in Orange Jelly 4 Pack,$4.70,$1.18 each,"https://cdn.metcash.media/image/upload/f_auto,c_limit,w_300,q_auto/igashop/images/850617"
Glad To Be Green Compostable Small 20 Pack,$3.90,$0.20 each,"https://cdn.metcash.media/image/upload/f_auto,c_limit,w_300,q_auto/igashop/images/675897"
Cadbury Caramilk Easter Gift Box 153g,$10.00,$6.54/100g,"https://cdn.metcash.media/image/upload/f_auto,c_limit,w_300,q_auto/igashop/images/782966"
Uncle Tobys Snacks Oat Slice Low Sugar Honey Macadamia 132g,$6.85,$5.19/100g,"https://cdn.metcash.media/image/upload/f_auto,c_limit,w_300,q_auto/igashop/images/180000004788"
"Bulla Frozen Yoghurt Strawberry, Mango & Wildberry 8 Pack",$5.00,$0.63 each,"https://cdn.metcash.media/image/upload/f_auto,c_limit,w_300,q_auto/igashop/images/106393"
Always Fresh Kalamata Olives Sliced 220g,$4.80,$2.18/100g,"https://cdn.metcash.media/image/upload/f_auto,c_limit,w_300,q_auto/igashop/images/641788"
Byron Bay Cookies Milk Choc Chunk Cookie Bites 100g,$4.00,$4.00/100g,"https://cdn.metcash.media/image/upload/f_auto,c_limit,w_300,q_auto/igashop/images/762039"
LifeStyles Condoms Sensation Max 8 Pack,$7.50,$0.94 each,https://www.igashop.com.au/static/default-product-image.png
Dairy Farmers Full Cream Milk UHT 1L,$2.65,$2.65/1L,"https://cdn.metcash.media/image/upload/f_auto,c_limit,w_300,q_auto/igashop/images/71048"
Sukin Natural Deodorant 125mL,$6.50,$5.20/100mL,"https://cdn.metcash.media/image/upload/f_auto,c_limit,w_300,q_auto/igashop/images/160000012527"
Nature's Gift Pet Treats Beef with Liver Straps 150g,$5.00,$3.33/100g,"https://cdn.metcash.media/image/upload/f_auto,c_limit,w_300,q_auto/igashop/images/336639"
Golden North Raspberry Sorbet 1.2L,$10.50,$8.75/1L,"https://cdn.metcash.media/image/upload/f_auto,c_limit,w_300,q_auto/igashop/images/132690"
Gravox Best Ever Southern Fried Chicken Style Gravy 165g,$3.50,$2.12/100g,"https://cdn.metcash.media/image/upload/f_auto,c_limit,w_300,q_auto/igashop/images/180000004562"
Cadbury Dairy Milk Marble Chocolate Block 173g,$4.00,$2.31/100g,"https://cdn.metcash.media/image/upload/f_auto,c_limit,w_300,q_auto/igashop/images/820887"
Mortein NaturGard Multi-Insect Automatic Diffuser Kit Fragrance Free 152g,$20.00,$13.16/100g,"https://cdn.metcash.media/image/upload/f_auto,c_limit,w_300,q_auto/igashop/images/310531"
Mutti Organic Polpa 400g,$2.95,$0.74/100g,"https://cdn.metcash.media/image/upload/f_auto,c_limit,w_300,q_auto/igashop/images/219010"
Pilpel Taramosalata 180g,$5.50,$3.06/100g,"https://cdn.metcash.media/image/upload/f_auto,c_limit,w_300,q_auto/igashop/images/3801"
Purina Fancy Feast Gravy Lovers Beef 85g,$0.95,$1.12/100g,"https://cdn.metcash.media/image/upload/f_auto,c_limit,w_300,q_auto/igashop/images/578244"
V.I.P. Adult Dog Food Steak Mince 800g,$7.50,$0.94/100g,"https://cdn.metcash.media/image/upload/f_auto,c_limit,w_300,q_auto/igashop/images/189985"
The Australian Monday,$4.50,N/A,https://www.igashop.com.au/static/default-product-image.png
Dari’s Table Mediterranean Hummus 200g,$4.75,$2.38/100g,"https://cdn.metcash.media/image/upload/f_auto,c_limit,w_300,q_auto/igashop/images/190000002672"
Rokeby Protein Smoothie Banana Honey Cinnamon 425mL,$4.40,$1.04/100mL,https://www.igashop.com.au/static/default-product-image.png
Harris Filter Papers 10-12 Cup 40 Pack,$4.00,$0.10 each,"https://cdn.metcash.media/image/upload/f_auto,c_limit,w_300,q_auto/igashop/images/484521"
Grinders Crema Ground Coffee 1kg,$32.00,$32.00/kg,"https://cdn.metcash.media/image/upload/f_auto,c_limit,w_300,q_auto/igashop/images/253543"
Silvo Silver Polish 250mL,$13.80,$5.52/100mL,"https://cdn.metcash.media/image/upload/f_auto,c_limit,w_300,q_auto/igashop/images/467139"
Posh Foods Sausage Roll 120g,$4.70,$3.92/100g,https://www.igashop.com.au/static/default-product-image.png
Cantarella Bros Jarlsberg Regular Slices Cheese 150g,$8.55,$5.70/100g,https://www.igashop.com.au/static/default-product-image.png
Dari’s Tomato Soup 550g,$8.00,$1.45/100g,"https://cdn.metcash.media/image/upload/f_auto,c_limit,w_300,q_auto/igashop/images/190000001248"
Pine O Cleen Antibacterial Disinfectant Liquid Pot Pourri 500mL,$4.10,$0.82/100mL,"https://cdn.metcash.media/image/upload/f_auto,c_limit,w_300,q_auto/igashop/images/15827"
Fever-Tree Ginger Beer 4 Pack,$10.50,$2.63 each,"https://cdn.metcash.media/image/upload/f_auto,c_limit,w_300,q_auto/igashop/images/190000006036"
Lavazza Espresso Italiano Classico Ground Coffee 250g,$11.00,$4.40/100g,"https://cdn.metcash.media/image/upload/f_auto,c_limit,w_300,q_auto/igashop/images/898259"
Waxworks Candle Citrus Tealight 12 Pack,$3.35,$0.28 each,https://www.igashop.com.au/static/default-product-image.png
Redberry Nail Scissors Curved,$8.50,N/A,"https://cdn.metcash.media/image/upload/f_auto,c_limit,w_300,q_auto/igashop/images/248077"
Old El Paso Mini Tortillas 10 Pack,$5.00,$0.50 each,"https://cdn.metcash.media/image/upload/f_auto,c_limit,w_300,q_auto/igashop/images/453994"
Schmackos Mini Stix Beef 120g,$5.00,$4.17/100g,https://www.igashop.com.au/static/default-product-image.png
Lee Kum Kee Soy Sauce Premium 500mL,$4.30,$0.86/100mL,"https://cdn.metcash.media/image/upload/f_auto,c_limit,w_300,q_auto/igashop/images/881066"
Thomas Squid Rings Crumb 500g,$11.00,$2.20/100g,"https://cdn.metcash.media/image/upload/f_auto,c_limit,w_300,q_auto/igashop/images/180000001672"
Bundaberg Passionfruit 375mL,$3.75,$1.00/100mL,"https://cdn.metcash.media/image/upload/f_auto,c_limit,w_300,q_auto/igashop/images/399629"
Black & Gold White Sugar 1kg,$1.80,$1.80/kg,"https://cdn.metcash.media/image/upload/f_auto,c_limit,w_300,q_auto/igashop/images/41878"
Palmolive Naturals Pomegranate with Mango Body Wash 0% Parabens Recyclable 1L,$12.00,$12.00/1L,"https://cdn.metcash.media/image/upload/f_auto,c_limit,w_300,q_auto/igashop/images/90929"
Robert Timms Coffee Bags Gold Columbia 28 Pack,$10.00,$0.36 each,"https://cdn.metcash.media/image/upload/f_auto,c_limit,w_300,q_auto/igashop/images/716169"
Kiwi Mid Tan Shoe Polish 38g,$5.40,$14.21/100g,"https://cdn.metcash.media/image/upload/f_auto,c_limit,w_300,q_auto/igashop/images/190000001340"
Blue Banner Tasmanian Chilli Pickled Onion 525g,$7.50,$1.43/100g,"https://cdn.metcash.media/image/upload/f_auto,c_limit,w_300,q_auto/igashop/images/365094"
Lindt Bugs & Bees Pouch Bag 98g,$9.00,$9.18/100g,"https://cdn.metcash.media/image/upload/f_auto,c_limit,w_300,q_auto/igashop/images/923295"
Quest Frosted Cookies Birthday Cake 50g,$6.50,$13.00/100g,"https://cdn.metcash.media/image/upload/f_auto,c_limit,w_300,q_auto/igashop/images/256295"
San Remo Gluten Free Lasagna Sheets 200g,$4.00,$2.00/100g,"https://cdn.metcash.media/image/upload/f_auto,c_limit,w_300,q_auto/igashop/images/81307"
Old El Paso Fajita Kit Mild 8 Pack,$8.50,$1.06 each,"https://cdn.metcash.media/image/upload/f_auto,c_limit,w_300,q_auto/igashop/images/453952"
Darlac Tool Expert Topiary Shears,$32.95,N/A,"https://cdn.metcash.media/image/upload/f_auto,c_limit,w_300,q_auto/igashop/images/874742"
SPC Apple & Pear Puree 4 Pack,$2.80,$0.70 each,"https://cdn.metcash.media/image/upload/f_auto,c_limit,w_300,q_auto/igashop/images/926442"
Multix Bag Handy Tie Large 45 Pack,$5.50,$0.12 each,"https://cdn.metcash.media/image/upload/f_auto,c_limit,w_300,q_auto/igashop/images/28024"
Cascade Tonic Water Cans 4 Pack,$4.75,$1.19 each,"https://cdn.metcash.media/image/upload/f_auto,c_limit,w_300,q_auto/igashop/images/665546_1"
Just Free Range 700G Free Range Eggs 700g,$10.50,$1.50/100g,"https://cdn.metcash.media/image/upload/f_auto,c_limit,w_300,q_auto/igashop/images/907906"
Metamucil Orange Smooth Fibre 72 Doses 425g,$35.50,$8.35/100g,"https://cdn.metcash.media/image/upload/f_auto,c_limit,w_300,q_auto/igashop/images/605444"
Colgate Mouth Wash Total Plaque Release Refreshing Clearmint 500mL,$7.00,$1.40/100mL,"https://cdn.metcash.media/image/upload/f_auto,c_limit,w_300,q_auto/igashop/images/189582"
San Remo Pulse Pasta Red Lentils Spirals 250g,$4.00,$1.60/100g,"https://cdn.metcash.media/image/upload/f_auto,c_limit,w_300,q_auto/igashop/images/945433"
Contact Covering Adhesive Clear 2 Metres,$3.65,N/A,"https://cdn.metcash.media/image/upload/f_auto,c_limit,w_300,q_auto/igashop/images/914173"
Riviana Champignons Whole 285g,$2.30,$0.81/100g,"https://cdn.metcash.media/image/upload/f_auto,c_limit,w_300,q_auto/igashop/images/20000003649"
Mother Energy Drink Rainbow Sherbet Cans 4 Pack,$14.00,$3.50 each,https://www.igashop.com.au/static/default-product-image.png
Madura Earl Grey Tea Bags 50 Pack,$5.90,$0.12 each,"https://cdn.metcash.media/image/upload/f_auto,c_limit,w_300,q_auto/igashop/images/10979"
Mirabella LED 11W Warm White GLS Bayonet Cap,$4.10,N/A,"https://cdn.metcash.media/image/upload/f_auto,c_limit,w_300,q_auto/igashop/images/492508"
Cadbury Chocolate Twirl Iced Coffee Latte 39g,$3.00,$7.69/100g,"https://cdn.metcash.media/image/upload/f_auto,c_limit,w_300,q_auto/igashop/images/508914"
Kinder Easter Bunny 160g,$15.30,$9.56/100g,"https://cdn.metcash.media/image/upload/f_auto,c_limit,w_300,q_auto/igashop/images/190000009778"
Napro Palette Permanent Hair Colour 1-1 Blue Black,$8.50,N/A,"https://cdn.metcash.media/image/upload/f_auto,c_limit,w_300,q_auto/igashop/images/343966"
Glad Freezer Go Between 15 Metres,$4.35,N/A,"https://cdn.metcash.media/image/upload/f_auto,c_limit,w_300,q_auto/igashop/images/47921"
Deeko Paper Straws 40 Pack,$4.00,$0.10 each,"https://cdn.metcash.media/image/upload/f_auto,c_limit,w_300,q_auto/igashop/images/913790"
Cadbury Dairy Milk Chocolate Bar 55g,$3.00,$5.45/100g,"https://cdn.metcash.media/image/upload/f_auto,c_limit,w_300,q_auto/igashop/images/414932"
Kan Tong Honey Soy Garlic Stir Fry Sauce 500g,$2.00,$0.40/100g,"https://cdn.metcash.media/image/upload/f_auto,c_limit,w_300,q_auto/igashop/images/229609"
Vitasoy Milky Soy Milk 1L,$2.85,$2.85/1L,"https://cdn.metcash.media/image/upload/f_auto,c_limit,w_300,q_auto/igashop/images/123895"
Cheer Cheese Tasty Cheese 32 Slices 500g,$11.00,$2.20/100g,"https://cdn.metcash.media/image/upload/f_auto,c_limit,w_300,q_auto/igashop/images/166589"
Air Wick Reed Diffuser Freesia & Jasmine 50mL,$14.00,$28.00/100mL,"https://cdn.metcash.media/image/upload/f_auto,c_limit,w_300,q_auto/igashop/images/391121"
Grove Juice Mandarin 1.5L,$7.95,$5.30/1L,"https://cdn.metcash.media/image/upload/f_auto,c_limit,w_300,q_auto/igashop/images/276606"
Devondale Extra Soft Butter Blend 500g,$6.70,$1.34/100g,"https://cdn.metcash.media/image/upload/f_auto,c_limit,w_300,q_auto/igashop/images/198201"
Glad BBQ Trays 4 Pack,$6.20,$1.55 each,"https://cdn.metcash.media/image/upload/f_auto,c_limit,w_300,q_auto/igashop/images/58320"
Rexona Women Clinical Shower Clean 180mL,$12.00,$6.67/100mL,"https://cdn.metcash.media/image/upload/f_auto,c_limit,w_300,q_auto/igashop/images/237995"
Schweppes Infused Natural Mineral Water With Blood Orange & Mango 1.1L,$1.25,$1.14/1L,"https://cdn.metcash.media/image/upload/f_auto,c_limit,w_300,q_auto/igashop/images/871634"
Dove Body Lotion Medium To Dark Skin 250mL,$10.50,$4.20/100mL,"https://cdn.metcash.media/image/upload/f_auto,c_limit,w_300,q_auto/igashop/images/445519"
Masterfoods Herbs And Spices Cumin Seed Ground 28g,$3.50,$12.50/100g,"https://cdn.metcash.media/image/upload/f_auto,c_limit,w_300,q_auto/igashop/images/180000005695"
Baked Provisions Meat & Vegetable Pastie 400g,$8.50,$2.13/100g,"https://cdn.metcash.media/image/upload/f_auto,c_limit,w_300,q_auto/igashop/images/1800000068818"
Bulla Creamy Classics Ball Vanilla Top Cones 12 Pack,$24.50,$2.04 each,"https://cdn.metcash.media/image/upload/f_auto,c_limit,w_300,q_auto/igashop/images/314860"
Jif Cream Cleanser With Micro Particles Lemon 500mL,$4.80,$0.96/100mL,"https://cdn.metcash.media/image/upload/f_auto,c_limit,w_300,q_auto/igashop/images/856728"
Pepe Saya Organic Unsalted Butter 200g,$11.95,$5.98/100g,"https://cdn.metcash.media/image/upload/f_auto,c_limit,w_300,q_auto/igashop/images/20000000749"
Community Co Fine Cut Stir Fry 335g,$3.55,$1.06/100g,"https://cdn.metcash.media/image/upload/f_auto,c_limit,w_300,q_auto/igashop/images/588749"
NIVEA Derma Control Defend Aerosol 250mL,$4.75,$1.90/100mL,"https://cdn.metcash.media/image/upload/f_auto,c_limit,w_300,q_auto/igashop/images/1800000072077"
Cottee's Cordial Lemon Cordial 1L,$2.75,$2.75/1L,https://www.igashop.com.au/static/default-product-image.png
Cadbury Neapolitan Drinking Chocolate 250g,$4.50,$1.80/100g,https://www.igashop.com.au/static/default-product-image.png
Birds Eye Hash Browns Gold & Crunchy 375g,$3.50,$0.93/100g,"https://cdn.metcash.media/image/upload/f_auto,c_limit,w_300,q_auto/igashop/images/194590"
Steggles Chicken Breast Tenders Crumbed 400g,$6.50,$1.63/100g,"https://cdn.metcash.media/image/upload/f_auto,c_limit,w_300,q_auto/igashop/images/730943"
Chiko Corn Jacks 575g,$8.15,$1.42/100g,"https://cdn.metcash.media/image/upload/f_auto,c_limit,w_300,q_auto/igashop/images/330455"
Kellogg's Special K High Fibre Cereal 385g,$7.80,$2.03/100g,"https://cdn.metcash.media/image/upload/f_auto,c_limit,w_300,q_auto/igashop/images/443981"
Philips Tornado Globe CFL 24W BC Warm White,$9.00,N/A,"https://cdn.metcash.media/image/upload/f_auto,c_limit,w_300,q_auto/igashop/images/714007"
Continental Recipe Base Creamy Tuna Mornay 30g,$1.80,$6.00/100g,"https://cdn.metcash.media/image/upload/f_auto,c_limit,w_300,q_auto/igashop/images/420064"
Nature's Own Magnesium Chelate 500mg 75 Pack,$15.50,$0.21 each,"https://cdn.metcash.media/image/upload/f_auto,c_limit,w_300,q_auto/igashop/images/160000001381"
O'Cedar Furniture Polish 300mL,$8.70,$2.90/100mL,"https://cdn.metcash.media/image/upload/f_auto,c_limit,w_300,q_auto/igashop/images/369271"
Sandhurst Sun-Dried Tomatoes 270g,$4.60,$1.70/100g,"https://cdn.metcash.media/image/upload/f_auto,c_limit,w_300,q_auto/igashop/images/92510"
D'Orsogna Tasty Sticks 400g,$10.95,$2.74/100g,"https://cdn.metcash.media/image/upload/f_auto,c_limit,w_300,q_auto/igashop/images/156597"
Nestlé Milo Scoop Shake 240mL,$4.50,$1.88/100mL,"https://cdn.metcash.media/image/upload/f_auto,c_limit,w_300,q_auto/igashop/images/900962"
Baker's Oven Raisin Toast 600g,$5.15,$0.86/100g,"https://cdn.metcash.media/image/upload/f_auto,c_limit,w_300,q_auto/igashop/images/20000003813"
Palmolive Naturals White Citrus Body Wash With Lemongrass 500mL,$6.50,$1.30/100mL,"https://cdn.metcash.media/image/upload/f_auto,c_limit,w_300,q_auto/igashop/images/340743"
Empire Pizza BBQ Bacon & Chicken 600g,$12.00,$2.00/100g,"https://cdn.metcash.media/image/upload/f_auto,c_limit,w_300,q_auto/igashop/images/190000004070"
Garofalo Gluten Free Spaghetti 400g,$6.50,$1.63/100g,"https://cdn.metcash.media/image/upload/f_auto,c_limit,w_300,q_auto/igashop/images/160000013922"
Cadbury Roses Gift Bag 150g,$10.00,$6.67/100g,"https://cdn.metcash.media/image/upload/f_auto,c_limit,w_300,q_auto/igashop/images/314331"
Whittaker's Block Chocolate Hazella 250g,$7.00,$2.80/100g,https://www.igashop.com.au/static/default-product-image.png
Dettol Antibacterial Disinfectant Cleaning Wipes Crisp Apple 120 Pack,$12.00,$0.10 each,"https://cdn.metcash.media/image/upload/f_auto,c_limit,w_300,q_auto/igashop/images/769361"
Nescafe Coffee Cookie Dough Iced Latte 8 Pack,$4.00,$0.50 each,"https://cdn.metcash.media/image/upload/f_auto,c_limit,w_300,q_auto/igashop/images/1800000068875_2"
Brookfarm Gluten Free Cacao & Coconut Granola 350g,$14.95,$4.27/100g,"https://cdn.metcash.media/image/upload/f_auto,c_limit,w_300,q_auto/igashop/images/190000003945"
Four 'N Twenty Beef Brisket Pies 700g,$12.50,$1.79/100g,https://www.igashop.com.au/static/default-product-image.png
Schick Intuition Sensitive Care Disposable Razor 2 Pack,$10.70,$5.35 each,"https://cdn.metcash.media/image/upload/f_auto,c_limit,w_300,q_auto/igashop/images/706407"
Massel Organic Liquid Stock Beef 1L,$4.20,$4.20/1L,"https://cdn.metcash.media/image/upload/f_auto,c_limit,w_300,q_auto/igashop/images/844302"
The Natural Confectionery Co. Jelly Babies 260g,$4.00,$1.54/100g,"https://cdn.metcash.media/image/upload/f_auto,c_limit,w_300,q_auto/igashop/images/312614"
M&M's Minis 335g,$8.00,$2.39/100g,"https://cdn.metcash.media/image/upload/f_auto,c_limit,w_300,q_auto/igashop/images/953664"
Vanish Napisan Laundry Powder Oxiaction 3kg,$32.05,$10.68/kg,"https://cdn.metcash.media/image/upload/f_auto,c_limit,w_300,q_auto/igashop/images/180000005316"
Allen's Killer Pythons 192g,$3.50,$1.82/100g,"https://cdn.metcash.media/image/upload/f_auto,c_limit,w_300,q_auto/igashop/images/234811"
Nair Sensitive Hair Removal Cream 150g,$13.00,$8.67/100g,"https://cdn.metcash.media/image/upload/f_auto,c_limit,w_300,q_auto/igashop/images/678442"
Unicorn Classic Camembert Cheese 125g,$5.80,$4.64/100g,"https://cdn.metcash.media/image/upload/f_auto,c_limit,w_300,q_auto/igashop/images/114524"
Penotti Cookie Original 400g,$5.00,$1.25/100g,"https://cdn.metcash.media/image/upload/f_auto,c_limit,w_300,q_auto/igashop/images/180000006252"
Liddells Lactose Free Full Cream Milk 1L,$3.00,$3.00/1L,"https://cdn.metcash.media/image/upload/f_auto,c_limit,w_300,q_auto/igashop/images/180000003458"
Stayfree Ultra Thin Super with Wings 12 Pack,$3.00,$0.25 each,"https://cdn.metcash.media/image/upload/f_auto,c_limit,w_300,q_auto/igashop/images/14952"
Baked Provisions Homestyle Sausage Roll 300g,$7.15,$2.38/100g,"https://cdn.metcash.media/image/upload/f_auto,c_limit,w_300,q_auto/igashop/images/256156"
Arnott's Shredded Wheatmeal 250g,$2.20,$0.88/100g,"https://cdn.metcash.media/image/upload/f_auto,c_limit,w_300,q_auto/igashop/images/309111"
Fab Intense Fresh With Odour Control Powder Laundry Washing Detergent 1.8kg,$9.00,$5.00/kg,"https://cdn.metcash.media/image/upload/f_auto,c_limit,w_300,q_auto/igashop/images/20000006399"
Lindt Excellence Fig Intense 100g,$5.50,$5.50/100g,https://www.igashop.com.au/static/default-product-image.png
MasterFoods Reduced Salt & Sugar Squeezy Tomato Sauce 475mL,$4.20,$0.88/100mL,"https://cdn.metcash.media/image/upload/f_auto,c_limit,w_300,q_auto/igashop/images/886634"
Reese's Peanut Butter Chocolate Ice Cream Tub 473mL,$8.50,$1.80/100mL,"https://cdn.metcash.media/image/upload/f_auto,c_limit,w_300,q_auto/igashop/images/642755"
Colgate Kids Peppa Pig Toothpaste Mild Mint Gel Children's Tooth Paste 90g,$2.75,$3.06/100g,"https://cdn.metcash.media/image/upload/f_auto,c_limit,w_300,q_auto/igashop/images/160000012127"
Cadbury Twirl Bites 270g,$7.50,$2.78/100g,"https://cdn.metcash.media/image/upload/f_auto,c_limit,w_300,q_auto/igashop/images/519130"
Mainland Vintage Cheddar Cheese 400g,$11.00,$2.75/100g,"https://cdn.metcash.media/image/upload/f_auto,c_limit,w_300,q_auto/igashop/images/925179"
Cocobella Coconut Yoghurt Natural 500g,$2.99,$0.60/100g,"https://cdn.metcash.media/image/upload/f_auto,c_limit,w_300,q_auto/igashop/images/226648"
Harringtons Chocolate Mint Cream Thins 150g,$3.90,$2.60/100g,"https://cdn.metcash.media/image/upload/f_auto,c_limit,w_300,q_auto/igashop/images/20000002309"
Spam Ham Classic 340g,$5.80,$1.71/100g,"https://cdn.metcash.media/image/upload/f_auto,c_limit,w_300,q_auto/igashop/images/19554"
Band-aid Advanced Healing Hydro Seal Gel Plasters Regular 10 Pack,$9.35,$0.94 each,"https://cdn.metcash.media/image/upload/f_auto,c_limit,w_300,q_auto/igashop/images/936934"
No Vac Foam Carpet Sanitiser & Deodoriser Garden Breeze 290g,$6.50,$2.24/100g,"https://cdn.metcash.media/image/upload/f_auto,c_limit,w_300,q_auto/igashop/images/79444"
San Remo Ready Pasta Fully Cooked Spaghetti 250g,$2.35,$0.94/100g,"https://cdn.metcash.media/image/upload/f_auto,c_limit,w_300,q_auto/igashop/images/497464"
Vetta Smart Fibre Spaghetti 500g,$2.34,$0.47/100g,"https://cdn.metcash.media/image/upload/f_auto,c_limit,w_300,q_auto/igashop/images/872847"
Cadbury Dairy Milk Velvet Hazelnut 150g,$8.00,$5.33/100g,"https://cdn.metcash.media/image/upload/f_auto,c_limit,w_300,q_auto/igashop/images/688007"
Dragon & Phoenix Crispy Noodle 360g,$4.55,$1.26/100g,"https://cdn.metcash.media/image/upload/f_auto,c_limit,w_300,q_auto/igashop/images/956007"
Mayfair Short Cut Bacon 1kg,$14.40,$14.40/kg,"https://cdn.metcash.media/image/upload/f_auto,c_limit,w_300,q_auto/igashop/images/1800000070802"
Garlic And Chives Herb 50g,$4.00,$8.00/100g,https://www.igashop.com.au/static/default-product-image.png
Arnott's Farmbake Cookies Chocolate Chip Fudge 310g,$5.00,$1.61/100g,"https://cdn.metcash.media/image/upload/f_auto,c_limit,w_300,q_auto/igashop/images/173222"
True Thai Rice Wine Vinegar 300mL,$3.60,$1.20/100mL,"https://cdn.metcash.media/image/upload/f_auto,c_limit,w_300,q_auto/igashop/images/160000012455"
Cadbury Dairy Milk Slices Crackle Chocolate Block 165g,$8.00,$4.85/100g,"https://cdn.metcash.media/image/upload/f_auto,c_limit,w_300,q_auto/igashop/images/150000008019"
Ryvita Rye Crispbread Original 250g,$3.85,$1.54/100g,"https://cdn.metcash.media/image/upload/f_auto,c_limit,w_300,q_auto/igashop/images/160000003027"
Babushka's Natural Kefir 500g,$4.85,$0.97/100g,"https://cdn.metcash.media/image/upload/f_auto,c_limit,w_300,q_auto/igashop/images/176958"
My Berries Blackcurrants Frozen 350g,$9.95,$2.84/100g,"https://cdn.metcash.media/image/upload/f_auto,c_limit,w_300,q_auto/igashop/images/20000005316"
Black & Gold 100s & 1000s 250g,$3.20,$1.28/100g,"https://cdn.metcash.media/image/upload/f_auto,c_limit,w_300,q_auto/igashop/images/61438"
Heinz Spaghetti No Added Sugar 220g,$2.10,$0.95/100g,"https://cdn.metcash.media/image/upload/f_auto,c_limit,w_300,q_auto/igashop/images/853869"
YouJuice Collagen Boosta 100mL,$3.00,$3.00/100mL,"https://cdn.metcash.media/image/upload/f_auto,c_limit,w_300,q_auto/igashop/images/180000001865"
Tatua Sour Cream Pouch 500g,$7.10,$1.42/100g,"https://cdn.metcash.media/image/upload/f_auto,c_limit,w_300,q_auto/igashop/images/160000013151"
Gippsland Dairy Yogurt Lemon Curd 700g,$6.30,$0.90/100g,https://www.igashop.com.au/static/default-product-image.png
Mid Coast Free Range Eggs XLarge 700g,$10.50,$1.50/100g,"https://cdn.metcash.media/image/upload/f_auto,c_limit,w_300,q_auto/igashop/images/160000018083"
Dove Beauty Soap Bar Sensitive 2 Pack,$4.19,$2.10 each,"https://cdn.metcash.media/image/upload/f_auto,c_limit,w_300,q_auto/igashop/images/608939"
Natures Goodness Complete Care Adult With Salmon 400g,$3.05,$0.76/100g,https://www.igashop.com.au/static/default-product-image.png
ViledaAnsell Gloves Sensitive Touch Small,$2.50,N/A,"https://cdn.metcash.media/image/upload/f_auto,c_limit,w_300,q_auto/igashop/images/250906"
My Muscle Chef Protein Crisp Bar Caramel Fudge 50g,$5.50,$11.00/100g,"https://cdn.metcash.media/image/upload/f_auto,c_limit,w_300,q_auto/igashop/images/574211"
Dine Wet Cat Food Slices With Succulent Chicken Tray 7 Pack,$8.00,$1.14 each,"https://cdn.metcash.media/image/upload/f_auto,c_limit,w_300,q_auto/igashop/images/636076"
Cadbury Dairy Milk Strawberry Bites 142g,$7.00,$4.93/100g,"https://cdn.metcash.media/image/upload/f_auto,c_limit,w_300,q_auto/igashop/images/156490"
Kettle Potato Chips Honey Orange & Pepper 150g,$6.00,$4.00/100g,"https://cdn.metcash.media/image/upload/f_auto,c_limit,w_300,q_auto/igashop/images/348673"
Pico Organic Chocolate Sea Salt 80g,$7.60,$9.50/100g,"https://cdn.metcash.media/image/upload/f_auto,c_limit,w_300,q_auto/igashop/images/180000000347"
Clairol Nice'N Easy Permanent Hair Colour 7 Natural Dark Blonde,$10.00,N/A,"https://cdn.metcash.media/image/upload/f_auto,c_limit,w_300,q_auto/igashop/images/580898"
Jon Jon Brandy Snaps 8 Pack,$2.00,$0.25 each,"https://cdn.metcash.media/image/upload/f_auto,c_limit,w_300,q_auto/igashop/images/20000003818"
Koochikoo Organic No Sugar Lollipops 62g,$9.95,$16.05/100g,"https://cdn.metcash.media/image/upload/f_auto,c_limit,w_300,q_auto/igashop/images/20000001656"
John West Wild Alaskan Red Salmon 415g,$15.00,$3.61/100g,"https://cdn.metcash.media/image/upload/f_auto,c_limit,w_300,q_auto/igashop/images/380361"
Purina One Adult Indoor Advantage With Chicken Dry Cat Food Bag 1.4kg,$20.00,$14.29/kg,"https://cdn.metcash.media/image/upload/f_auto,c_limit,w_300,q_auto/igashop/images/517549"
Heinz Tomato Ketchup 1L,$6.60,$6.60/1L,"https://cdn.metcash.media/image/upload/f_auto,c_limit,w_300,q_auto/igashop/images/434738"
Loaf Gluten Free Caramel Slice 280g,$8.05,$2.87/100g,https://www.igashop.com.au/static/default-product-image.png
Decor Thermoglass Baking Dish Realseal 1L,$15.50,N/A,"https://cdn.metcash.media/image/upload/f_auto,c_limit,w_300,q_auto/igashop/images/220605"
Yumi's Garlic Dip 200g,$4.50,$2.25/100g,"https://cdn.metcash.media/image/upload/f_auto,c_limit,w_300,q_auto/igashop/images/20000002949"
Sirena Tuna in Springwater 425g,$7.50,$1.76/100g,"https://cdn.metcash.media/image/upload/f_auto,c_limit,w_300,q_auto/igashop/images/405077"
Strepsils Plus Blocked Nose 16 Pack,$9.00,$0.56 each,"https://cdn.metcash.media/image/upload/f_auto,c_limit,w_300,q_auto/igashop/images/797063"
DON Danish Salami Thinly Sliced 160g,$5.90,$3.69/100g,"https://cdn.metcash.media/image/upload/f_auto,c_limit,w_300,q_auto/igashop/images/20000006978"
Gillette Venus Comfortglide Sugar Berry Razor 4 Pack,$31.60,$7.90 each,https://www.igashop.com.au/static/default-product-image.png
Gillette Mach 3 Triple Blades Replacement Cartridges 8 Pack,$26.00,$3.25 each,"https://cdn.metcash.media/image/upload/f_auto,c_limit,w_300,q_auto/igashop/images/903677"
Gillette Mach 3 Shaving Blade Refill 5 Pack,$26.35,$5.27 each,"https://cdn.metcash.media/image/upload/f_auto,c_limit,w_300,q_auto/igashop/images/903669"
Oreo Double Stuff New York Cheesecake 131g,$2.00,$1.53/100g,"https://cdn.metcash.media/image/upload/f_auto,c_limit,w_300,q_auto/igashop/images/160000018379"
Continental Cup A Soup Hearty Beef 4 Pack,$3.00,$0.75 each,"https://cdn.metcash.media/image/upload/f_auto,c_limit,w_300,q_auto/igashop/images/17586"
Darrell Lea Allsorts Gift Box 600g,$6.00,$1.00/100g,https://www.igashop.com.au/static/default-product-image.png
Lindt Token Tree Tin 117g,$18.00,$15.38/100g,"https://cdn.metcash.media/image/upload/f_auto,c_limit,w_300,q_auto/igashop/images/200956"
Weet-Bix Breakfast Cereal 1.2kg,$7.00,$5.83/kg,"https://cdn.metcash.media/image/upload/f_auto,c_limit,w_300,q_auto/igashop/images/150000006330"
Yorkfoods Prime Beef Dripping 250g,$2.99,$1.20/100g,"https://cdn.metcash.media/image/upload/f_auto,c_limit,w_300,q_auto/igashop/images/117255"
Noshu Low Carb Cherry & Coconut Indulgence Bars 5 Pack,$8.90,$1.78 each,"https://cdn.metcash.media/image/upload/f_auto,c_limit,w_300,q_auto/igashop/images/541616"
Twinings Chai Latte Tea Bags 10 Pack,$9.50,$0.95 each,https://www.igashop.com.au/static/default-product-image.png
Kikkoman Soy Sauce Original 1L,$10.20,$10.20/1L,"https://cdn.metcash.media/image/upload/f_auto,c_limit,w_300,q_auto/igashop/images/74889"
Ferrero Rocher Chocolates Box 5 Pack,$4.70,$0.94 each,"https://cdn.metcash.media/image/upload/f_auto,c_limit,w_300,q_auto/igashop/images/490629"
Mars Cookie Dough Chocolate Bar 47g,$3.00,$6.38/100g,"https://cdn.metcash.media/image/upload/f_auto,c_limit,w_300,q_auto/igashop/images/180000006336"
The Cobbler Company - Shoe Laces Brown 2 Pairs 69cm 3/4 Eyelets 2 Pack,$2.40,$1.20 each,https://www.igashop.com.au/static/default-product-image.png
Plaistowe Dark Cooking Chocolate 200g,$4.00,$2.00/100g,"https://cdn.metcash.media/image/upload/f_auto,c_limit,w_300,q_auto/igashop/images/388953"
Arnott's Biscuits Shortbread Cream 250g,$2.80,$1.12/100g,"https://cdn.metcash.media/image/upload/f_auto,c_limit,w_300,q_auto/igashop/images/366545"
Banana Boat Moisturising Sunscreen Lotion Spf50+ 400g,$15.00,$3.75/100g,https://www.igashop.com.au/static/default-product-image.png
Magnum Peppermint Ice Cream 4 Pack,$12.00,$3.00 each,"https://cdn.metcash.media/image/upload/f_auto,c_limit,w_300,q_auto/igashop/images/608633"
Tommee Tippee First Cutlery Set,$10.20,N/A,"https://cdn.metcash.media/image/upload/f_auto,c_limit,w_300,q_auto/igashop/images/456002"
Indomie Mi Goreng Satay 80g,$1.00,$1.25/100g,"https://cdn.metcash.media/image/upload/f_auto,c_limit,w_300,q_auto/igashop/images/190000001677"
Sunkist Orange Soft Drink 2L,$3.00,$1.50/1L,"https://cdn.metcash.media/image/upload/f_auto,c_limit,w_300,q_auto/igashop/images/358607"
Bega Cream Cheese Spread Lite 250g,$4.10,$1.64/100g,"https://cdn.metcash.media/image/upload/f_auto,c_limit,w_300,q_auto/igashop/images/527450"
Cadbury Triple Pack Egg Bag 649g,$20.00,$3.08/100g,"https://cdn.metcash.media/image/upload/f_auto,c_limit,w_300,q_auto/igashop/images/352106"
BIC Soleil Escape 2 Pack,$12.25,$6.13 each,"https://cdn.metcash.media/image/upload/f_auto,c_limit,w_300,q_auto/igashop/images/293129"
Beerenberg 4 Cheese Blood Orange & Whisky 190g,$5.75,$3.03/100g,"https://cdn.metcash.media/image/upload/f_auto,c_limit,w_300,q_auto/igashop/images/740472"
Selleys Aquadhere Interior Wood Glue 100mL,$8.00,$8.00/100mL,"https://cdn.metcash.media/image/upload/f_auto,c_limit,w_300,q_auto/igashop/images/230401"
Hard Hitting Lift Lemon 1.25L,$3.55,$2.84/1L,"https://cdn.metcash.media/image/upload/f_auto,c_limit,w_300,q_auto/igashop/images/651474"
Nestlé Christmas Milkybar Reindeer White Chocolate 88g,$4.50,$5.11/100g,"https://cdn.metcash.media/image/upload/f_auto,c_limit,w_300,q_auto/igashop/images/597976"
Decor Microsafe Easy Bacon Cooker,$12.00,N/A,"https://cdn.metcash.media/image/upload/f_auto,c_limit,w_300,q_auto/igashop/images/603691"
Palmolive Antibacterial Liquid Hand Wash Soap Lime Refill 1L,$6.00,$6.00/1L,"https://cdn.metcash.media/image/upload/f_auto,c_limit,w_300,q_auto/igashop/images/91072"
Cadbury Cherry Ripe 44g,$3.00,$6.82/100g,"https://cdn.metcash.media/image/upload/f_auto,c_limit,w_300,q_auto/igashop/images/560699"
Nescafe Espresso Coffee Concentrate Velvet Mocha 500mL,$5.50,$1.10/100mL,"https://cdn.metcash.media/image/upload/f_auto,c_limit,w_300,q_auto/igashop/images/1800000068750"
Heinz Spicy BBQ Jalapeno 500mL,$4.00,$0.80/100mL,"https://cdn.metcash.media/image/upload/f_auto,c_limit,w_300,q_auto/igashop/images/676903"
Loaf Raspberry Brownie Balls 120g,$7.00,$5.83/100g,"https://cdn.metcash.media/image/upload/f_auto,c_limit,w_300,q_auto/igashop/images/253983"
Palmolive Antibacterial Travel Hand Sanitiser Cherry Blossom 48mL,$3.00,$6.25/100mL,"https://cdn.metcash.media/image/upload/f_auto,c_limit,w_300,q_auto/igashop/images/635070"
Cheezels Crackers Cheese & Bacon 135g,$4.00,$2.96/100g,"https://cdn.metcash.media/image/upload/f_auto,c_limit,w_300,q_auto/igashop/images/1800000070717"
Liquid Death Severed Lime Sparkling Water 500mL,$5.50,$1.10/100mL,https://www.igashop.com.au/static/default-product-image.png
Chobani Flip Greek Yoghurt Mango Passion Tango 140g,$3.80,$2.71/100g,"https://cdn.metcash.media/image/upload/f_auto,c_limit,w_300,q_auto/igashop/images/180000000021"
Warheads Sour Bombs 50g,$2.05,$4.10/100g,"https://cdn.metcash.media/image/upload/f_auto,c_limit,w_300,q_auto/igashop/images/20000003935"
Palmolive Luminous Oils Conditioner Moroccan Argan Oil & Camellia 350mL,$7.00,$2.00/100mL,"https://cdn.metcash.media/image/upload/f_auto,c_limit,w_300,q_auto/igashop/images/930645"
Panadol Extra Opti 16 Pack,$6.85,$0.43 each,"https://cdn.metcash.media/image/upload/f_auto,c_limit,w_300,q_auto/igashop/images/700192"
Sunbeam Nuts Australian Natural Pistachios 130g,$12.00,$9.23/100g,"https://cdn.metcash.media/image/upload/f_auto,c_limit,w_300,q_auto/igashop/images/378940"
BabyBoo Nappy Walker Size 5 44 Pack,$11.00,$0.25 each,"https://cdn.metcash.media/image/upload/f_auto,c_limit,w_300,q_auto/igashop/images/180000002511"
L'Oreal Preference Hair Colour 3.0 Brasilia,$28.00,N/A,"https://cdn.metcash.media/image/upload/f_auto,c_limit,w_300,q_auto/igashop/images/227432"
Cracker Barrel Extra Sharp Vintage Cheddar Cheese Block 500g,$13.80,$2.76/100g,"https://cdn.metcash.media/image/upload/f_auto,c_limit,w_300,q_auto/igashop/images/100931"
Mum's Favourites Blueberry Cake 600g,$10.95,$1.83/100g,"https://cdn.metcash.media/image/upload/f_auto,c_limit,w_300,q_auto/igashop/images/20000005295"
Patak's Rogan Josh Curry Simmer Sauce 450g,$5.50,$1.22/100g,"https://cdn.metcash.media/image/upload/f_auto,c_limit,w_300,q_auto/igashop/images/160000013755"
Fancy Feast Adult Petit Cuisine Tuna and Salmon and Cod Grilled Wet Cat Food 6 Pack,$5.50,$0.92 each,"https://cdn.metcash.media/image/upload/f_auto,c_limit,w_300,q_auto/igashop/images/190000000320"
The Alternative Dairy Co. Oat Milk 1L,$4.50,$4.50/1L,"https://cdn.metcash.media/image/upload/f_auto,c_limit,w_300,q_auto/igashop/images/20000004208"
Life Savers Gummy Rings 180g,$3.75,$2.08/100g,"https://cdn.metcash.media/image/upload/f_auto,c_limit,w_300,q_auto/igashop/images/608531"
Energizer Max AA Batteries 4 Pack,$8.25,$2.06 each,"https://cdn.metcash.media/image/upload/f_auto,c_limit,w_300,q_auto/igashop/images/240286"
Pascall Marshmallows Vanilla Raspberry 280g,$3.50,$1.25/100g,"https://cdn.metcash.media/image/upload/f_auto,c_limit,w_300,q_auto/igashop/images/311207"
Oral-B All Rounder Fresh Clean Soft Manual Toothbrush,$3.10,N/A,"https://cdn.metcash.media/image/upload/f_auto,c_limit,w_300,q_auto/igashop/images/128"
Remedy Kombucha Ginger Lemon 1.25L,$6.25,$5.00/1L,"https://cdn.metcash.media/image/upload/f_auto,c_limit,w_300,q_auto/igashop/images/8716"
Glen 20 Disinfectant Berry Breeze 300g,$11.00,$3.67/100g,"https://cdn.metcash.media/image/upload/f_auto,c_limit,w_300,q_auto/igashop/images/765985"
Pandaroo Ingredients Rice Paper Spring Roll 150g,$2.30,$1.53/100g,"https://cdn.metcash.media/image/upload/f_auto,c_limit,w_300,q_auto/igashop/images/424945"
Feel Good Foods Organic Arrabiata Pasta Sauce 500g,$7.25,$1.45/100g,"https://cdn.metcash.media/image/upload/f_auto,c_limit,w_300,q_auto/igashop/images/_190000002720"
Bush Honey Australia Ironbark Honey Squeeze 500g,$9.00,$1.80/100g,"https://cdn.metcash.media/image/upload/f_auto,c_limit,w_300,q_auto/igashop/images/190000004873"
"Dolmio Extra Reduced Salt Tomato, Onion & Roasted Garlic 500g",$4.60,$0.92/100g,"https://cdn.metcash.media/image/upload/f_auto,c_limit,w_300,q_auto/igashop/images/390109"
QBA Sourdough Rye Loaf 450g,$5.49,$1.22/100g,"https://cdn.metcash.media/image/upload/f_auto,c_limit,w_300,q_auto/igashop/images/669794"
Wicked Sister High Protein Banana Pudding 170g,$3.30,$1.94/100g,"https://cdn.metcash.media/image/upload/f_auto,c_limit,w_300,q_auto/igashop/images/20000004941"
Vegeta Chicken Stock 500mL,$6.70,$1.34/100mL,"https://cdn.metcash.media/image/upload/f_auto,c_limit,w_300,q_auto/igashop/images/428546"
Ingham's Tenders Salt & Vinegar 1kg,$1.60,$1.60/kg,"https://cdn.metcash.media/image/upload/f_auto,c_limit,w_300,q_auto/igashop/images/127349"
Always Fresh Kalamata Olives Salt Reduced 670g,$8.64,$1.29/100g,"https://cdn.metcash.media/image/upload/f_auto,c_limit,w_300,q_auto/igashop/images/405946"
Harpic Blue Toilet Cleaner Block In Cistern 2 Pack,$4.70,$2.35 each,"https://cdn.metcash.media/image/upload/f_auto,c_limit,w_300,q_auto/igashop/images/346901"
Sirena Tuna In Oil Italian Style 185g,$4.70,$2.54/100g,"https://cdn.metcash.media/image/upload/f_auto,c_limit,w_300,q_auto/igashop/images/190000002952"
Lindt Lindor Chocolate Balls Milk 150g,$10.00,$6.67/100g,"https://cdn.metcash.media/image/upload/f_auto,c_limit,w_300,q_auto/igashop/images/998059"
Baronie Mint Sticks 75g,$2.00,$2.67/100g,https://www.igashop.com.au/static/default-product-image.png
Jumpy's Crunchy Potato Chips 10 Pack,$6.00,$0.60 each,"https://cdn.metcash.media/image/upload/f_auto,c_limit,w_300,q_auto/igashop/images/981515"
Fancy Feast Petite Delights Grilled Chicken & Grilled Turkey 6 Pack,$5.50,$0.92 each,"https://cdn.metcash.media/image/upload/f_auto,c_limit,w_300,q_auto/igashop/images/180000002028"
Rite Aid Breast Discs Hydrogel 12 Pack,$9.00,$0.75 each,"https://cdn.metcash.media/image/upload/f_auto,c_limit,w_300,q_auto/igashop/images/685180"
OMO Ultimate Laundry Powder 2kg,$18.00,$9.00/kg,"https://cdn.metcash.media/image/upload/f_auto,c_limit,w_300,q_auto/igashop/images/538914"
Cobs Popcorn Sea Salt Multipack Gluten Free 5 Pack,$3.50,$0.70 each,"https://cdn.metcash.media/image/upload/f_auto,c_limit,w_300,q_auto/igashop/images/190000005021"
Chobani Greek Yoghurt Passion Fruit 160g,$2.70,$1.69/100g,"https://cdn.metcash.media/image/upload/f_auto,c_limit,w_300,q_auto/igashop/images/20000007124"
Steggles Fresh Chicken Livers,$4.99,N/A,"https://cdn.metcash.media/image/upload/f_auto,c_limit,w_300,q_auto/igashop/images/639210"
Nestlé KitKat Dark Chocolate Block 160g,$5.25,$3.28/100g,"https://cdn.metcash.media/image/upload/f_auto,c_limit,w_300,q_auto/igashop/images/370104"
Speck 1kg,Final cost based on weight,$25.95/$25.95,"https://cdn.metcash.media/image/upload/f_auto,c_limit,w_300,q_auto/igashop/images/80072015"
Corelle Winter Frost White Soup/Cereal Bowl,$8.50,N/A,"https://cdn.metcash.media/image/upload/f_auto,c_limit,w_300,q_auto/igashop/images/232128"
Queen Maple Syrup 250mL,$9.50,$3.80/100mL,"https://cdn.metcash.media/image/upload/f_auto,c_limit,w_300,q_auto/igashop/images/929602"
Twisties Cheese Chips 90g,$2.70,$3.00/100g,"https://cdn.metcash.media/image/upload/f_auto,c_limit,w_300,q_auto/igashop/images/777071"
Drano Bathroom Max Gel Drain Cleaner 770mL,$13.30,$1.73/100mL,"https://cdn.metcash.media/image/upload/f_auto,c_limit,w_300,q_auto/igashop/images/170000003857"
Dove Body Wash Triple Moisturising 500mL,$9.20,$1.84/100mL,"https://cdn.metcash.media/image/upload/f_auto,c_limit,w_300,q_auto/igashop/images/170000003760"
Barilla Pasta Sauce Basilico Tomato Basil 400g,$4.90,$1.23/100g,"https://cdn.metcash.media/image/upload/f_auto,c_limit,w_300,q_auto/igashop/images/86179"
Black & Gold Raw Sugar 2kg,$3.20,$1.60/kg,"https://cdn.metcash.media/image/upload/f_auto,c_limit,w_300,q_auto/igashop/images/42549"
Dilmah Green Rooibos Ginger & Peppermint Tea Bags 20 Pack,$5.30,$0.27 each,"https://cdn.metcash.media/image/upload/f_auto,c_limit,w_300,q_auto/igashop/images/899580"
Earthwise Floral Fields 2L,$10.00,$5.00/1L,https://www.igashop.com.au/static/default-product-image.png
Kinder Christmas Figure 35g,$1.00,$2.86/100g,"https://cdn.metcash.media/image/upload/f_auto,c_limit,w_300,q_auto/igashop/images/80969112"
Natures Gift Dog Food Chicken Pasta Carrots And Peas 2 Pack,$6.00,$3.00 each,https://www.igashop.com.au/static/default-product-image.png
Berocca Vitamin B & C Orange Flavour Energy Effervescent Tablets 15 Pack,$5.50,$0.37 each,"https://cdn.metcash.media/image/upload/f_auto,c_limit,w_300,q_auto/igashop/images/671796"
Helga's Prebiotic Ancient Grains & Seeds 700g,$5.60,$0.80/100g,"https://cdn.metcash.media/image/upload/f_auto,c_limit,w_300,q_auto/igashop/images/20000006927"
Angas Park Apple Wedges 5 Pack,$6.00,$1.20 each,"https://cdn.metcash.media/image/upload/f_auto,c_limit,w_300,q_auto/igashop/images/1800000070933"
Vital Strength V2 #1 Source Whey Vanilla Flavour 750g,$52.00,$6.93/100g,"https://cdn.metcash.media/image/upload/f_auto,c_limit,w_300,q_auto/igashop/images/180000006471"
Darrell Lea Milk Chocolate Liquorice Bullets 226g,$6.00,$2.65/100g,"https://cdn.metcash.media/image/upload/f_auto,c_limit,w_300,q_auto/igashop/images/150000007965"
Primo Duos Mild Twiggy & Cheese 40g,$2.70,$6.75/100g,"https://cdn.metcash.media/image/upload/f_auto,c_limit,w_300,q_auto/igashop/images/737767"
Eveready Black Super Heavy Duty AA 10 Pack,$10.00,$1.00 each,"https://cdn.metcash.media/image/upload/f_auto,c_limit,w_300,q_auto/igashop/images/967870"
Castello Blue Cheese Creamy 150g,$8.50,$5.67/100g,"https://cdn.metcash.media/image/upload/f_auto,c_limit,w_300,q_auto/igashop/images/20000005775"
Old El Paso Tortillas 6 Pack,$4.50,$0.75 each,"https://cdn.metcash.media/image/upload/f_auto,c_limit,w_300,q_auto/igashop/images/180000000341"
Golden Days Bars Sesame Snaps Dark Chocolate 120g,$4.00,$3.33/100g,"https://cdn.metcash.media/image/upload/f_auto,c_limit,w_300,q_auto/igashop/images/884365"
Monster Energy Green 500mL,$4.45,$0.89/100mL,"https://cdn.metcash.media/image/upload/f_auto,c_limit,w_300,q_auto/igashop/images/160000000636"
Huggies Drynites Boys Convenience 4-7 Years 10 Pack,$12.00,$1.20 each,"https://cdn.metcash.media/image/upload/f_auto,c_limit,w_300,q_auto/igashop/images/424393"
Always Fresh Pepper Stuffed Kalamata Olives 220g,$6.00,$2.73/100g,"https://cdn.metcash.media/image/upload/f_auto,c_limit,w_300,q_auto/igashop/images/687713"
Mission Naan Bread Garlic & Herb 4 Pack,$4.10,$1.03 each,"https://cdn.metcash.media/image/upload/f_auto,c_limit,w_300,q_auto/igashop/images/20000005814"
Nyal Paracetamol Tablets 20 Pack,$2.60,$0.13 each,"https://cdn.metcash.media/image/upload/f_auto,c_limit,w_300,q_auto/igashop/images/160000001333"
Fisherman's Friend Mints Fresh Sugar Free 25g,$3.20,$12.80/100g,"https://cdn.metcash.media/image/upload/f_auto,c_limit,w_300,q_auto/igashop/images/976633"
Diet Rite Cordial Fruit Cocktail 1L,$3.50,$3.50/1L,"https://cdn.metcash.media/image/upload/f_auto,c_limit,w_300,q_auto/igashop/images/20000004800"
Maleny Dairies Red Low Fat Milk 2L,$5.80,$2.90/1L,"https://cdn.metcash.media/image/upload/f_auto,c_limit,w_300,q_auto/igashop/images/190000004085"
Paul Newman's Own Dressings Classic Vinaigrette 250mL,$4.00,$1.60/100mL,"https://cdn.metcash.media/image/upload/f_auto,c_limit,w_300,q_auto/igashop/images/190000000975"
Dilmah Green Tea Bags 20 Pack,$5.30,$0.27 each,"https://cdn.metcash.media/image/upload/f_auto,c_limit,w_300,q_auto/igashop/images/604540"
Dilmah Infusions Red Rooibos With Cinnamon Turmeric Ginger & Nutmeg 20 Pack,$5.30,$0.27 each,"https://cdn.metcash.media/image/upload/f_auto,c_limit,w_300,q_auto/igashop/images/778792"
Dairy Farmers Full Cream Milk 2L,$4.70,$2.35/1L,"https://cdn.metcash.media/image/upload/f_auto,c_limit,w_300,q_auto/igashop/images/118057"
The Natural Chip Company Potato Chips Honey Soy Chicken 114g,$3.50,$3.07/100g,"https://cdn.metcash.media/image/upload/f_auto,c_limit,w_300,q_auto/igashop/images/374852"
Cottee's Cordial Orange Cordial 1L,$5.50,$5.50/1L,https://www.igashop.com.au/static/default-product-image.png
Birds Eye Deli Flathead Fish Bites Crisp Light Batter 250g,$8.80,$3.52/100g,"https://cdn.metcash.media/image/upload/f_auto,c_limit,w_300,q_auto/igashop/images/190000001191"
Dettol Sapoderm Hygienic Soap For Acne Oily Skin 375g,$6.00,$1.60/100g,"https://cdn.metcash.media/image/upload/f_auto,c_limit,w_300,q_auto/igashop/images/62256"
Original Source Lime Shower Gel 250mL,$5.00,$2.00/100mL,"https://cdn.metcash.media/image/upload/f_auto,c_limit,w_300,q_auto/igashop/images/190000002238"
Nestlé Nan Comfort 2 800g,$21.00,$2.63/100g,"https://cdn.metcash.media/image/upload/f_auto,c_limit,w_300,q_auto/igashop/images/20000004890"
Peters Frosty Fruits Watermelon 8 Pack,$9.00,$1.13 each,"https://cdn.metcash.media/image/upload/f_auto,c_limit,w_300,q_auto/igashop/images/419806"
Proper Crisps Chips Onion and Chive 150g,$6.90,$4.60/100g,"https://cdn.metcash.media/image/upload/f_auto,c_limit,w_300,q_auto/igashop/images/190000001603"
Australia's Own Unsweetened Organic Oat Milk 1L,$3.35,$3.35/1L,"https://cdn.metcash.media/image/upload/f_auto,c_limit,w_300,q_auto/igashop/images/20000006961"
Steggles Salt & Vinegar Chicken Tenders 1kg,$16.30,$16.30/kg,"https://cdn.metcash.media/image/upload/f_auto,c_limit,w_300,q_auto/igashop/images/99787"
Fanta Grape Soft Drink Bottle 600mL,$4.00,$0.67/100mL,"https://cdn.metcash.media/image/upload/f_auto,c_limit,w_300,q_auto/igashop/images/180000003570"
Powerade ION4 Blackcurrant Sports Drink Sipper Cap 600mL,$2.70,$0.45/100mL,"https://cdn.metcash.media/image/upload/f_auto,c_limit,w_300,q_auto/igashop/images/48464_1"
Vaseline Hair Tonic 100mL,$5.40,$5.40/100mL,"https://cdn.metcash.media/image/upload/f_auto,c_limit,w_300,q_auto/igashop/images/56695"
Berocca Vitamin B & C Original Berry Flavour Energy Effervescent Tablets 30 Pack,$19.00,$0.63 each,"https://cdn.metcash.media/image/upload/f_auto,c_limit,w_300,q_auto/igashop/images/490807"
Little Lucifer Ready To Use Smoking Wood Chips Savoury Her 100g,$4.98,$4.98/100g,"https://cdn.metcash.media/image/upload/f_auto,c_limit,w_300,q_auto/igashop/images/831485"
Heinz Seriously Good Hot Harissa Mayonnaise 295mL,$5.15,$1.75/100mL,https://www.igashop.com.au/static/default-product-image.png
Fragassi Pizza Topping Sauce 500g,$8.50,$1.70/100g,"https://cdn.metcash.media/image/upload/f_auto,c_limit,w_300,q_auto/igashop/images/160000013956"
Edgell Mexican Mix 400g,$1.95,$0.49/100g,"https://cdn.metcash.media/image/upload/f_auto,c_limit,w_300,q_auto/igashop/images/342106"
Kleenex Allergy Comfort 85 Pack,$2.60,$0.03 each,"https://cdn.metcash.media/image/upload/f_auto,c_limit,w_300,q_auto/igashop/images/983431"
Campbell's Country Ladle Soup Garden Vegetable 500g,$4.50,$0.90/100g,"https://cdn.metcash.media/image/upload/f_auto,c_limit,w_300,q_auto/igashop/images/404709"
Kellogg's Just Right Original 740g,$10.00,$1.35/100g,"https://cdn.metcash.media/image/upload/f_auto,c_limit,w_300,q_auto/igashop/images/527337"
Temptations Cat Treat Hearty Beef 350g,$13.50,$3.86/100g,"https://cdn.metcash.media/image/upload/f_auto,c_limit,w_300,q_auto/igashop/images/160000003437"
Black & Gold Large Caged Eggs 18 Pack 18 Pack,$8.90,$0.49 each,"https://cdn.metcash.media/image/upload/f_auto,c_limit,w_300,q_auto/igashop/images/116754"
Lifestyle Bakery Gluten Free Chocolate Hot Cross Buns 3 Pack,$5.00,$1.67 each,"https://cdn.metcash.media/image/upload/f_auto,c_limit,w_300,q_auto/igashop/images/155588"
Continental Soup Sensations Sweet Potato Pumpkin & Onion Soup 63g,$3.50,$5.56/100g,"https://cdn.metcash.media/image/upload/f_auto,c_limit,w_300,q_auto/igashop/images/792479"
Carman's Clusters Cereal Crunchy Berry 800g,$9.90,$1.24/100g,"https://cdn.metcash.media/image/upload/f_auto,c_limit,w_300,q_auto/igashop/images/410836"
Beerenberg Tahini Lemon Dressing 300mL,$6.85,$2.28/100mL,"https://cdn.metcash.media/image/upload/f_auto,c_limit,w_300,q_auto/igashop/images/150000008191"
South Cape Apricot & Almond Cream Cheese 200g,$5.90,$2.95/100g,"https://cdn.metcash.media/image/upload/f_auto,c_limit,w_300,q_auto/igashop/images/113507"
Mission Roti Bread 280g,$4.00,$1.43/100g,"https://cdn.metcash.media/image/upload/f_auto,c_limit,w_300,q_auto/igashop/images/911510"
Always Fresh Olive Spanish Stuffed Pimento 235g,$2.75,$1.17/100g,"https://cdn.metcash.media/image/upload/f_auto,c_limit,w_300,q_auto/igashop/images/35916"
Pringles Minis Chicken Flavour Crisps 5 Pack,$4.00,$0.80 each,"https://cdn.metcash.media/image/upload/f_auto,c_limit,w_300,q_auto/igashop/images/703917"
Mingle Satay Recipe Base 30g,$2.60,$8.67/100g,https://www.igashop.com.au/static/default-product-image.png
McCain Gluten Free Chips 750g,$5.50,$0.73/100g,"https://cdn.metcash.media/image/upload/f_auto,c_limit,w_300,q_auto/igashop/images/469039"
Norco Tasty Cheddar Block 500g,$9.50,$1.90/100g,"https://cdn.metcash.media/image/upload/f_auto,c_limit,w_300,q_auto/igashop/images/8610"
Green Pears 210g,Final cost based on weight,$1.16/$5.50,"https://cdn.metcash.media/image/upload/f_auto,c_limit,w_300,q_auto/igashop/images/80060093"
Zoetic Infusions Organic Green Tea Bags 25 Pack,$4.95,$0.20 each,"https://cdn.metcash.media/image/upload/f_auto,c_limit,w_300,q_auto/igashop/images/160000012412"
Head & Shoulders 2 in 1 Itchy Scalp Care with Eucalyptus Anti Dandruff Conditioner 350mL,$15.00,$4.29/100mL,"https://cdn.metcash.media/image/upload/f_auto,c_limit,w_300,q_auto/igashop/images/160000011015"
Nescafe Dolce Gusto Americano Capsules 16 Pack,$12.00,$0.75 each,"https://cdn.metcash.media/image/upload/f_auto,c_limit,w_300,q_auto/igashop/images/160000014312"
Carman's Granola Light & Crispy Honey Nut 400g,$8.90,$2.23/100g,https://www.igashop.com.au/static/default-product-image.png
Schwarzkopf Brilliance 91 Blue Black,$26.00,N/A,"https://cdn.metcash.media/image/upload/f_auto,c_limit,w_300,q_auto/igashop/images/245215"
Lynx Antiperspirant Aerosol Golden Mango 150mL,$10.00,$6.67/100mL,https://www.igashop.com.au/static/default-product-image.png
Bega Stringers Original Cheese 8 Pack,$7.00,$0.88 each,"https://cdn.metcash.media/image/upload/f_auto,c_limit,w_300,q_auto/igashop/images/114207"
LifeStyle Bakery Soft'n'Light Gluten Free Light Loaf Multigrain 500g,$6.50,$1.30/100g,"https://cdn.metcash.media/image/upload/f_auto,c_limit,w_300,q_auto/igashop/images/716588"
Tic Tac Strawberry And Cream 24g,$2.30,$9.58/100g,https://www.igashop.com.au/static/default-product-image.png
Cottee's Jam Raspberry 375g,$3.50,$0.93/100g,"https://cdn.metcash.media/image/upload/f_auto,c_limit,w_300,q_auto/igashop/images/266575"
Only Organic Carrot Lentil & Cheddar 120g,$1.80,$1.50/100g,"https://cdn.metcash.media/image/upload/f_auto,c_limit,w_300,q_auto/igashop/images/354585"
Nescafe Blend 43 Smooth & Creamy 250g,$13.80,$5.52/100g,"https://cdn.metcash.media/image/upload/f_auto,c_limit,w_300,q_auto/igashop/images/20000002423"
SPC Diced Tropical Fruit Salad In Juice 452g,$4.70,$1.04/100g,"https://cdn.metcash.media/image/upload/f_auto,c_limit,w_300,q_auto/igashop/images/850594"
Redberry Body Bath Cleaner,$2.20,N/A,"https://cdn.metcash.media/image/upload/f_auto,c_limit,w_300,q_auto/igashop/images/742903"
Mother Energy Passion 500mL,$3.30,$0.66/100mL,"https://cdn.metcash.media/image/upload/f_auto,c_limit,w_300,q_auto/igashop/images/20000004885"
Cadbury Dairy Milk Egg 255g,$15.00,$5.88/100g,"https://cdn.metcash.media/image/upload/f_auto,c_limit,w_300,q_auto/igashop/images/1800000069025"
Remedy Kombucha Organic Sparkling Cherry Plum Can 250mL,$2.75,$1.10/100mL,"https://cdn.metcash.media/image/upload/f_auto,c_limit,w_300,q_auto/igashop/images/6505"
Carman's Protein Bars Variety Pack 360g,$12.90,$3.58/100g,"https://cdn.metcash.media/image/upload/f_auto,c_limit,w_300,q_auto/igashop/images/477040"
Ben & Jerry's Ice Cream Spectaculove 465mL,$14.50,$3.12/100mL,"https://cdn.metcash.media/image/upload/f_auto,c_limit,w_300,q_auto/igashop/images/699977"
Campbell's Country Ladle Soup Minestrone 495g,$3.00,$0.61/100g,"https://cdn.metcash.media/image/upload/f_auto,c_limit,w_300,q_auto/igashop/images/344941"
Pepsi Cola Soft Drink 1.25L,$1.75,$1.40/1L,"https://cdn.metcash.media/image/upload/f_auto,c_limit,w_300,q_auto/igashop/images/1800000067778"
Jon Jon Kisses Chocolate 150g,$5.10,$3.40/100g,"https://cdn.metcash.media/image/upload/f_auto,c_limit,w_300,q_auto/igashop/images/20000002113"
Kellogg's Sultana Bran With Cholesterol Lowering Plant Sterols 390g,$7.00,$1.79/100g,"https://cdn.metcash.media/image/upload/f_auto,c_limit,w_300,q_auto/igashop/images/827012"
Primo Thinly Sliced Roast Beef 80g,$3.00,$3.75/100g,"https://cdn.metcash.media/image/upload/f_auto,c_limit,w_300,q_auto/igashop/images/700074"
Palmolive Luminous Oils Coconut Oil & Frangipani Enriching Body Wash 400mL,$5.00,$1.25/100mL,"https://cdn.metcash.media/image/upload/f_auto,c_limit,w_300,q_auto/igashop/images/831299"
Mill Lane Sourdough Vienna Multigrain 680g,$8.00,$1.18/100g,"https://cdn.metcash.media/image/upload/f_auto,c_limit,w_300,q_auto/igashop/images/180000000693"
TRESemmé Shampoo Moisture Rich 900mL,$10.50,$1.17/100mL,"https://cdn.metcash.media/image/upload/f_auto,c_limit,w_300,q_auto/igashop/images/410849"
Korbond Christmas Cards Premium 12 Pack,$1.00,$0.08 each,"https://cdn.metcash.media/image/upload/f_auto,c_limit,w_300,q_auto/igashop/images/773881"
Don Cheddar Kransky 2 Pack,Final cost based on weight,$22.50/$11.25 each,"https://cdn.metcash.media/image/upload/f_auto,c_limit,w_300,q_auto/igashop/images/183332"
Wildly Good Original Kraut 500g,$6.00,$1.20/100g,"https://cdn.metcash.media/image/upload/f_auto,c_limit,w_300,q_auto/igashop/images/190000002471"
Perfect Italiano Mexican Style 450g,$7.50,$1.67/100g,"https://cdn.metcash.media/image/upload/f_auto,c_limit,w_300,q_auto/igashop/images/190000005275"
Air Wick Pure Aerosol Fresh Berries 159g,$8.00,$5.03/100g,"https://cdn.metcash.media/image/upload/f_auto,c_limit,w_300,q_auto/igashop/images/664561"
Schmackos Dog Treat Beef Bag 500g,$13.60,$2.72/100g,"https://cdn.metcash.media/image/upload/f_auto,c_limit,w_300,q_auto/igashop/images/56857"
Fancy Hank's Habanero & Carrot Hot Sauce 200mL,$9.00,$4.50/100mL,"https://cdn.metcash.media/image/upload/f_auto,c_limit,w_300,q_auto/igashop/images/160000013514"
Palmolive Dishwashing Power Spray Lemon 375mL,$8.00,$2.13/100mL,https://www.igashop.com.au/static/default-product-image.png
Huggies Little Swimmers Swimpants Large (14+kg) 10 Pack,$15.30,$1.53 each,"https://cdn.metcash.media/image/upload/f_auto,c_limit,w_300,q_auto/igashop/images/424351"
Foster Clark's Snak Pack Custard Pouch Chocolate 120g,$1.50,$1.25/100g,"https://cdn.metcash.media/image/upload/f_auto,c_limit,w_300,q_auto/igashop/images/865450"
Schwarzkopf Perfect Mousse 1-0 Black,$13.00,N/A,"https://cdn.metcash.media/image/upload/f_auto,c_limit,w_300,q_auto/igashop/images/66069"
My Dog Lamb Loaf Classics Wet Dog Food Tray 100g,$1.40,$1.40/100g,"https://cdn.metcash.media/image/upload/f_auto,c_limit,w_300,q_auto/igashop/images/14114"
Cadbury Old Gold Easter Bunny 150g,$10.00,$6.67/100g,"https://cdn.metcash.media/image/upload/f_auto,c_limit,w_300,q_auto/igashop/images/397973"
"Depend Real Fit For Women Underwear, Heavy Absorbency, Medium 8 Pack",$15.25,$1.91 each,"https://cdn.metcash.media/image/upload/f_auto,c_limit,w_300,q_auto/igashop/images/228771"
Mortein Naturgard Insecticides Indoor & Outdoor Multi Insect Auto Eucalyptus Refill 152g,$20.00,$13.16/100g,"https://cdn.metcash.media/image/upload/f_auto,c_limit,w_300,q_auto/igashop/images/305578"
Community Co Crinkle Cut Gherkin 500g,$3.00,$0.60/100g,"https://cdn.metcash.media/image/upload/f_auto,c_limit,w_300,q_auto/igashop/images/742398"
Youfoodz Slow Cooked Lamb with Loaded Mash 350g,$10.95,$3.13/100g,"https://cdn.metcash.media/image/upload/f_auto,c_limit,w_300,q_auto/igashop/images/23930"
Real Foods Corn Thins Original 150g,$1.50,$1.00/100g,"https://cdn.metcash.media/image/upload/f_auto,c_limit,w_300,q_auto/igashop/images/449482"
Bakers Collection White Christmas Pistachio & Cranberry Slice 230g,$7.95,$3.46/100g,"https://cdn.metcash.media/image/upload/f_auto,c_limit,w_300,q_auto/igashop/images/180000002087"
Borg's Puff Pastry Sheets 1.7kg,$9.49,$5.58/kg,"https://cdn.metcash.media/image/upload/f_auto,c_limit,w_300,q_auto/igashop/images/9311648000354"
Korbond Tape Measure,$2.80,N/A,"https://cdn.metcash.media/image/upload/f_auto,c_limit,w_300,q_auto/igashop/images/294528"
Pauls Regular Thickened Cream 300mL,$4.00,$1.33/100mL,"https://cdn.metcash.media/image/upload/f_auto,c_limit,w_300,q_auto/igashop/images/144333"
Sage 25g,$4.00,$16.00/100g,https://www.igashop.com.au/static/default-product-image.png
Yogo Chocolate & Choc Chip Dessert 150g,$2.90,$1.93/100g,"https://cdn.metcash.media/image/upload/f_auto,c_limit,w_300,q_auto/igashop/images/150000007686"
Chicken Tonight Simmer Sauce Cacciatore 500g,$3.50,$0.70/100g,"https://cdn.metcash.media/image/upload/f_auto,c_limit,w_300,q_auto/igashop/images/160000018203"
Mutti Tomato Sauce Original 268mL,$4.50,$1.68/100mL,"https://cdn.metcash.media/image/upload/f_auto,c_limit,w_300,q_auto/igashop/images/251266"
Mountain Dew Citrus Energised Soft Drink 1.25L,$3.50,$2.80/1L,"https://cdn.metcash.media/image/upload/f_auto,c_limit,w_300,q_auto/igashop/images/1800000067722"
On The Menu Pappardelle Ragu 260g,$4.50,$1.73/100g,"https://cdn.metcash.media/image/upload/f_auto,c_limit,w_300,q_auto/igashop/images/645596"
"Nature's Gift Casserole Lamb, Vegetable & Barley Wet Dog Food 700g",$1.95,$0.28/100g,"https://cdn.metcash.media/image/upload/f_auto,c_limit,w_300,q_auto/igashop/images/160000001355"
Amazon Power Frozen Acai Tub 1kg,$25.95,$25.95/kg,"https://cdn.metcash.media/image/upload/f_auto,c_limit,w_300,q_auto/igashop/images/20000005170"
Steggles Turkey Thigh Roast 1kg,$7.00,$7.00/kg,"https://cdn.metcash.media/image/upload/f_auto,c_limit,w_300,q_auto/igashop/images/188824"
Korbond Number 2 Birthday Candle,$1.60,N/A,"https://cdn.metcash.media/image/upload/f_auto,c_limit,w_300,q_auto/igashop/images/265980"
San Remo No. 18 Penne 500g,$2.95,$0.59/100g,"https://cdn.metcash.media/image/upload/f_auto,c_limit,w_300,q_auto/igashop/images/352588"
Mainland Tasty Cheddar Cheese 500g,$9.80,$1.96/100g,"https://cdn.metcash.media/image/upload/f_auto,c_limit,w_300,q_auto/igashop/images/144812"
Wokka Noodles Golden Hokkien Shelf Fresh 440g,$3.00,$0.68/100g,"https://cdn.metcash.media/image/upload/f_auto,c_limit,w_300,q_auto/igashop/images/491277"
Marbig Thumb Tacks 100 Pack,$2.65,$0.03 each,"https://cdn.metcash.media/image/upload/f_auto,c_limit,w_300,q_auto/igashop/images/204604"
Baked Provisions Steak & Mushroom Pie 440g,$8.50,$1.93/100g,https://www.igashop.com.au/static/default-product-image.png
Grinders Rich Espresso Coffee Beans 1kg,$32.00,$32.00/kg,"https://cdn.metcash.media/image/upload/f_auto,c_limit,w_300,q_auto/igashop/images/690355"
L'OR Artiste Vigoroso Instant Coffee 95g,$6.25,$6.58/100g,"https://cdn.metcash.media/image/upload/f_auto,c_limit,w_300,q_auto/igashop/images/180000002333"
Community Co Totally Bran 530g,$3.60,$0.68/100g,"https://cdn.metcash.media/image/upload/f_auto,c_limit,w_300,q_auto/igashop/images/331079"
Toscano Mini Waffles Traditional 200g,$5.40,$2.70/100g,https://www.igashop.com.au/static/default-product-image.png
Lavazza Ground Decaf Coffee 250g,$13.70,$5.48/100g,"https://cdn.metcash.media/image/upload/f_auto,c_limit,w_300,q_auto/igashop/images/20000003324"
Simson's Pantry Mini Pizza Base Premium Plain 240g,$4.50,$1.88/100g,"https://cdn.metcash.media/image/upload/f_auto,c_limit,w_300,q_auto/igashop/images/446285"
Trident Sauce Sweet Chilli 730mL,$5.50,$0.75/100mL,"https://cdn.metcash.media/image/upload/f_auto,c_limit,w_300,q_auto/igashop/images/180000002538"
Country Life Bakery Gluten Free & Dairy Free Grains & Seeds Sliced Bread 400g,$6.90,$1.73/100g,"https://cdn.metcash.media/image/upload/f_auto,c_limit,w_300,q_auto/igashop/images/379577"
Ceres Organics Brown Rice Crackers Salt & Vinegar 115g,$3.95,$3.43/100g,"https://cdn.metcash.media/image/upload/f_auto,c_limit,w_300,q_auto/igashop/images/20000001601"
Maybelline Instant Perfector Glow 4-In-1 Foundation Light 20mL,$35.00,$175.00/100mL,https://www.igashop.com.au/static/default-product-image.png
Gourmet Garden Paste Basil 80g,$4.50,$5.63/100g,"https://cdn.metcash.media/image/upload/f_auto,c_limit,w_300,q_auto/igashop/images/20000004247"
Pantene Pro-V Colour Therapy Shampoo 900mL,$20.00,$2.22/100mL,"https://cdn.metcash.media/image/upload/f_auto,c_limit,w_300,q_auto/igashop/images/411675"
Catsan Cat Litter Ultra 3.5kg,$13.45,$3.84/kg,"https://cdn.metcash.media/image/upload/f_auto,c_limit,w_300,q_auto/igashop/images/50241"
"Viva Paper Towel, Double Length Multi-Use 4 Pack",$10.50,$2.63 each,"https://cdn.metcash.media/image/upload/f_auto,c_limit,w_300,q_auto/igashop/images/343814"
Peppercorn Beef Sausages Extra Lean 450g,$11.50,$2.56/100g,"https://cdn.metcash.media/image/upload/f_auto,c_limit,w_300,q_auto/igashop/images/992715"
Four 'N Twenty Pies Party 12 Pack,$7.50,$0.62 each,"https://cdn.metcash.media/image/upload/f_auto,c_limit,w_300,q_auto/igashop/images/132695"
Obela Hommus Beetroot 220g,$4.90,$2.23/100g,"https://cdn.metcash.media/image/upload/f_auto,c_limit,w_300,q_auto/igashop/images/446565"
Comfort Rainforest Fresh Fabric Conditioner 900mL,$10.00,$1.11/100mL,"https://cdn.metcash.media/image/upload/f_auto,c_limit,w_300,q_auto/igashop/images/20000004989"
Wimmers Classic Creaming Soda 1.25L,$3.90,$3.12/1L,"https://cdn.metcash.media/image/upload/f_auto,c_limit,w_300,q_auto/igashop/images/190000004548"
Youfoodz Fuel'd Peanut Butter High Protein Bite 58g,$4.00,$6.90/100g,"https://cdn.metcash.media/image/upload/f_auto,c_limit,w_300,q_auto/igashop/images/665876"
Dettol Healthy Touch Liquid Antibacterial Instant Hand Sanitiser 50mL,$4.00,$8.00/100mL,"https://cdn.metcash.media/image/upload/f_auto,c_limit,w_300,q_auto/igashop/images/170000003459"
Cadbury Biscuit Clusters Crunchy Peanut 120g,$3.00,$2.50/100g,"https://cdn.metcash.media/image/upload/f_auto,c_limit,w_300,q_auto/igashop/images/180000005587"
Method All Purpose Cleaner Pink Grapefruit 490mL,$5.00,$1.02/100mL,"https://cdn.metcash.media/image/upload/f_auto,c_limit,w_300,q_auto/igashop/images/726224"
M&M's Brownie Pouch 130g,$7.00,$5.38/100g,"https://cdn.metcash.media/image/upload/f_auto,c_limit,w_300,q_auto/igashop/images/485823"
Maleny Dairies Lactose Free Full Cream Milk 2L,$6.30,$3.15/1L,"https://cdn.metcash.media/image/upload/f_auto,c_limit,w_300,q_auto/igashop/images/20000007019"
Multix Bake 20m x 30cm,$6.20,N/A,"https://cdn.metcash.media/image/upload/f_auto,c_limit,w_300,q_auto/igashop/images/340094"
Edgell Chick Pea Olive Oil Garlic & Rosemary 70g,$1.60,$2.29/100g,"https://cdn.metcash.media/image/upload/f_auto,c_limit,w_300,q_auto/igashop/images/126623"
Dairy Farmers Thick & Creamy Yoghurt Strawberry 4 Pack,$4.50,$1.13 each,"https://cdn.metcash.media/image/upload/f_auto,c_limit,w_300,q_auto/igashop/images/34091"
Dairy Farmers Pour Custard 1kg,$5.20,$5.20/kg,"https://cdn.metcash.media/image/upload/f_auto,c_limit,w_300,q_auto/igashop/images/183620"
Whiskas So Meaty Wet Cat Food Meat Cuts In Gravy 24 Pack,$23.00,$0.96 each,"https://cdn.metcash.media/image/upload/f_auto,c_limit,w_300,q_auto/igashop/images/150000006398"
Grants OF AUSTRALIA Toothpaste Mild Mint 110g,$4.50,$4.09/100g,"https://cdn.metcash.media/image/upload/f_auto,c_limit,w_300,q_auto/igashop/images/20000001776"
Pink Lady Apples Prepack 1kg,$10.95,N/A,"https://cdn.metcash.media/image/upload/f_auto,c_limit,w_300,q_auto/igashop/images/80050124"
Live Well Defence+ Vit C 20 Pack,$8.50,$0.43 each,"https://cdn.metcash.media/image/upload/f_auto,c_limit,w_300,q_auto/igashop/images/549787"
Uncle Tobys Oats Quick Sachets Breakfast Cereal Banana Honey Big Bowl 8 Pack,$5.50,$0.69 each,"https://cdn.metcash.media/image/upload/f_auto,c_limit,w_300,q_auto/igashop/images/200333"
Earthwise Orange & Eucalyptus Laundry Liquid 2L,$20.00,$10.00/1L,"https://cdn.metcash.media/image/upload/f_auto,c_limit,w_300,q_auto/igashop/images/180000003396"
Live Well Revive + Vit B 20 Pack,$8.50,$0.43 each,"https://cdn.metcash.media/image/upload/f_auto,c_limit,w_300,q_auto/igashop/images/565238"
Sunbites Grain Waves Wholegrain Chips Sea Salt 170g,$3.75,$2.21/100g,"https://cdn.metcash.media/image/upload/f_auto,c_limit,w_300,q_auto/igashop/images/170541"
Pilpel Hummus Chilli Lemon 350g,$7.00,$2.00/100g,"https://cdn.metcash.media/image/upload/f_auto,c_limit,w_300,q_auto/igashop/images/5197"
Uncle Tobys Oats Quick Porridge 500g,$4.50,$0.90/100g,"https://cdn.metcash.media/image/upload/f_auto,c_limit,w_300,q_auto/igashop/images/71865"
Pantene Pro-V Colour Therapy Conditioner 900mL,$20.00,$2.22/100mL,"https://cdn.metcash.media/image/upload/f_auto,c_limit,w_300,q_auto/igashop/images/411722"
Jack Hammer Extension Lead 10m,$24.40,N/A,"https://cdn.metcash.media/image/upload/f_auto,c_limit,w_300,q_auto/igashop/images/271033"
Pepsi Light Caffeine Free Bottle 1.25L,$3.50,$2.80/1L,"https://cdn.metcash.media/image/upload/f_auto,c_limit,w_300,q_auto/igashop/images/54229"
Schick Hydro 5 Razor Refill 4 Pack,$26.00,$6.50 each,"https://cdn.metcash.media/image/upload/f_auto,c_limit,w_300,q_auto/igashop/images/594999"
Colgate Total Mint Stripe Antibacterial Gel Toothpaste 115g,$4.00,$3.48/100g,"https://cdn.metcash.media/image/upload/f_auto,c_limit,w_300,q_auto/igashop/images/75270"
Air Wick Air Freshener Spray Sparkling Citrus 237g,$3.50,$1.48/100g,"https://cdn.metcash.media/image/upload/f_auto,c_limit,w_300,q_auto/igashop/images/318872"
Nature's Own Vitamin B3 500mg Tablets 60 Pack,$10.90,$0.18 each,"https://cdn.metcash.media/image/upload/f_auto,c_limit,w_300,q_auto/igashop/images/462100"
Whiskas Mature Wet Cat Food Beef Casserole 400g,$2.10,$0.53/100g,"https://cdn.metcash.media/image/upload/f_auto,c_limit,w_300,q_auto/igashop/images/683450"
Local Kitchen Creamy Pasta Salad 800g,$7.50,$0.94/100g,https://www.igashop.com.au/static/default-product-image.png
Kenilworth Lemon Myrtle & Macadamia Club Cheddar 165g,$6.00,$3.64/100g,"https://cdn.metcash.media/image/upload/f_auto,c_limit,w_300,q_auto/igashop/images/20000006434"
Rafferty's Garden Strawberry & Vanilla No Added Sugar Custard 120g,$2.15,$1.79/100g,"https://cdn.metcash.media/image/upload/f_auto,c_limit,w_300,q_auto/igashop/images/288569"
The Bar Counter High Protein Dark Chocolate Almond 40g,$4.00,$10.00/100g,"https://cdn.metcash.media/image/upload/f_auto,c_limit,w_300,q_auto/igashop/images/321480"
Nobby's Salted Mixed Nuts 150g,$4.90,$3.27/100g,"https://cdn.metcash.media/image/upload/f_auto,c_limit,w_300,q_auto/igashop/images/351100"
Impressed Juice Jack Rose 1L,$5.50,$5.50/1L,https://www.igashop.com.au/static/default-product-image.png
Continental Cup A Soup Asian Laksa 2 Pack,$2.80,$1.40 each,"https://cdn.metcash.media/image/upload/f_auto,c_limit,w_300,q_auto/igashop/images/912964"
Cadbury Christmas Chocolate Mint & Berry Bites 300g,$13.00,$4.33/100g,"https://cdn.metcash.media/image/upload/f_auto,c_limit,w_300,q_auto/igashop/images/540982"
Toblerone Pralines Christmas 45g,$3.00,$6.67/100g,https://www.igashop.com.au/static/default-product-image.png
OAK Chocolate Lactose Free Flavoured Milk 600mL,$4.20,$7.00/1L,"https://cdn.metcash.media/image/upload/f_auto,c_limit,w_300,q_auto/igashop/images/261567"
Ardmona Apricot Nectar Fruit Drink 405mL,$2.00,$0.49/100mL,"https://cdn.metcash.media/image/upload/f_auto,c_limit,w_300,q_auto/igashop/images/863217"
Montville Coffee Organic Sunshine Coast Blend Beans 250g,$18.50,$7.40/100g,"https://cdn.metcash.media/image/upload/f_auto,c_limit,w_300,q_auto/igashop/images/190000004045"
Heinz Soup Of The Day Tomato Vegetable And Lentil 430g,$4.50,$1.05/100g,"https://cdn.metcash.media/image/upload/f_auto,c_limit,w_300,q_auto/igashop/images/380594"
Paxo Stuffing Sage & Onion 170g,$5.00,$2.94/100g,"https://cdn.metcash.media/image/upload/f_auto,c_limit,w_300,q_auto/igashop/images/190000002250"
"Farmer Jo Gluten Free Paleo Muesli Nuts, Seeds and Coconut 300g",$9.50,$3.17/100g,"https://cdn.metcash.media/image/upload/f_auto,c_limit,w_300,q_auto/igashop/images/8706"
Edgell Instant Potato Mash 100g,$1.80,$1.80/100g,"https://cdn.metcash.media/image/upload/f_auto,c_limit,w_300,q_auto/igashop/images/413415"
Normandie Pate Chicken With Cointreau 150g,$5.60,$3.73/100g,"https://cdn.metcash.media/image/upload/f_auto,c_limit,w_300,q_auto/igashop/images/179176"
Peters Light & Creamy Raspberry Ripple Ice Cream 1.8L,$6.50,$3.61/1L,"https://cdn.metcash.media/image/upload/f_auto,c_limit,w_300,q_auto/igashop/images/103502"
Greenseas Tuna Chunks in Springwater 95g,$1.70,$1.79/100g,"https://cdn.metcash.media/image/upload/f_auto,c_limit,w_300,q_auto/igashop/images/390829"
Helga's Traditional Sourdough Loaf 650g,$5.20,$0.80/100g,"https://cdn.metcash.media/image/upload/f_auto,c_limit,w_300,q_auto/igashop/images/499814"
Moccona Freeze Dried Instant Coffee Espresso Style 200g,$23.60,$11.80/100g,"https://cdn.metcash.media/image/upload/f_auto,c_limit,w_300,q_auto/igashop/images/36810"
Nestlé Chokito Choc Bites 110g,$4.50,$4.09/100g,"https://cdn.metcash.media/image/upload/f_auto,c_limit,w_300,q_auto/igashop/images/150648"
Global Seafoods Whole Mussels Frozen 1kg,$10.20,$10.20/kg,"https://cdn.metcash.media/image/upload/f_auto,c_limit,w_300,q_auto/igashop/images/20000002302"
Gravox Liquid Roast Pork Gravy 165g,$3.50,$2.12/100g,"https://cdn.metcash.media/image/upload/f_auto,c_limit,w_300,q_auto/igashop/images/359970"
Heinz Baked Beans Tomato Sauce 555g,$3.00,$0.54/100g,"https://cdn.metcash.media/image/upload/f_auto,c_limit,w_300,q_auto/igashop/images/898903"
Primo Sous Vide Napoli Beef Meatballs 2kg,$34.40,$17.20/kg,https://www.igashop.com.au/static/default-product-image.png
Creative Gourmet Frozen Banana Chunks 500g,$4.00,$0.80/100g,"https://cdn.metcash.media/image/upload/f_auto,c_limit,w_300,q_auto/igashop/images/770388"
Maybelline Superstay Vinyl Ink Liquid Lipstick Lippy 4.2mL,$27.00,$642.86/100mL,"https://cdn.metcash.media/image/upload/f_auto,c_limit,w_300,q_auto/igashop/images/349239"
Extra Intense Mint 27g,$2.50,$9.26/100g,"https://cdn.metcash.media/image/upload/f_auto,c_limit,w_300,q_auto/igashop/images/495970"
Heinz Baked Beans Tomato Sauce 130g,$1.80,$1.38/100g,"https://cdn.metcash.media/image/upload/f_auto,c_limit,w_300,q_auto/igashop/images/20898"
Dairy Farmers Chocolate Milk 2L,$6.30,$3.15/1L,"https://cdn.metcash.media/image/upload/f_auto,c_limit,w_300,q_auto/igashop/images/330617"
Lemnos Fetta Danish Style 2kg,$21.85,$10.93/kg,https://www.igashop.com.au/static/default-product-image.png
Campbell's Bone Broth Chicken 500mL,$7.00,$1.40/100mL,"https://cdn.metcash.media/image/upload/f_auto,c_limit,w_300,q_auto/igashop/images/237539"
Nurofen Pain and Inflammation Relief Caplets 200mg Ibuprofen 12 Pack,$5.00,$0.42 each,"https://cdn.metcash.media/image/upload/f_auto,c_limit,w_300,q_auto/igashop/images/76815"
Lo Bros Kombucha Organic Raspberry & Lemon 4 Pack,$7.30,$1.83 each,"https://cdn.metcash.media/image/upload/f_auto,c_limit,w_300,q_auto/igashop/images/180000000101"
Queensland Yoghurt Apple & Cinnamon Yoghurt 300g,$4.00,$1.33/100g,"https://cdn.metcash.media/image/upload/f_auto,c_limit,w_300,q_auto/igashop/images/190000004134"
Lindt Excellence Supreme Dark Chocolate 90% Cocoa Block 100g,$8.50,$8.50/100g,"https://cdn.metcash.media/image/upload/f_auto,c_limit,w_300,q_auto/igashop/images/190000004569"
Dollar Sweets 100s & 1000s 190g,$2.50,$1.32/100g,"https://cdn.metcash.media/image/upload/f_auto,c_limit,w_300,q_auto/igashop/images/312148"
YoPRO Banana Protein Yoghurt 160g,$3.20,$2.00/100g,"https://cdn.metcash.media/image/upload/f_auto,c_limit,w_300,q_auto/igashop/images/697352"
Dan Cake Ginger Cut Cake & Icing 350g,$5.80,$1.66/100g,"https://cdn.metcash.media/image/upload/f_auto,c_limit,w_300,q_auto/igashop/images/20000000281"
TRESemmé Shampoo Cleanse Replenish 940mL,$9.25,$0.98/100mL,"https://cdn.metcash.media/image/upload/f_auto,c_limit,w_300,q_auto/igashop/images/509148"
Gold Max Soft White Sandwich Bread 700g,$2.70,$0.39/100g,"https://cdn.metcash.media/image/upload/f_auto,c_limit,w_300,q_auto/igashop/images/160000018107"
Cetaphil Daily Face Moisturiser 118mL,$21.60,$18.31/100mL,"https://cdn.metcash.media/image/upload/f_auto,c_limit,w_300,q_auto/igashop/images/173188"
Brubecks Boutique Foods Pizza Milano 475g,$16.95,$3.57/100g,https://www.igashop.com.au/static/default-product-image.png
Gillette Sensor Excel Comfort Blades Refills 5 Pack,$19.80,$3.96 each,"https://cdn.metcash.media/image/upload/f_auto,c_limit,w_300,q_auto/igashop/images/438106"
Hans Latvian Liverwurst 250g,$5.60,$2.24/100g,"https://cdn.metcash.media/image/upload/f_auto,c_limit,w_300,q_auto/igashop/images/1800000070773"
Hans Salami Hungarian Hot Sliced 1kg,$38.00,$38.00/kg,"https://cdn.metcash.media/image/upload/f_auto,c_limit,w_300,q_auto/igashop/images/115211"
Nestle Milkybar Gingerbread Smash 44g,$0.50,$1.14/100g,https://www.igashop.com.au/static/default-product-image.png
Lynx Collision Leather & Cookies Deodorant Bodyspray 165mL,$4.00,$2.42/100mL,"https://cdn.metcash.media/image/upload/f_auto,c_limit,w_300,q_auto/igashop/images/749612"
Ferrero Rocher 28 Piece Cone 350g,$28.00,$8.00/100g,"https://cdn.metcash.media/image/upload/f_auto,c_limit,w_300,q_auto/igashop/images/492744"
Schar Gluten Free Ciabattine Rustiche 200g,$11.95,$5.98/100g,"https://cdn.metcash.media/image/upload/f_auto,c_limit,w_300,q_auto/igashop/images/20000000412"
Easy Eats Chipotle Chicken Burrito Bowl 350g,$9.00,$2.57/100g,https://www.igashop.com.au/static/default-product-image.png
Praise Dressing Mini Caesar 140mL,$2.25,$1.61/100mL,"https://cdn.metcash.media/image/upload/f_auto,c_limit,w_300,q_auto/igashop/images/368911"
Carman's Clusters Gourmet Cereal Honey Roasted Nut 450g,$9.50,$2.11/100g,"https://cdn.metcash.media/image/upload/f_auto,c_limit,w_300,q_auto/igashop/images/411049"
Post-It Sticky Notes 3 Pack,$6.00,$2.00 each,"https://cdn.metcash.media/image/upload/f_auto,c_limit,w_300,q_auto/igashop/images/236923"
Darlac Tool Pro Left Handed Pruner,$17.95,N/A,"https://cdn.metcash.media/image/upload/f_auto,c_limit,w_300,q_auto/igashop/images/874679"
Primo Reserve Pulled Pork 130g,$6.00,$4.62/100g,https://www.igashop.com.au/static/default-product-image.png
Purina Friskies Indoor Delights Cat Food 2.5kg,$13.90,$5.56/kg,"https://cdn.metcash.media/image/upload/f_auto,c_limit,w_300,q_auto/igashop/images/24127"
Leggo's Tomato Paste Regular 2 Pack,$3.50,$1.75 each,"https://cdn.metcash.media/image/upload/f_auto,c_limit,w_300,q_auto/igashop/images/469482"
Bakers Oven English Muffin 6 Pack,$3.75,$0.63 each,"https://cdn.metcash.media/image/upload/f_auto,c_limit,w_300,q_auto/igashop/images/577735"
Mutti Pasta Sauce Rossoro Tomatoes & Genovese Basil 400g,$5.70,$1.43/100g,"https://cdn.metcash.media/image/upload/f_auto,c_limit,w_300,q_auto/igashop/images/586713"
Thins Multipack Classic Original Chips 6 Pack,$3.50,$0.58 each,"https://cdn.metcash.media/image/upload/f_auto,c_limit,w_300,q_auto/igashop/images/77316"
Dari's Creamy Mushroom Soup 550g,$7.50,$1.36/100g,https://www.igashop.com.au/static/default-product-image.png
Beech Iron Dustpan Set,$12.00,N/A,https://www.igashop.com.au/static/default-product-image.png
Optimum Kitten Dry Cat Food Chicken 800g,$12.50,$1.56/100g,"https://cdn.metcash.media/image/upload/f_auto,c_limit,w_300,q_auto/igashop/images/437477_1"
Ingham's Original Tenders 1kg,$11.50,$11.50/kg,"https://cdn.metcash.media/image/upload/f_auto,c_limit,w_300,q_auto/igashop/images/705053"
McCain Pizza Slice Cheese & Bacon 600g,$9.80,$1.63/100g,"https://cdn.metcash.media/image/upload/f_auto,c_limit,w_300,q_auto/igashop/images/154891"
Bundaberg Brewed Pineapple Coconut 375mL,$3.75,$1.00/100mL,"https://cdn.metcash.media/image/upload/f_auto,c_limit,w_300,q_auto/igashop/images/410420"
Schmackos Tasty Bites Dog Treat Chewy Slices Beef 155g,$5.00,$3.23/100g,"https://cdn.metcash.media/image/upload/f_auto,c_limit,w_300,q_auto/igashop/images/846647"
Edgell Super Sweet Corn Kernels 420g,$2.20,$0.52/100g,"https://cdn.metcash.media/image/upload/f_auto,c_limit,w_300,q_auto/igashop/images/429864"
Schmackos Strapz Puppy Chicken Milk 200g,$6.40,$3.20/100g,"https://cdn.metcash.media/image/upload/f_auto,c_limit,w_300,q_auto/igashop/images/695716"
Unicorn Triple Cream Brie Cheese 125g,$5.80,$4.64/100g,"https://cdn.metcash.media/image/upload/f_auto,c_limit,w_300,q_auto/igashop/images/176791"
Palmolive Foaming Liquid Hand Wash Soap Japanese Cherry Blossom 500mL,$4.00,$0.80/100mL,"https://cdn.metcash.media/image/upload/f_auto,c_limit,w_300,q_auto/igashop/images/632404"
Coopers Light Malt 500g,$10.35,$2.07/100g,https://www.igashop.com.au/static/default-product-image.png
Wonder White + Vitamins & Minerals Toast 700g,$4.50,$0.64/100g,"https://cdn.metcash.media/image/upload/f_auto,c_limit,w_300,q_auto/igashop/images/810549"
Cornwells Apple Cider Vinegar 2L,$7.00,$3.50/1L,"https://cdn.metcash.media/image/upload/f_auto,c_limit,w_300,q_auto/igashop/images/418229"
Saxa Cooking Salt 1kg,$2.60,$2.60/kg,"https://cdn.metcash.media/image/upload/f_auto,c_limit,w_300,q_auto/igashop/images/40759"
Allen's Confectionery Christmas Holly Lollies 190g,$1.50,$0.79/100g,"https://cdn.metcash.media/image/upload/f_auto,c_limit,w_300,q_auto/igashop/images/180000005905"
Air Wick Pure Air Freshener Le Spring Delight Prime 19mL,$14.00,$73.68/100mL,"https://cdn.metcash.media/image/upload/f_auto,c_limit,w_300,q_auto/igashop/images/643688"
Glade Clean Linen Aerosol 200g,$4.00,$2.00/100g,"https://cdn.metcash.media/image/upload/f_auto,c_limit,w_300,q_auto/igashop/images/609503"
Fountain Hot Chilli Sauce 250mL,$3.40,$1.36/100mL,"https://cdn.metcash.media/image/upload/f_auto,c_limit,w_300,q_auto/igashop/images/615685"
Windex Glass Cleaner Trigger Crystal Rain 500mL,$5.50,$1.10/100mL,"https://cdn.metcash.media/image/upload/f_auto,c_limit,w_300,q_auto/igashop/images/341278"
Mungalli Creek Banana Choc-Chip Ice Cream 475mL,$11.95,$2.52/100mL,"https://cdn.metcash.media/image/upload/f_auto,c_limit,w_300,q_auto/igashop/images/20000006483"
Hamper Beef Corned Lite 340g,$7.00,$2.06/100g,"https://cdn.metcash.media/image/upload/f_auto,c_limit,w_300,q_auto/igashop/images/334425"
Bulla Ice Cream Chocolate 2L,$5.00,$2.50/1L,"https://cdn.metcash.media/image/upload/f_auto,c_limit,w_300,q_auto/igashop/images/122886"
Global Seafoods Smoked Cod Fillets 500g,$13.50,$2.70/100g,"https://cdn.metcash.media/image/upload/f_auto,c_limit,w_300,q_auto/igashop/images/180000000627"
Pancetta Mild 1kg,Final cost based on weight,$59.95/$59.95,"https://cdn.metcash.media/image/upload/f_auto,c_limit,w_300,q_auto/igashop/images/80072012"
Rockstar Punched Energy & Guava Drink 500mL,$2.75,$0.55/100mL,"https://cdn.metcash.media/image/upload/f_auto,c_limit,w_300,q_auto/igashop/images/16925"
OMO Active Clean Laundry Liquid Detergent Front & Top Loader 2L,$14.00,$7.00/1L,"https://cdn.metcash.media/image/upload/f_auto,c_limit,w_300,q_auto/igashop/images/624794"
Brookfarm Natural Macadamia Muesli with Cranberry 500g,$13.95,$2.79/100g,"https://cdn.metcash.media/image/upload/f_auto,c_limit,w_300,q_auto/igashop/images/190000004258"
Pedigree Dentastix Chewy Chunx Mini 68g,$4.40,$6.47/100g,https://www.igashop.com.au/static/default-product-image.png
Scotch-Brite Thick Handy Sponge 3 Pack,$5.65,$1.88 each,"https://cdn.metcash.media/image/upload/f_auto,c_limit,w_300,q_auto/igashop/images/449644"
Arnott's Tee Vee Snacks Original 175g,$2.75,$1.57/100g,"https://cdn.metcash.media/image/upload/f_auto,c_limit,w_300,q_auto/igashop/images/994851"
Pantene Pro-V Classic Clean Shampoo 900mL,$10.00,$1.11/100mL,"https://cdn.metcash.media/image/upload/f_auto,c_limit,w_300,q_auto/igashop/images/343262"
Finish Dishwasher Cleaner Liquid Lemon 2 Pack,$15.00,$7.50 each,"https://cdn.metcash.media/image/upload/f_auto,c_limit,w_300,q_auto/igashop/images/617593"
Surf Laundry Powder Tropical 1kg,$7.70,$7.70/kg,"https://cdn.metcash.media/image/upload/f_auto,c_limit,w_300,q_auto/igashop/images/160000004759"
Vitasoy Rice Milk 1L,$3.30,$3.30/1L,https://www.igashop.com.au/static/default-product-image.png
John West Tempters Tuna Oven Dried Tomato Basil 95g,$2.90,$3.05/100g,"https://cdn.metcash.media/image/upload/f_auto,c_limit,w_300,q_auto/igashop/images/607064"
Baxters Classic Tomato Chutney 225g,$4.50,$2.00/100g,"https://cdn.metcash.media/image/upload/f_auto,c_limit,w_300,q_auto/igashop/images/931934"
Wow 360 Drinking Cup,$13.00,N/A,"https://cdn.metcash.media/image/upload/f_auto,c_limit,w_300,q_auto/igashop/images/635415"
Gravox Chicken Gravy Mix Tin 120g,$5.00,$4.17/100g,"https://cdn.metcash.media/image/upload/f_auto,c_limit,w_300,q_auto/igashop/images/323018"
Whitting's Date & Apricot Loaf 460g,$7.90,$1.72/100g,"https://cdn.metcash.media/image/upload/f_auto,c_limit,w_300,q_auto/igashop/images/190000002009"
Suimin Noodles with Massaman Curry 110g,$2.65,$2.41/100g,"https://cdn.metcash.media/image/upload/f_auto,c_limit,w_300,q_auto/igashop/images/392266"
Dettol Antibacterial Liquid Hand Wash Pump Vanilla and Orchid 250mL,$2.80,$1.12/100mL,"https://cdn.metcash.media/image/upload/f_auto,c_limit,w_300,q_auto/igashop/images/1800000071185"
Lo Bros Organic Kombucha Ginger Beer Cans 4 Pack,$8.75,$2.19 each,"https://cdn.metcash.media/image/upload/f_auto,c_limit,w_300,q_auto/igashop/images/180000000110"
Wallaby Nutty Bites Vanilla 130g,$7.50,$5.77/100g,"https://cdn.metcash.media/image/upload/f_auto,c_limit,w_300,q_auto/igashop/images/160000017798"
Buderim Lemon & Lime Bitters Cordial 750mL,$5.95,$0.79/100mL,"https://cdn.metcash.media/image/upload/f_auto,c_limit,w_300,q_auto/igashop/images/8636"
Elvive Colour Protect Purple Conditioner 150mL,$11.00,$7.33/100mL,"https://cdn.metcash.media/image/upload/f_auto,c_limit,w_300,q_auto/igashop/images/528260"
Arnott's Tiny Teddy Hundreds & Thousands 8 Pack,$4.00,$0.50 each,"https://cdn.metcash.media/image/upload/f_auto,c_limit,w_300,q_auto/igashop/images/839572"
Thomas Prawn Meat Raw 500g,$21.40,$4.28/100g,"https://cdn.metcash.media/image/upload/f_auto,c_limit,w_300,q_auto/igashop/images/180000001678"
Barilla Fusilli Pasta No 98 500g,$3.00,$0.60/100g,"https://cdn.metcash.media/image/upload/f_auto,c_limit,w_300,q_auto/igashop/images/23414"
Ben's Original Golden Vegetable Microwave Rice Pouch 250g,$4.70,$1.88/100g,"https://cdn.metcash.media/image/upload/f_auto,c_limit,w_300,q_auto/igashop/images/190000005248"
Wimmers Lemon Lime Bitters 1.25L,$3.90,$3.12/1L,"https://cdn.metcash.media/image/upload/f_auto,c_limit,w_300,q_auto/igashop/images/_190000004552_"
Nestlé Cerelac Oats & Wheat with Prune Baby Cereal Stage 2 200g,$6.70,$3.35/100g,"https://cdn.metcash.media/image/upload/f_auto,c_limit,w_300,q_auto/igashop/images/190000000480"
Blue Wave Tempura Fish Cocktail 1kg,$19.00,$19.00/kg,https://www.igashop.com.au/static/default-product-image.png
La Zuppa Minestrone Soup 500g,$5.50,$1.10/100g,"https://cdn.metcash.media/image/upload/f_auto,c_limit,w_300,q_auto/igashop/images/201156"
Global Seafoods Australian Squid Rings 250g,$13.75,$5.50/100g,https://www.igashop.com.au/static/default-product-image.png
Vittoria Decaf Nespresso Compatible Coffee Capsules 10 Pack,$6.00,$0.60 each,"https://cdn.metcash.media/image/upload/f_auto,c_limit,w_300,q_auto/igashop/images/160000014194"
Steggles Crumbed Chicken Dino Snacks Tempura 1kg,$13.50,$13.50/kg,"https://cdn.metcash.media/image/upload/f_auto,c_limit,w_300,q_auto/igashop/images/145313"
Quorn Crunchy Chicken Fillet Burger Vegan 190g,$7.50,$3.95/100g,https://www.igashop.com.au/static/default-product-image.png
My Muscle Chef Spinach & Ricotta Ravioli In Pumpkin Sauce 340g,$11.95,$3.51/100g,"https://cdn.metcash.media/image/upload/f_auto,c_limit,w_300,q_auto/igashop/images/150000007562"
Bulla Creamy Australian Style Yoghurt Mango 160g,$1.90,$1.19/100g,"https://cdn.metcash.media/image/upload/f_auto,c_limit,w_300,q_auto/igashop/images/674388"
Youfoodz Fuel'd Vanilla Berry Crunch High Protein Cookie 100g,$5.50,$5.50/100g,"https://cdn.metcash.media/image/upload/f_auto,c_limit,w_300,q_auto/igashop/images/665884"
YoPRO High Protein Vanilla Pouch Yoghurt 150g,$3.20,$2.13/100g,"https://cdn.metcash.media/image/upload/f_auto,c_limit,w_300,q_auto/igashop/images/160000012134"
Kinder Tronky 90g,$5.00,$5.56/100g,"https://cdn.metcash.media/image/upload/f_auto,c_limit,w_300,q_auto/igashop/images/132297"
Schwarzkopf Brilliance 49 Dark Red Violet,$22.00,N/A,"https://cdn.metcash.media/image/upload/f_auto,c_limit,w_300,q_auto/igashop/images/245456"
Earth Choice Dishwashing Liquid Red Apple 500mL,$2.50,$0.50/100mL,"https://cdn.metcash.media/image/upload/f_auto,c_limit,w_300,q_auto/igashop/images/932469"
Vitasoy Almond Milk Unsweetened 1L,$2.00,$2.00/1L,"https://cdn.metcash.media/image/upload/f_auto,c_limit,w_300,q_auto/igashop/images/433342"
Smith's Crinkle Cut Chicken Potato Chips 170g,$3.75,$2.21/100g,"https://cdn.metcash.media/image/upload/f_auto,c_limit,w_300,q_auto/igashop/images/299081"
Nestlé Quality Street 500g,$15.00,$3.00/100g,https://www.igashop.com.au/static/default-product-image.png
Creative Gourmet Frozen Blueberries 900g,$10.30,$1.14/100g,"https://cdn.metcash.media/image/upload/f_auto,c_limit,w_300,q_auto/igashop/images/672179"
Maybelline Lash Sensational Sky High Waterproof,$26.00,N/A,"https://cdn.metcash.media/image/upload/f_auto,c_limit,w_300,q_auto/igashop/images/967443"
Nutella Portion Pack 12 Pack,$5.70,$0.47 each,"https://cdn.metcash.media/image/upload/f_auto,c_limit,w_300,q_auto/igashop/images/240862"
Schwarzkopf Extra Care Colour Perfector Protecting Conditioner 400mL,$5.00,$1.25/100mL,"https://cdn.metcash.media/image/upload/f_auto,c_limit,w_300,q_auto/igashop/images/160000010271"
The Juice Lab Wellness Shot Focus 60mL,$2.50,$4.17/100mL,"https://cdn.metcash.media/image/upload/f_auto,c_limit,w_300,q_auto/igashop/images/180000005877"
Steggles Chicken Breast Tenders Sweet Chilli 400g,$6.50,$1.63/100g,"https://cdn.metcash.media/image/upload/f_auto,c_limit,w_300,q_auto/igashop/images/54134"
Norco Real Triple Shot 750mL,$4.60,$0.61/100mL,"https://cdn.metcash.media/image/upload/f_auto,c_limit,w_300,q_auto/igashop/images/190000003914"
L'Oreal Mex Colour Dark Brown,$17.00,N/A,"https://cdn.metcash.media/image/upload/f_auto,c_limit,w_300,q_auto/igashop/images/587905"
Black & Gold Scrubber Mesh 3 Pack,$2.80,$0.93 each,"https://cdn.metcash.media/image/upload/f_auto,c_limit,w_300,q_auto/igashop/images/653620"
Cadbury Roses 225g,$7.00,$3.11/100g,"https://cdn.metcash.media/image/upload/f_auto,c_limit,w_300,q_auto/igashop/images/180000004513"
Community Co Tuna Yellowfin Springwater 95g,$1.40,$1.47/100g,"https://cdn.metcash.media/image/upload/f_auto,c_limit,w_300,q_auto/igashop/images/20000006666"
Dove Nutritive Solutions Shampoo Colour Radiance 320mL,$7.70,$2.41/100mL,"https://cdn.metcash.media/image/upload/f_auto,c_limit,w_300,q_auto/igashop/images/244578"
Perfect Italiano Cheese Perfect Pizza Lactose Free Grated 150g,$4.00,$2.67/100g,https://www.igashop.com.au/static/default-product-image.png
Aussie Bodies Crunch Blueberry 33g,$3.00,$9.09/100g,"https://cdn.metcash.media/image/upload/f_auto,c_limit,w_300,q_auto/igashop/images/587890"
Nutrimate Beef 'n' Rice with Vegetables 1kg,$4.10,$4.10/kg,"https://cdn.metcash.media/image/upload/f_auto,c_limit,w_300,q_auto/igashop/images/281384"
Majans Bhuja Beer Mix 160g,$4.50,$2.81/100g,"https://cdn.metcash.media/image/upload/f_auto,c_limit,w_300,q_auto/igashop/images/594703"
Ceres Organics Coconut Cream 400mL,$3.70,$0.93/100mL,"https://cdn.metcash.media/image/upload/f_auto,c_limit,w_300,q_auto/igashop/images/20000001602"
Remedy Shots Immune+ 60mL,$2.60,$4.33/100mL,"https://cdn.metcash.media/image/upload/f_auto,c_limit,w_300,q_auto/igashop/images/20000006303"
Remedy Kombucha Mango Passion 750mL,$5.50,$0.73/100mL,"https://cdn.metcash.media/image/upload/f_auto,c_limit,w_300,q_auto/igashop/images/180000000123"
Farmers Union No Added Sugar Yoghurt Kids Pouch Strawberry 130g,$2.15,$1.65/100g,"https://cdn.metcash.media/image/upload/f_auto,c_limit,w_300,q_auto/igashop/images/163617"
Tip Top Sandwich Thins Lightly Seeded 240g,$3.20,$1.33/100g,"https://cdn.metcash.media/image/upload/f_auto,c_limit,w_300,q_auto/igashop/images/810112"
Schweppes Lime Soda Mixer with Lime Juice 1.1L,$1.25,$1.14/1L,"https://cdn.metcash.media/image/upload/f_auto,c_limit,w_300,q_auto/igashop/images/852591"
Diet Coca-Cola Soft Drink Mini Can 250mL,$2.45,$0.98/100mL,"https://cdn.metcash.media/image/upload/f_auto,c_limit,w_300,q_auto/igashop/images/9300675057936_1"
Pandaroo Tamarind Paste 225g,$4.20,$1.87/100g,"https://cdn.metcash.media/image/upload/f_auto,c_limit,w_300,q_auto/igashop/images/20000005942"
Glade Solid Air Freshener Clean Linen 180g,$2.80,$1.56/100g,"https://cdn.metcash.media/image/upload/f_auto,c_limit,w_300,q_auto/igashop/images/514274"
Safcol Yellowfin Tuna Chunks Basil Infused Oil 95g,$2.30,$2.42/100g,"https://cdn.metcash.media/image/upload/f_auto,c_limit,w_300,q_auto/igashop/images/190000003254"
Olay Moisturising Lotion Complete Defence Sensitive SPF 30 75mL,$16.00,$21.33/100mL,"https://cdn.metcash.media/image/upload/f_auto,c_limit,w_300,q_auto/igashop/images/417121"
Toblerone Milk Chocolate Bar 50g,$3.00,$6.00/100g,"https://cdn.metcash.media/image/upload/f_auto,c_limit,w_300,q_auto/igashop/images/631576"
Community Co Aussie Outback 260g,$5.80,$2.23/100g,"https://cdn.metcash.media/image/upload/f_auto,c_limit,w_300,q_auto/igashop/images/190000010602"
Golden Wok Diana Chan's Bbq Pork Dumplings 230g,$8.50,$3.70/100g,"https://cdn.metcash.media/image/upload/f_auto,c_limit,w_300,q_auto/igashop/images/20000006689"
OB Finest Specialty Crackers Cranberry & Pumpkin Seed 150g,$5.00,$3.33/100g,"https://cdn.metcash.media/image/upload/f_auto,c_limit,w_300,q_auto/igashop/images/751936"
Community Co Sesame Seeds 325g,$5.35,$1.65/100g,"https://cdn.metcash.media/image/upload/f_auto,c_limit,w_300,q_auto/igashop/images/799175"
Gravox Cheese Finishing Sauce 165g,$3.50,$2.12/100g,"https://cdn.metcash.media/image/upload/f_auto,c_limit,w_300,q_auto/igashop/images/42248"
Arnott's Granita 250g,$2.90,$1.16/100g,"https://cdn.metcash.media/image/upload/f_auto,c_limit,w_300,q_auto/igashop/images/308995"
Philips 5W 390lm MR16 Warm White LED Globe,$12.00,N/A,"https://cdn.metcash.media/image/upload/f_auto,c_limit,w_300,q_auto/igashop/images/20000000490"
Redwin Sorbolene Moisturiser 1.1L,$11.00,$10.00/1L,"https://cdn.metcash.media/image/upload/f_auto,c_limit,w_300,q_auto/igashop/images/789905"
Combat Ant Rid Indoor Liquid Ant Bait Destroys The Nest 50mL,$6.00,$12.00/100mL,"https://cdn.metcash.media/image/upload/f_auto,c_limit,w_300,q_auto/igashop/images/395023"
Nobby's Pork Crackle Spicy BBQ 50g,$2.50,$5.00/100g,"https://cdn.metcash.media/image/upload/f_auto,c_limit,w_300,q_auto/igashop/images/222534"
Mentos Fruit Chews Rainbow 37.5g,$1.25,$3.33/100g,"https://cdn.metcash.media/image/upload/f_auto,c_limit,w_300,q_auto/igashop/images/55288"
"Lo Bros Kombucha Gut Shot, Golden Blast 50mL",$3.50,$7.00/100mL,"https://cdn.metcash.media/image/upload/f_auto,c_limit,w_300,q_auto/igashop/images/9340784007453"
Multix Recycled Lemon Scented Tidy Bags Medium 24 Pack,$3.80,$0.16 each,"https://cdn.metcash.media/image/upload/f_auto,c_limit,w_300,q_auto/igashop/images/616136"
Lucozade Energy Orange 380mL,$3.30,$0.87/100mL,"https://cdn.metcash.media/image/upload/f_auto,c_limit,w_300,q_auto/igashop/images/414987"
"Optimum Dry Dog Food With Chicken, Vegetables & Rice 7kg",$38.00,$5.43/kg,"https://cdn.metcash.media/image/upload/f_auto,c_limit,w_300,q_auto/igashop/images/64520_1"
ViledaAnsell Handy Clean Disposable Gloves 50 Pack,$15.50,$0.31 each,"https://cdn.metcash.media/image/upload/f_auto,c_limit,w_300,q_auto/igashop/images/711114"
Big Lolly Musk Sticks 140g,$2.30,$1.64/100g,https://www.igashop.com.au/static/default-product-image.png
Remia Black Jack Smokey BBQ Sauce 450mL,$6.50,$1.44/100mL,"https://cdn.metcash.media/image/upload/f_auto,c_limit,w_300,q_auto/igashop/images/20000002890"
La Zuppa Soup Pouch Rustic Vegetable 540g,$5.50,$1.02/100g,"https://cdn.metcash.media/image/upload/f_auto,c_limit,w_300,q_auto/igashop/images/378474"
Community Co Mac & Cheese 400g,$8.50,$2.13/100g,https://www.igashop.com.au/static/default-product-image.png
Colgate 360 Degrees Whole Mouth Clean Compact Head Toothbrush Soft 2 Pack,$9.00,$4.50 each,"https://cdn.metcash.media/image/upload/f_auto,c_limit,w_300,q_auto/igashop/images/374019"
Ajax Eco Antibacterial Disinfectant Cleaning Wipes Vanilla 110 Pack,$11.00,$0.10 each,"https://cdn.metcash.media/image/upload/f_auto,c_limit,w_300,q_auto/igashop/images/687682"
Energizer 2032 3V Lithium Batteries 2 Pack,$13.10,$6.55 each,"https://cdn.metcash.media/image/upload/f_auto,c_limit,w_300,q_auto/igashop/images/20000007348"
Street Kitchen Indian Butter chicken 255g,$6.10,$2.39/100g,"https://cdn.metcash.media/image/upload/f_auto,c_limit,w_300,q_auto/igashop/images/915768"
Uncle Tobys Yoghurt Variety Bars 15 Pack,$8.00,$0.53 each,"https://cdn.metcash.media/image/upload/f_auto,c_limit,w_300,q_auto/igashop/images/160000003594"
McCain Sliced Beans 500g,$4.00,$0.80/100g,"https://cdn.metcash.media/image/upload/f_auto,c_limit,w_300,q_auto/igashop/images/106490"
Rinaldi Soft Almond Honey Nougat 86g,$6.95,$8.08/100g,"https://cdn.metcash.media/image/upload/f_auto,c_limit,w_300,q_auto/igashop/images/20000000798"
Glad Freezer Snpaplock Bags Medium 20 Pack,$4.10,$0.21 each,https://www.igashop.com.au/static/default-product-image.png
Huon Salmon Steak Skinless Chef's Cut 200g,$13.00,$6.50/100g,https://www.igashop.com.au/static/default-product-image.png
Combat Roach Bait Strips With Fast Kill Action 20g,$12.00,$60.00/100g,"https://cdn.metcash.media/image/upload/f_auto,c_limit,w_300,q_auto/igashop/images/738323"
Global Organics Organic Brown Lentils 400g,$3.60,$0.90/100g,"https://cdn.metcash.media/image/upload/f_auto,c_limit,w_300,q_auto/igashop/images/50157"
Terry's Chocolate Mint Ball 145g,$8.00,$5.52/100g,https://www.igashop.com.au/static/default-product-image.png
Bonne Maman Intense Strawberry Spread 235g,$4.98,$2.12/100g,"https://cdn.metcash.media/image/upload/f_auto,c_limit,w_300,q_auto/igashop/images/20000000217"
Living Sprouts Bean Sprouts 250g,$2.95,$1.18/100g,"https://cdn.metcash.media/image/upload/f_auto,c_limit,w_300,q_auto/igashop/images/160000000516"
Impulse Body Spray Wanderlust 75mL,$6.00,$8.00/100mL,"https://cdn.metcash.media/image/upload/f_auto,c_limit,w_300,q_auto/igashop/images/733857"
Pauls Plus Banana Honey Flavoured Milk 400mL,$3.40,$0.85/100mL,"https://cdn.metcash.media/image/upload/f_auto,c_limit,w_300,q_auto/igashop/images/180000006366"
Red Rock Deli Potato Chips Spiced Chargrilled Chicken With Citrus 150g,$6.00,$4.00/100g,https://www.igashop.com.au/static/default-product-image.png
Birds Eye Steam Fresh Parsley & Citrus Sauce 380g,$6.60,$1.74/100g,"https://cdn.metcash.media/image/upload/f_auto,c_limit,w_300,q_auto/igashop/images/38540"
CSR Sugar Raw 500g,$2.00,$0.40/100g,"https://cdn.metcash.media/image/upload/f_auto,c_limit,w_300,q_auto/igashop/images/1800000067512"
Rafferty's Garden Smart Start Carrot & Pumpkin Star Puffs 12M+ 12g,$2.20,$18.33/100g,https://www.igashop.com.au/static/default-product-image.png
Brunswick In Soy Oil Sardines 106g,$3.00,$2.83/100g,https://www.igashop.com.au/static/default-product-image.png
Community Co Clean Freak Bath & Shower Spray 750mL,$2.75,$0.37/100mL,"https://cdn.metcash.media/image/upload/f_auto,c_limit,w_300,q_auto/igashop/images/936191"
Uncle Tobys Muesli Bar Protein Milo Muesli Bar 175g,$4.70,$2.69/100g,https://www.igashop.com.au/static/default-product-image.png
Fantastic Beef Noodle Cup 70g,$2.50,$3.57/100g,"https://cdn.metcash.media/image/upload/f_auto,c_limit,w_300,q_auto/igashop/images/320866"
Birds Eye Protein Fillets Lemon Pepper 320g,$11.00,$3.44/100g,"https://cdn.metcash.media/image/upload/f_auto,c_limit,w_300,q_auto/igashop/images/1800000067404"
Cadbury Turkish Delight Easter Egg Gift Box 410g,$20.00,$4.88/100g,"https://cdn.metcash.media/image/upload/f_auto,c_limit,w_300,q_auto/igashop/images/442786"
Old El Paso Medium Taco Sauce 200g,$4.50,$2.25/100g,"https://cdn.metcash.media/image/upload/f_auto,c_limit,w_300,q_auto/igashop/images/48618"
My Dog Gourmet Beef Loaf Classics Wet Dog Food Trays 6 Pack,$8.00,$1.33 each,"https://cdn.metcash.media/image/upload/f_auto,c_limit,w_300,q_auto/igashop/images/353225"
Clairol Nice 'N Easy 5G Natural Medium Golden Brown,$9.00,N/A,"https://cdn.metcash.media/image/upload/f_auto,c_limit,w_300,q_auto/igashop/images/190000002192"
Park Avenue Frozen Beauty Case 47g,$6.00,$12.77/100g,https://www.igashop.com.au/static/default-product-image.png
Cadbury Drink Chocolate 250g,$5.50,$2.20/100g,"https://cdn.metcash.media/image/upload/f_auto,c_limit,w_300,q_auto/igashop/images/235113"
Cinnos Classic Jumbo Cinnamon Rolls 270g,$10.80,$4.00/100g,"https://cdn.metcash.media/image/upload/f_auto,c_limit,w_300,q_auto/igashop/images/271821"
Smith's Double Crunch Cheesy Garlic Bread 80g,$3.25,$4.06/100g,"https://cdn.metcash.media/image/upload/f_auto,c_limit,w_300,q_auto/igashop/images/543168"
Black & Gold Puff Pastry Sheets 1kg,$3.80,$3.80/kg,"https://cdn.metcash.media/image/upload/f_auto,c_limit,w_300,q_auto/igashop/images/132302"
OAK Chocolate Flavoured Milk 600mL,$4.20,$0.70/100mL,"https://cdn.metcash.media/image/upload/f_auto,c_limit,w_300,q_auto/igashop/images/877863"
Red Tulip Carnival Easter Rabbit 180g,$7.50,$4.17/100g,"https://cdn.metcash.media/image/upload/f_auto,c_limit,w_300,q_auto/igashop/images/126686"
Pine O Cleen Hour Protection Disinfectant Multipurpose Spray Lemon 500mL,$4.00,$0.80/100mL,"https://cdn.metcash.media/image/upload/f_auto,c_limit,w_300,q_auto/igashop/images/242733"
Sakata Wholegain Sweet Chilli & Sour Cream Rice Crackers 80g,$2.50,$3.13/100g,https://www.igashop.com.au/static/default-product-image.png
The Australian Thursday,$4.50,N/A,https://www.igashop.com.au/static/default-product-image.png
Armor All Vent Air Freshener Island Oasis 2.5mL,$11.00,$440.00/100mL,"https://cdn.metcash.media/image/upload/f_auto,c_limit,w_300,q_auto/igashop/images/160000013299"
Cadbury Dairy Milk Chocolate Easter Egg Bag 114g,$7.50,$6.58/100g,"https://cdn.metcash.media/image/upload/f_auto,c_limit,w_300,q_auto/igashop/images/898607"
Bega Snacking Colby Cheese & Crackers 38g,$2.50,$6.58/100g,"https://cdn.metcash.media/image/upload/f_auto,c_limit,w_300,q_auto/igashop/images/734531"
Sirena Lite Tuna In Oil 95g,$2.95,$3.11/100g,"https://cdn.metcash.media/image/upload/f_auto,c_limit,w_300,q_auto/igashop/images/315968"
San Remo Vegeroni Spirals No 121 375g,$2.95,$0.79/100g,"https://cdn.metcash.media/image/upload/f_auto,c_limit,w_300,q_auto/igashop/images/424806"
Community Co Coconut Oil Spray 225g,$5.40,$2.40/100g,"https://cdn.metcash.media/image/upload/f_auto,c_limit,w_300,q_auto/igashop/images/936515"
Medix Paracetamol Rapid Caplets 16 Pack,$5.40,$0.34 each,https://www.igashop.com.au/static/default-product-image.png
Black & Gold Unsalted Butter 500g,$7.00,$1.40/100g,"https://cdn.metcash.media/image/upload/f_auto,c_limit,w_300,q_auto/igashop/images/190000011718"
Maleny Dairies Pure Cream 300mL,$4.00,$1.33/100mL,"https://cdn.metcash.media/image/upload/f_auto,c_limit,w_300,q_auto/igashop/images/20000007014"
Red Bull Energy Drink Jade Edition 250mL,$3.10,$12.40/1L,"https://cdn.metcash.media/image/upload/f_auto,c_limit,w_300,q_auto/igashop/images/167182"
Tru Blu Lido Lemonade Bottle 2L,$2.40,$1.20/1L,"https://cdn.metcash.media/image/upload/f_auto,c_limit,w_300,q_auto/igashop/images/386545"
Piksters Interdental Brushes Purple Size 1 10 Pack,$7.45,$0.75 each,"https://cdn.metcash.media/image/upload/f_auto,c_limit,w_300,q_auto/igashop/images/844190"
Ayam Malaysian Rendang Curry Paste 185g,$4.00,$2.16/100g,"https://cdn.metcash.media/image/upload/f_auto,c_limit,w_300,q_auto/igashop/images/830803"
Zoomies Dog Treat Parma Chicken 200g,$7.15,$3.58/100g,"https://cdn.metcash.media/image/upload/f_auto,c_limit,w_300,q_auto/igashop/images/180000005623"
Gold Skin Comfort 4 Pack,$3.70,$0.93 each,"https://cdn.metcash.media/image/upload/f_auto,c_limit,w_300,q_auto/igashop/images/685091"
Chang's Salad Dressing Oriental 280mL,$3.50,$1.25/100mL,"https://cdn.metcash.media/image/upload/f_auto,c_limit,w_300,q_auto/igashop/images/813610"
Tasty Rosehip Tea Bags 20 Pack,$4.55,$0.23 each,"https://cdn.metcash.media/image/upload/f_auto,c_limit,w_300,q_auto/igashop/images/180000000216"
Continental Pasta & Sauce Sour Cream & Chives 145g,$2.75,$1.90/100g,https://www.igashop.com.au/static/default-product-image.png
Oust 3 in 1 Garden Fresh 325g,$6.75,$2.08/100g,"https://cdn.metcash.media/image/upload/f_auto,c_limit,w_300,q_auto/igashop/images/67785"
Nescafe Coffee Sachets Strong 26 Pack,$11.00,$0.42 each,"https://cdn.metcash.media/image/upload/f_auto,c_limit,w_300,q_auto/igashop/images/663756"
Nutella Hazelnut Spread 220g,$5.60,$2.55/100g,"https://cdn.metcash.media/image/upload/f_auto,c_limit,w_300,q_auto/igashop/images/448460"
Coyo Organic Coconut Yoghurt Greek Style 500g,$9.50,$1.90/100g,"https://cdn.metcash.media/image/upload/f_auto,c_limit,w_300,q_auto/igashop/images/565393"
Whole Rump 4.5kg,Final cost based on weight,$76.46/$16.99,"https://cdn.metcash.media/image/upload/f_auto,c_limit,w_300,q_auto/igashop/images/80080139"
Sirena Ready To Eat Meal Italian Rice & Beans Salad 190g,$4.30,$2.26/100g,"https://cdn.metcash.media/image/upload/f_auto,c_limit,w_300,q_auto/igashop/images/468130"
Batchelors New Potatoes in Water 400g,$3.75,$0.94/100g,https://www.igashop.com.au/static/default-product-image.png
The Yoghurt Shop Caramel Crumble 190g,$4.65,$2.45/100g,"https://cdn.metcash.media/image/upload/f_auto,c_limit,w_300,q_auto/igashop/images/150000007915"
Earth Taste Life Salt Himalayan Course Grinder 175g,$9.45,$5.40/100g,"https://cdn.metcash.media/image/upload/f_auto,c_limit,w_300,q_auto/igashop/images/390879"
White King Citrus Disinfectant Cleaner Liquid Cleaner 1.25L,$6.20,$4.96/1L,"https://cdn.metcash.media/image/upload/f_auto,c_limit,w_300,q_auto/igashop/images/190000001702"
Jack Hammer Dust Mask,$4.35,N/A,"https://cdn.metcash.media/image/upload/f_auto,c_limit,w_300,q_auto/igashop/images/226164"
Wizz Fizz Party Pack 229g,$9.40,$4.10/100g,"https://cdn.metcash.media/image/upload/f_auto,c_limit,w_300,q_auto/igashop/images/20000004943"
Nando's Marinade Lemon & Herb 260g,$4.00,$1.54/100g,"https://cdn.metcash.media/image/upload/f_auto,c_limit,w_300,q_auto/igashop/images/384153"
BIC Shaver Twin Lady 5 Pack,$5.00,$1.00 each,"https://cdn.metcash.media/image/upload/f_auto,c_limit,w_300,q_auto/igashop/images/639582"
The Spice Tailor Original Tikka Masala 300g,$6.70,$2.23/100g,"https://cdn.metcash.media/image/upload/f_auto,c_limit,w_300,q_auto/igashop/images/844881"
Cancer Council SPF 50 Sport Tube 110mL,$12.00,$10.91/100mL,"https://cdn.metcash.media/image/upload/f_auto,c_limit,w_300,q_auto/igashop/images/380447"
Lo Bros Not Soda Lemon 375mL,$3.70,$0.99/100mL,"https://cdn.metcash.media/image/upload/f_auto,c_limit,w_300,q_auto/igashop/images/20000007178"
Jen's Traditional Biscuits Deluxe Mix 300g,$10.50,$3.50/100g,https://www.igashop.com.au/static/default-product-image.png
Finish Rinse Aid Lemon 500mL,$7.95,$1.59/100mL,"https://cdn.metcash.media/image/upload/f_auto,c_limit,w_300,q_auto/igashop/images/180000003304"
Vitasoy Unsweetened Oat Milk 1L,$2.00,$2.00/1L,"https://cdn.metcash.media/image/upload/f_auto,c_limit,w_300,q_auto/igashop/images/355293"
Nature's Gift Natural Dog Treat Chicken with Liver Straps 150g,$5.00,$3.33/100g,"https://cdn.metcash.media/image/upload/f_auto,c_limit,w_300,q_auto/igashop/images/337025"
Chum Beef & Kidney 700g,$2.95,$0.42/100g,"https://cdn.metcash.media/image/upload/f_auto,c_limit,w_300,q_auto/igashop/images/74588"
"Uncle Tobys Oats Porridge Delicious Blends Raspberry, Almond & Vanilla 8 Pack",$6.50,$0.81 each,"https://cdn.metcash.media/image/upload/f_auto,c_limit,w_300,q_auto/igashop/images/190000003022"
Aspro Clear Extra Strength Pain Relief Aspirin 16 Soluble Effervescent Tablets 16 Pack,$8.00,$0.50 each,"https://cdn.metcash.media/image/upload/f_auto,c_limit,w_300,q_auto/igashop/images/986379"
4 Hunters Original Biltong 100g,$10.00,$10.00/100g,"https://cdn.metcash.media/image/upload/f_auto,c_limit,w_300,q_auto/igashop/images/20000003726"
Red Rock Deli Classics Cheesy Spinach & Garlic Cob 190g,$5.00,$2.63/100g,"https://cdn.metcash.media/image/upload/f_auto,c_limit,w_300,q_auto/igashop/images/793988"
Gatorade Arctic Blitz Sports Drink 600mL,$4.00,$0.67/100mL,"https://cdn.metcash.media/image/upload/f_auto,c_limit,w_300,q_auto/igashop/images/784324"
Optimum Wet Dog Food Beef & Rice Can 400g,$2.80,$0.70/100g,"https://cdn.metcash.media/image/upload/f_auto,c_limit,w_300,q_auto/igashop/images/424466"
Bulla Fudge Bars 8 Pack,$5.00,$0.63 each,"https://cdn.metcash.media/image/upload/f_auto,c_limit,w_300,q_auto/igashop/images/20000006352"
Australian Grown Baby Beetroot 250g,$3.00,$1.20/100g,"https://cdn.metcash.media/image/upload/f_auto,c_limit,w_300,q_auto/igashop/images/746033"
Gravox Gravy Mix Traditional 425mL,$6.30,$1.48/100mL,"https://cdn.metcash.media/image/upload/f_auto,c_limit,w_300,q_auto/igashop/images/473017"
Cadbury Crunchie Egg Bag 110g,$7.50,$6.82/100g,"https://cdn.metcash.media/image/upload/f_auto,c_limit,w_300,q_auto/igashop/images/898673"
Purina Fancy Feast Grilled Pet Food Chicken In Gravy Multipack 6 Pack,$7.00,$1.17 each,"https://cdn.metcash.media/image/upload/f_auto,c_limit,w_300,q_auto/igashop/images/180000003653"
Red Kellys Dressings Traditional 250mL,$5.50,$2.20/100mL,"https://cdn.metcash.media/image/upload/f_auto,c_limit,w_300,q_auto/igashop/images/20000005384"
Smith's Thinly Cut Potato Chips Original 175g,$2.50,$1.43/100g,"https://cdn.metcash.media/image/upload/f_auto,c_limit,w_300,q_auto/igashop/images/689197"
Super Cap Gun Police Play Set,$3.00,N/A,"https://cdn.metcash.media/image/upload/f_auto,c_limit,w_300,q_auto/igashop/images/449110"
Quilton Towel Absorba 4 Ply 3 Pack,$4.85,$1.62 each,"https://cdn.metcash.media/image/upload/f_auto,c_limit,w_300,q_auto/igashop/images/777115"
Yoplait Berry Punnet Yoghurt Multipack 12 Pack,$8.50,$0.71 each,"https://cdn.metcash.media/image/upload/f_auto,c_limit,w_300,q_auto/igashop/images/152328"
Bundaberg Passionfruit Sparkling Drink Mini Cans 6 Pack,$6.30,$1.05 each,"https://cdn.metcash.media/image/upload/f_auto,c_limit,w_300,q_auto/igashop/images/284023"
Homestyle Bake Country Cafe Thick Wholemeal Sliced Bread 850g,$5.50,$0.65/100g,"https://cdn.metcash.media/image/upload/f_auto,c_limit,w_300,q_auto/igashop/images/190000004813"
The Happy Muffin Co Double Chocolate 4 Pack,$4.50,$1.13 each,"https://cdn.metcash.media/image/upload/f_auto,c_limit,w_300,q_auto/igashop/images/20000003802"
Remedy Kombucha Ginger Lemon 4 Pack,$7.00,$1.75 each,"https://cdn.metcash.media/image/upload/f_auto,c_limit,w_300,q_auto/igashop/images/180000000118"
Duck Marine Refill 2X Fresh Discs 2 Pack,$9.00,$4.50 each,"https://cdn.metcash.media/image/upload/f_auto,c_limit,w_300,q_auto/igashop/images/40178"
Lux Body Wash Evenly Gorgeous 400mL,$5.80,$1.45/100mL,"https://cdn.metcash.media/image/upload/f_auto,c_limit,w_300,q_auto/igashop/images/85547"
Glaceau Vitamin Water Antioxidant 500mL,$3.60,$0.72/100mL,"https://cdn.metcash.media/image/upload/f_auto,c_limit,w_300,q_auto/igashop/images/20000000607_1"
Multix Colour Scents Handy Ties Tidy Bags Medium Lavender Scent 35 Pack,$4.55,$0.13 each,"https://cdn.metcash.media/image/upload/f_auto,c_limit,w_300,q_auto/igashop/images/301134"
Maille Mustard Wholegrain 210g,$6.00,$2.86/100g,"https://cdn.metcash.media/image/upload/f_auto,c_limit,w_300,q_auto/igashop/images/20000001050"
Zoosh Mayonnaise 500g,$4.00,$0.80/100g,https://www.igashop.com.au/static/default-product-image.png
Redwin You Skin Moisturiser Cream Beach Bum 350mL,$17.00,$4.86/100mL,https://www.igashop.com.au/static/default-product-image.png
Spice & Co Ground Coriander 60g,$3.75,$6.25/100g,"https://cdn.metcash.media/image/upload/f_auto,c_limit,w_300,q_auto/igashop/images/190000002392"
Thomas Basa Fillet 1kg,$14.00,$14.00/kg,"https://cdn.metcash.media/image/upload/f_auto,c_limit,w_300,q_auto/igashop/images/180000001677"
SunRice Thin Rice Cakes Tomato & Basil 160g,$2.25,$1.41/100g,"https://cdn.metcash.media/image/upload/f_auto,c_limit,w_300,q_auto/igashop/images/193421"
Dare Iced Coffee Triple Espresso 500mL,$2.95,$0.59/100mL,"https://cdn.metcash.media/image/upload/f_auto,c_limit,w_300,q_auto/igashop/images/926625"
Ausfresh European Antipasto Mix 150g,$4.10,$2.73/100g,https://www.igashop.com.au/static/default-product-image.png
Sunsilk Conditioner Clean & Fresh 700mL,$10.00,$1.43/100mL,"https://cdn.metcash.media/image/upload/f_auto,c_limit,w_300,q_auto/igashop/images/160000004666"
Cremeux Camembert 200g,$9.95,$4.98/100g,"https://cdn.metcash.media/image/upload/f_auto,c_limit,w_300,q_auto/igashop/images/190000002645"
Beerenberg Base Chicken Chorizo Paella 240g,$6.50,$2.71/100g,"https://cdn.metcash.media/image/upload/f_auto,c_limit,w_300,q_auto/igashop/images/947744"
Nestlé Top N Fill Caramel 395g,$5.90,$1.49/100g,"https://cdn.metcash.media/image/upload/f_auto,c_limit,w_300,q_auto/igashop/images/232018"
Nice & Natural Nut Bar Trail Mix 6 Pack,$5.50,$0.92 each,"https://cdn.metcash.media/image/upload/f_auto,c_limit,w_300,q_auto/igashop/images/26687"
Nudie Juice Nothing But Mango Passionfruit & More Crushie 1L,$7.99,$7.99/1L,"https://cdn.metcash.media/image/upload/f_auto,c_limit,w_300,q_auto/igashop/images/180000000064"
Pantene Pro-V Sheer Volume Shampoo 375mL,$10.00,$2.67/100mL,"https://cdn.metcash.media/image/upload/f_auto,c_limit,w_300,q_auto/igashop/images/780587"
"My Dog Roast Chicken Flavour, Veges, Cheddar & Bacon Dry Food 1.5kg",$14.00,$9.33/kg,"https://cdn.metcash.media/image/upload/f_auto,c_limit,w_300,q_auto/igashop/images/897740"
Elastoplast Plaster Adhesive 2.5cm x 3m,$8.15,N/A,"https://cdn.metcash.media/image/upload/f_auto,c_limit,w_300,q_auto/igashop/images/54376"
Solo Energy Lemon 250mL,$2.50,$1.00/100mL,https://www.igashop.com.au/static/default-product-image.png
Kensington Mango,$2.50,N/A,"https://cdn.metcash.media/image/upload/f_auto,c_limit,w_300,q_auto/igashop/images/80050081"
The Goods Living & Fermented Original Sauerkraut 500g,$7.20,$1.44/100g,"https://cdn.metcash.media/image/upload/f_auto,c_limit,w_300,q_auto/igashop/images/591027"
J&Co Salted Cashews 400g,$15.95,$3.99/100g,"https://cdn.metcash.media/image/upload/f_auto,c_limit,w_300,q_auto/igashop/images/190000004936"
Fletchers Pickles Sweet Mustard 395g,$2.35,$0.59/100g,"https://cdn.metcash.media/image/upload/f_auto,c_limit,w_300,q_auto/igashop/images/68618"
Up & Go Liquid Breakfast Strawberry 6 Pack,$13.00,$2.17 each,"https://cdn.metcash.media/image/upload/f_auto,c_limit,w_300,q_auto/igashop/images/440975_2"
Cottee's Cordial Orange Crush No Added Sugar 1L,$4.20,$4.20/1L,"https://cdn.metcash.media/image/upload/f_auto,c_limit,w_300,q_auto/igashop/images/64211"
Schick Intuition Razor Pure Nourish Cartridges 3 Pack,$11.55,$3.85 each,"https://cdn.metcash.media/image/upload/f_auto,c_limit,w_300,q_auto/igashop/images/396480"
MasterFoods Sauce Sweet Jalapeno And Lime 250mL,$2.45,$0.98/100mL,https://www.igashop.com.au/static/default-product-image.png
Thomas Prawn Meat 500g,$18.85,$3.77/100g,"https://cdn.metcash.media/image/upload/f_auto,c_limit,w_300,q_auto/igashop/images/180000001679"
Bundaberg Soft Icing Mix 1kg,$3.30,$3.30/kg,"https://cdn.metcash.media/image/upload/f_auto,c_limit,w_300,q_auto/igashop/images/304412"
Black & Gold Black Pepper Grind 50g,$2.70,$5.40/100g,"https://cdn.metcash.media/image/upload/f_auto,c_limit,w_300,q_auto/igashop/images/54774"
Birds Eye Deli Sweet Potato Chips 600g,$7.30,$1.22/100g,"https://cdn.metcash.media/image/upload/f_auto,c_limit,w_300,q_auto/igashop/images/483334"
Air Wick Life Scents Turquoise Oasis Freshmatic Refill 157g,$11.35,$7.23/100g,"https://cdn.metcash.media/image/upload/f_auto,c_limit,w_300,q_auto/igashop/images/345612"
Ecostore Fabric Softener 500mL,$7.95,$1.59/100mL,"https://cdn.metcash.media/image/upload/f_auto,c_limit,w_300,q_auto/igashop/images/892562"
Mainland Cheese & Artisan Crackers Cranberry & Sunflower Seed 38g,$2.80,$7.37/100g,"https://cdn.metcash.media/image/upload/f_auto,c_limit,w_300,q_auto/igashop/images/190000005270"
Cheetos Extruded Snacks Cheese 110g,$4.00,$3.64/100g,https://www.igashop.com.au/static/default-product-image.png
Helgas Soft White 700g,$5.20,$0.74/100g,"https://cdn.metcash.media/image/upload/f_auto,c_limit,w_300,q_auto/igashop/images/180000006357"
Connoisseur Ice Cream Classic Vanilla Tub 1L,$7.20,$7.20/1L,"https://cdn.metcash.media/image/upload/f_auto,c_limit,w_300,q_auto/igashop/images/111194"
BabyLove Nappy Pants Toddler 28 Pack,$19.50,$0.70 each,"https://cdn.metcash.media/image/upload/f_auto,c_limit,w_300,q_auto/igashop/images/373291"
Fantastic Rice Crackers Cheddar Cheese 100g,$2.50,$2.50/100g,"https://cdn.metcash.media/image/upload/f_auto,c_limit,w_300,q_auto/igashop/images/43419"
SunRice Thick Rice Cakes Original 150g,$2.20,$1.47/100g,"https://cdn.metcash.media/image/upload/f_auto,c_limit,w_300,q_auto/igashop/images/340405"
Chobani Fit Flip Yogurt Caramel Choc Peanut 142g,$4.50,$3.17/100g,https://www.igashop.com.au/static/default-product-image.png
South Cape Greek Style Fetta 200g,$6.45,$3.23/100g,"https://cdn.metcash.media/image/upload/f_auto,c_limit,w_300,q_auto/igashop/images/677970"
Sanpellegrino Mineral Water Sparkling 1L,$4.65,$4.65/1L,"https://cdn.metcash.media/image/upload/f_auto,c_limit,w_300,q_auto/igashop/images/190000003899"
Tip Top The One Gluten Free Soft White 550g,$7.40,$1.35/100g,"https://cdn.metcash.media/image/upload/f_auto,c_limit,w_300,q_auto/igashop/images/20000003434"
Spud Lite Potatoes 1.5kg,$5.00,$3.33/kg,"https://cdn.metcash.media/image/upload/f_auto,c_limit,w_300,q_auto/igashop/images/180000000511"
BabyLove Everyday Baby Wipes 240 Pack,$9.50,$0.04 each,"https://cdn.metcash.media/image/upload/f_auto,c_limit,w_300,q_auto/igashop/images/160000012793"
Pine O Cleen Hour Protection Disinfectant Wipes Lemon 126 Pack,$15.00,$0.12 each,"https://cdn.metcash.media/image/upload/f_auto,c_limit,w_300,q_auto/igashop/images/242518"
Connoisseur Roasted Hazelnut & Chocolate 1L,$7.20,$7.20/1L,"https://cdn.metcash.media/image/upload/f_auto,c_limit,w_300,q_auto/igashop/images/180000005990"
Coca-Cola Classic Soft Drink Bottle 1.25L,$2.50,$2.00/1L,"https://cdn.metcash.media/image/upload/f_auto,c_limit,w_300,q_auto/igashop/images/9300675001113_0"
Just For Men Shampoo In Hair Colour Medium Brown 66mL,$14.00,$21.21/100mL,"https://cdn.metcash.media/image/upload/f_auto,c_limit,w_300,q_auto/igashop/images/338518"
Oreo Double Stuff Inspired by Cadbury Creme Egg 131g,$2.00,$1.53/100g,"https://cdn.metcash.media/image/upload/f_auto,c_limit,w_300,q_auto/igashop/images/1800000071702"
Lipton Ice Tea Raspberry 1.5L,$2.75,$1.83/1L,"https://cdn.metcash.media/image/upload/f_auto,c_limit,w_300,q_auto/igashop/images/309577"
Nurofen Ibuprofen Meltlets Citrus 200mg 24 Pack,$10.00,$0.42 each,"https://cdn.metcash.media/image/upload/f_auto,c_limit,w_300,q_auto/igashop/images/159888"
Micador Paint Set 12 Pack,$14.30,$1.19 each,"https://cdn.metcash.media/image/upload/f_auto,c_limit,w_300,q_auto/igashop/images/723941"
Cadbury Chomp Chocolate Bar 30g,$1.50,$5.00/100g,"https://cdn.metcash.media/image/upload/f_auto,c_limit,w_300,q_auto/igashop/images/431170"
Soft White Facial Tissues 90 Pack,$1.90,$0.02 each,"https://cdn.metcash.media/image/upload/f_auto,c_limit,w_300,q_auto/igashop/images/473839"
Ridiculously Delicious Peanut Brittle 180g,$9.95,$5.53/100g,"https://cdn.metcash.media/image/upload/f_auto,c_limit,w_300,q_auto/igashop/images/20000003892"
Elvive Shampoo Dream Length 300mL,$8.50,$2.83/100mL,"https://cdn.metcash.media/image/upload/f_auto,c_limit,w_300,q_auto/igashop/images/215024"
Tru Blu Ceda Creaming Soda 2L,$2.40,$1.20/1L,"https://cdn.metcash.media/image/upload/f_auto,c_limit,w_300,q_auto/igashop/images/387067"
Fussy Cat With Beef & Liver Crunchers Dry Cat Food 100g,$3.80,$3.80/100g,"https://cdn.metcash.media/image/upload/f_auto,c_limit,w_300,q_auto/igashop/images/400488"
Mint 50g,$4.00,$8.00/100g,https://www.igashop.com.au/static/default-product-image.png
Cadbury Caramel Cake Bars 5 Pack,$6.00,$1.20 each,"https://cdn.metcash.media/image/upload/f_auto,c_limit,w_300,q_auto/igashop/images/760045"
Lee Kum Kee Sauce Lemon Chicken 145g,$2.70,$1.86/100g,"https://cdn.metcash.media/image/upload/f_auto,c_limit,w_300,q_auto/igashop/images/970001"
Bulla Splits Lemon Lime 1L,$5.00,$5.00/1L,https://www.igashop.com.au/static/default-product-image.png
Whittaker's Almond Gold Slab 45g,$3.00,$6.67/100g,"https://cdn.metcash.media/image/upload/f_auto,c_limit,w_300,q_auto/igashop/images/874302"
Roza's Gourmet Mango Chilli & Coconut Chutney 240mL,$9.50,$3.96/100mL,"https://cdn.metcash.media/image/upload/f_auto,c_limit,w_300,q_auto/igashop/images/190000002459"
John West Sardines Olive Oil 110g,$3.50,$3.18/100g,"https://cdn.metcash.media/image/upload/f_auto,c_limit,w_300,q_auto/igashop/images/669524"
"Optimum Dry Dog Food With Chicken, Vegetables & Rice 2.7kg",$23.00,$8.52/kg,"https://cdn.metcash.media/image/upload/f_auto,c_limit,w_300,q_auto/igashop/images/406374_1"
Polly Waffle Choc Wafer Marshmallow Original Bites 125g,$4.00,$3.20/100g,"https://cdn.metcash.media/image/upload/f_auto,c_limit,w_300,q_auto/igashop/images/180000003173"
Alula S-26 Gold Stage 2 Follow-On Formula 6-12 Months 900g,$28.50,$3.17/100g,"https://cdn.metcash.media/image/upload/f_auto,c_limit,w_300,q_auto/igashop/images/170000004671"
Cobram Estate Olive Oil Garlic 500mL,$19.50,$3.90/100mL,"https://cdn.metcash.media/image/upload/f_auto,c_limit,w_300,q_auto/igashop/images/16000001539"
Paddle Pop Frozen Dessert Chocolate 24 Pack,$16.50,$0.69 each,"https://cdn.metcash.media/image/upload/f_auto,c_limit,w_300,q_auto/igashop/images/180000005928"
Viva Paper Towel White 3 Pack,$3.50,$1.17 each,"https://cdn.metcash.media/image/upload/f_auto,c_limit,w_300,q_auto/igashop/images/40880"
Spice & Co Chinese Five Spice Mix 55g,$3.75,$6.82/100g,"https://cdn.metcash.media/image/upload/f_auto,c_limit,w_300,q_auto/igashop/images/190000002387"
Colgate Power Toothbrush Total,$20.00,N/A,"https://cdn.metcash.media/image/upload/f_auto,c_limit,w_300,q_auto/igashop/images/180000005368"
South Cape Cheese Feta Crumbled Tub 200g,$8.00,$4.00/100g,"https://cdn.metcash.media/image/upload/f_auto,c_limit,w_300,q_auto/igashop/images/892180"
Uncle Tobys Roll-Ups Snack Peach & Mango 94g,$2.75,$2.93/100g,https://www.igashop.com.au/static/default-product-image.png
Purina Lucky Dog Adult Bones Original Dog Treats 800g,$8.00,$1.00/100g,"https://cdn.metcash.media/image/upload/f_auto,c_limit,w_300,q_auto/igashop/images/611246"
Scotts Garden Lawn Builder 2.5kg,$20.00,$8.00/kg,"https://cdn.metcash.media/image/upload/f_auto,c_limit,w_300,q_auto/igashop/images/897012"
NIVEA Rich Nourishing Body Lotion 400mL,$5.70,$1.43/100mL,"https://cdn.metcash.media/image/upload/f_auto,c_limit,w_300,q_auto/igashop/images/13202"
Pukka Lean Matcha Green Tea Bags 20 Pack,$69.99,$3.50 each,"https://cdn.metcash.media/image/upload/f_auto,c_limit,w_300,q_auto/igashop/images/190000002079"
Cancer Council Sunscreen Kids SPF 50+ 200mL,$18.00,$9.00/100mL,"https://cdn.metcash.media/image/upload/f_auto,c_limit,w_300,q_auto/igashop/images/416094"
Kellogg's Coco Pops Chocos 260g,$7.00,$2.69/100g,"https://cdn.metcash.media/image/upload/f_auto,c_limit,w_300,q_auto/igashop/images/180000002345"
Praise Deli Style Honey Dijon 250mL,$3.00,$1.20/100mL,"https://cdn.metcash.media/image/upload/f_auto,c_limit,w_300,q_auto/igashop/images/889886"
Band-aid Blister Cushion Medium 5 Pack,$12.50,$2.50 each,"https://cdn.metcash.media/image/upload/f_auto,c_limit,w_300,q_auto/igashop/images/625826"
Food Guru Stainless Steel Tongs,$1.75,N/A,"https://cdn.metcash.media/image/upload/f_auto,c_limit,w_300,q_auto/igashop/images/833173"
Melinda's Gluten Free Goodies Gingerbread Loaf 380g,$8.70,$2.29/100g,"https://cdn.metcash.media/image/upload/f_auto,c_limit,w_300,q_auto/igashop/images/746724"
Jon Jon Christmas Kisses 8 Pack,$5.80,$0.73 each,https://www.igashop.com.au/static/default-product-image.png
BIC Clic Pen Blue 3 Pack,$3.80,$1.27 each,"https://cdn.metcash.media/image/upload/f_auto,c_limit,w_300,q_auto/igashop/images/270972"
Dynamo Professional 7 In 1 Laundry Detergent Capsules 14 Pack,$18.00,$1.29 each,"https://cdn.metcash.media/image/upload/f_auto,c_limit,w_300,q_auto/igashop/images/160000013223"
Uncle Tobys Oats Quick Inst Creamy Honey Cup 50g,$2.50,$5.00/100g,"https://cdn.metcash.media/image/upload/f_auto,c_limit,w_300,q_auto/igashop/images/380722"
Eclipse Watermelon Flavoured Sugar Free Mints 12 Pack,$4.00,$0.33 each,"https://cdn.metcash.media/image/upload/f_auto,c_limit,w_300,q_auto/igashop/images/180000000852"
Tasmanian Heritage Edam 180g,$6.50,$3.61/100g,"https://cdn.metcash.media/image/upload/f_auto,c_limit,w_300,q_auto/igashop/images/292335"
Deeko 1 Ply White Lunch Napkins 200 Pack,$3.25,$0.02 each,"https://cdn.metcash.media/image/upload/f_auto,c_limit,w_300,q_auto/igashop/images/355811"
Radiant Fabric 45 Capsules Colour Care 45 Pack,$24.00,$0.53 each,https://www.igashop.com.au/static/default-product-image.png
Olina's Bakehouse Wafer Crackers Black Pepper 100g,$3.00,$3.00/100g,"https://cdn.metcash.media/image/upload/f_auto,c_limit,w_300,q_auto/igashop/images/180000004625"
CC's Corn Chips Tasty Cheese 45g,$1.50,$3.33/100g,"https://cdn.metcash.media/image/upload/f_auto,c_limit,w_300,q_auto/igashop/images/843319"
Reeses Chocolate Peanut Butter Eggs Bag 90g,$6.50,$7.22/100g,"https://cdn.metcash.media/image/upload/f_auto,c_limit,w_300,q_auto/igashop/images/1800000069008"
The Happy Muffin Co Mini Muffin Banana 8 Pack,$4.50,$0.56 each,"https://cdn.metcash.media/image/upload/f_auto,c_limit,w_300,q_auto/igashop/images/20000003800"
Gourmet Garden Lemongrass 80g,$4.50,$5.63/100g,"https://cdn.metcash.media/image/upload/f_auto,c_limit,w_300,q_auto/igashop/images/150000007813"
Tip Top The One Soft Wholemeal 700g,$4.60,$0.66/100g,"https://cdn.metcash.media/image/upload/f_auto,c_limit,w_300,q_auto/igashop/images/381003"
Cadbury Freddo Milky Top 12g,$0.85,$7.08/100g,"https://cdn.metcash.media/image/upload/f_auto,c_limit,w_300,q_auto/igashop/images/453135"
Lipton Quality Tips Loose Leaf Tea 250g,$6.00,$2.40/100g,"https://cdn.metcash.media/image/upload/f_auto,c_limit,w_300,q_auto/igashop/images/11336"
Boost Juice All Berry Bang 1L,$6.20,$6.20/1L,"https://cdn.metcash.media/image/upload/f_auto,c_limit,w_300,q_auto/igashop/images/652666"
Ottogi Noodle Jin Ramen Mild 5 Pack,$6.05,$1.21 each,"https://cdn.metcash.media/image/upload/f_auto,c_limit,w_300,q_auto/igashop/images/20000006755"
San Remo Gluten Free Brown Rice Penne 250g,$4.00,$1.60/100g,"https://cdn.metcash.media/image/upload/f_auto,c_limit,w_300,q_auto/igashop/images/275477"
Cancer Council Sunscreen Ultra SPF50+ 200mL,$18.00,$9.00/100mL,"https://cdn.metcash.media/image/upload/f_auto,c_limit,w_300,q_auto/igashop/images/396977"
Coca-Cola Zero Sugar Soft Drink Multipack Glass Bottles 4 Pack,$7.00,$1.75 each,"https://cdn.metcash.media/image/upload/f_auto,c_limit,w_300,q_auto/igashop/images/215464"
Cadbury Christmas Mints 150g 150g,$5.00,$3.33/100g,https://www.igashop.com.au/static/default-product-image.png
Griffin's Super Wine Biscuits 250g,$3.30,$1.32/100g,"https://cdn.metcash.media/image/upload/f_auto,c_limit,w_300,q_auto/igashop/images/734858"
Pauls Custard Brandy Flavoured 1kg,$2.00,$2.00/kg,"https://cdn.metcash.media/image/upload/f_auto,c_limit,w_300,q_auto/igashop/images/177417"
Heinz Eat Well Soup Pea & Broccoli 380g,$4.50,$1.18/100g,https://www.igashop.com.au/static/default-product-image.png
Beerenberg Slow Cook Sauce Southern Style Pulled Brisket 240mL,$7.50,$3.13/100mL,https://www.igashop.com.au/static/default-product-image.png
Red Rock Deli Potato Chips Brie Cheddar & Parmesan 165g,$6.00,$3.64/100g,"https://cdn.metcash.media/image/upload/f_auto,c_limit,w_300,q_auto/igashop/images/979911"
Fluffy Fabric Softener Divine Blends Vanilla & Coconut 1.9L,$11.00,$5.79/1L,"https://cdn.metcash.media/image/upload/f_auto,c_limit,w_300,q_auto/igashop/images/833908"
Moccona Freeze Dried Instant Coffee Classic Decaffeinated 100g,$15.50,$15.50/100g,"https://cdn.metcash.media/image/upload/f_auto,c_limit,w_300,q_auto/igashop/images/991667"
San Remo Linguine No 1 500g,$2.95,$0.59/100g,"https://cdn.metcash.media/image/upload/f_auto,c_limit,w_300,q_auto/igashop/images/420129"
Youjuice Thanks A Melon 350g,$4.40,$1.26/100g,"https://cdn.metcash.media/image/upload/f_auto,c_limit,w_300,q_auto/igashop/images/20000002086_1"
Ritz Black Pepper 227g,$2.50,$1.10/100g,"https://cdn.metcash.media/image/upload/f_auto,c_limit,w_300,q_auto/igashop/images/193450"
Priya Natures Sandalwood Soap 100g,$2.75,$2.75/100g,"https://cdn.metcash.media/image/upload/f_auto,c_limit,w_300,q_auto/igashop/images/656160"
McCormick Slow Cooker Massaman Beef Curry 40g,$1.80,$4.50/100g,"https://cdn.metcash.media/image/upload/f_auto,c_limit,w_300,q_auto/igashop/images/190000002890"
Remedy Kombucha Passionfruit 4 Pack,$7.00,$1.75 each,"https://cdn.metcash.media/image/upload/f_auto,c_limit,w_300,q_auto/igashop/images/160000012380"
TCB Persian Fetta 250g,$12.95,$5.18/100g,"https://cdn.metcash.media/image/upload/f_auto,c_limit,w_300,q_auto/igashop/images/190000004281"
Honest Sea Seaweed Multi Pack Sesam 6 Pack,$12.00,$2.00 each,"https://cdn.metcash.media/image/upload/f_auto,c_limit,w_300,q_auto/igashop/images/20000002745"
Lee Kum Kee Panda Oyster Sauce 255g,$3.65,$1.43/100g,"https://cdn.metcash.media/image/upload/f_auto,c_limit,w_300,q_auto/igashop/images/412728"
Dove Deodorant Roll On Pomegranate 50mL,$6.00,$12.00/100mL,"https://cdn.metcash.media/image/upload/f_auto,c_limit,w_300,q_auto/igashop/images/93576697"
Sara Lee Ice Cream Heavenly Strawberries & Cream 1L,$7.20,$7.20/1L,"https://cdn.metcash.media/image/upload/f_auto,c_limit,w_300,q_auto/igashop/images/103646"
I&J Fish Fillets Light & Crispy Crumb 425g,$7.00,$1.65/100g,https://www.igashop.com.au/static/default-product-image.png
Cold Power 2 In 1 With A Touch Of Fabric Softener Powder Laundry Detergent 1kg,$10.00,$10.00/kg,"https://cdn.metcash.media/image/upload/f_auto,c_limit,w_300,q_auto/igashop/images/348657"
Vanish Preen Everyday Stain Remover Oxiaction Trigger 500mL,$7.50,$1.50/100mL,"https://cdn.metcash.media/image/upload/f_auto,c_limit,w_300,q_auto/igashop/images/638992"
Margaret River Camembert 200g,$7.50,$3.75/100g,"https://cdn.metcash.media/image/upload/f_auto,c_limit,w_300,q_auto/igashop/images/389983"
Purina Total Care Petcare Whacky Duck,$18.50,N/A,"https://cdn.metcash.media/image/upload/f_auto,c_limit,w_300,q_auto/igashop/images/500173"
BelVita Breakfast Biscuits Chocolate 6 Pack,$4.50,$0.75 each,"https://cdn.metcash.media/image/upload/f_auto,c_limit,w_300,q_auto/igashop/images/26297"
Chupa Chups Strawberry & Cream Cones 4 Pack,$11.00,$2.75 each,https://www.igashop.com.au/static/default-product-image.png
Kindness Wool Wash Laundry Liquid Front & Top Loader 1L,$10.29,$10.29/1L,"https://cdn.metcash.media/image/upload/f_auto,c_limit,w_300,q_auto/igashop/images/160000013229"
Temptations Cat Treats Seafood Medley 180g,$8.00,$4.44/100g,"https://cdn.metcash.media/image/upload/f_auto,c_limit,w_300,q_auto/igashop/images/160000003438"
McCain Lasagne 400g,$4.50,$1.13/100g,"https://cdn.metcash.media/image/upload/f_auto,c_limit,w_300,q_auto/igashop/images/115164"
Nestlé Milo Energy Dairy Snack 150g,$2.80,$1.87/100g,"https://cdn.metcash.media/image/upload/f_auto,c_limit,w_300,q_auto/igashop/images/900255"
Cadbury Old Gold Dark Chocolate Original 180g,$4.00,$2.22/100g,"https://cdn.metcash.media/image/upload/f_auto,c_limit,w_300,q_auto/igashop/images/469097"
Piranha Vege Crackers Sweet Chilli Lime 100g,$4.50,$4.50/100g,"https://cdn.metcash.media/image/upload/f_auto,c_limit,w_300,q_auto/igashop/images/160000014147"
Praise Mayonnaise Whole Egg Squeeze 470g,$8.00,$1.70/100g,"https://cdn.metcash.media/image/upload/f_auto,c_limit,w_300,q_auto/igashop/images/741143"
Global Seafoods Barramundi Skin On 500g,$21.60,$4.32/100g,"https://cdn.metcash.media/image/upload/f_auto,c_limit,w_300,q_auto/igashop/images/52905"
Micador Junior White Chalk 12 Pack,$1.60,$0.13 each,"https://cdn.metcash.media/image/upload/f_auto,c_limit,w_300,q_auto/igashop/images/317258"
Primo Reserve Pastrami 100g,$5.60,$5.60/100g,"https://cdn.metcash.media/image/upload/f_auto,c_limit,w_300,q_auto/igashop/images/1800000069880"
Glade Candle Energize 2 in 1 Vanilla Passion Fruit + Hawaiian Breeze 2 Pack,$12.35,$6.18 each,"https://cdn.metcash.media/image/upload/f_auto,c_limit,w_300,q_auto/igashop/images/160000011344"
Kellogg's Crispix Honey Pillows 460g,$9.00,$1.96/100g,"https://cdn.metcash.media/image/upload/f_auto,c_limit,w_300,q_auto/igashop/images/339894"
SodaKING Lemonade Syrup 250mL,$3.60,$1.44/100mL,"https://cdn.metcash.media/image/upload/f_auto,c_limit,w_300,q_auto/igashop/images/160000012310"
Nice & Natural Nut Yoghurt Bar 6 Pack,$5.50,$0.92 each,"https://cdn.metcash.media/image/upload/f_auto,c_limit,w_300,q_auto/igashop/images/190000001896"
Out & About Free Range Eggs Large 600g,$9.95,$1.66/100g,"https://cdn.metcash.media/image/upload/f_auto,c_limit,w_300,q_auto/igashop/images/20000004482"
Beerenberg Slow Cooker Moroccan Lamb 240mL,$6.50,$2.71/100mL,"https://cdn.metcash.media/image/upload/f_auto,c_limit,w_300,q_auto/igashop/images/631301"
Polident Denture Adhesive Cream Flavour Free 60g,$14.25,$23.75/100g,"https://cdn.metcash.media/image/upload/f_auto,c_limit,w_300,q_auto/igashop/images/390170"
Betadine Antiseptic First Aid Cream 20g,$15.00,$75.00/100g,"https://cdn.metcash.media/image/upload/f_auto,c_limit,w_300,q_auto/igashop/images/796504"
First Response Pregnancy Test Stream,$10.00,N/A,"https://cdn.metcash.media/image/upload/f_auto,c_limit,w_300,q_auto/igashop/images/892457"
Oreo Original 128g,$2.00,$1.56/100g,"https://cdn.metcash.media/image/upload/f_auto,c_limit,w_300,q_auto/igashop/images/180000002032"
Streets Paddle Pop Ice Confection Frozen Treat Chocolate No Artificial Colours,$3.00,N/A,"https://cdn.metcash.media/image/upload/f_auto,c_limit,w_300,q_auto/igashop/images/180000000223"
U By Kotex Brief Heavy 18,$25.00,N/A,https://www.igashop.com.au/static/default-product-image.png
Ocean Blue Smoked Ocean Trout 100g,$8.00,$8.00/100g,"https://cdn.metcash.media/image/upload/f_auto,c_limit,w_300,q_auto/igashop/images/160000002404"
Golden Circle Pickled Baby Beetroot 440g,$4.80,$1.09/100g,"https://cdn.metcash.media/image/upload/f_auto,c_limit,w_300,q_auto/igashop/images/965925"
Greenseas Sandwich Tuna Flakes 95g,$1.70,$1.79/100g,"https://cdn.metcash.media/image/upload/f_auto,c_limit,w_300,q_auto/igashop/images/443486"
Rosemary 25g,$4.00,$16.00/100g,https://www.igashop.com.au/static/default-product-image.png
Nobby's Beer Nuts 375g,$3.25,$0.87/100g,"https://cdn.metcash.media/image/upload/f_auto,c_limit,w_300,q_auto/igashop/images/88650"
Obento Mirin Seasoning 250mL,$4.40,$1.76/100mL,"https://cdn.metcash.media/image/upload/f_auto,c_limit,w_300,q_auto/igashop/images/20000006753"
Valley Produce Co. Artisan Crackers Carrot 130g,$5.00,$3.85/100g,"https://cdn.metcash.media/image/upload/f_auto,c_limit,w_300,q_auto/igashop/images/20000007260"
Peters Frosty Fruits Tropical 8 Pack,$9.00,$1.13 each,"https://cdn.metcash.media/image/upload/f_auto,c_limit,w_300,q_auto/igashop/images/121767"
Nature's Way Multivitamin 200 Pack,$17.85,$0.09 each,"https://cdn.metcash.media/image/upload/f_auto,c_limit,w_300,q_auto/igashop/images/160000018235"
Energizer Max Plus Advanced AA 16 Pack,$20.80,$1.30 each,"https://cdn.metcash.media/image/upload/f_auto,c_limit,w_300,q_auto/igashop/images/739471"
Scholl Party Feet Inserts Heel Shields,$9.60,N/A,"https://cdn.metcash.media/image/upload/f_auto,c_limit,w_300,q_auto/igashop/images/355646"
NIVEA UV Face Shine Control SPF50+ 50mL,$14.50,$29.00/100mL,"https://cdn.metcash.media/image/upload/f_auto,c_limit,w_300,q_auto/igashop/images/890599"
Sunbites Sea Salt Snack Crackers With Quinoa 105g,$2.75,$2.62/100g,"https://cdn.metcash.media/image/upload/f_auto,c_limit,w_300,q_auto/igashop/images/479377"
Cadbury Chocolate Medium Bar Twirl Strawberry 39g,$2.00,$5.13/100g,"https://cdn.metcash.media/image/upload/f_auto,c_limit,w_300,q_auto/igashop/images/694859"
Pledge Wood Magic Liquid Floor Cleaner 500mL,$6.80,$1.36/100mL,"https://cdn.metcash.media/image/upload/f_auto,c_limit,w_300,q_auto/igashop/images/25929"
Old El Paso Mexe Beans 425g,$4.50,$1.06/100g,"https://cdn.metcash.media/image/upload/f_auto,c_limit,w_300,q_auto/igashop/images/397520"
Pods Snickers Chocolate Share Pack 160g,$3.50,$2.19/100g,"https://cdn.metcash.media/image/upload/f_auto,c_limit,w_300,q_auto/igashop/images/622742"
Sanitarium Natural Crunchy Peanut Butter Spread 375g,$4.00,$1.07/100g,"https://cdn.metcash.media/image/upload/f_auto,c_limit,w_300,q_auto/igashop/images/905551"
Impulse Female Body Spray Festival Summer Edition 75mL,$6.00,$8.00/100mL,"https://cdn.metcash.media/image/upload/f_auto,c_limit,w_300,q_auto/igashop/images/920137"
Baker's Oven Roll Buffet 12 Pack,$4.35,$0.36 each,"https://cdn.metcash.media/image/upload/f_auto,c_limit,w_300,q_auto/igashop/images/197289"
Birds Eye Country Harvest Peas Carrots & Cauliflower 500g,$4.00,$0.80/100g,"https://cdn.metcash.media/image/upload/f_auto,c_limit,w_300,q_auto/igashop/images/102399"
Golden Circle Golden Pashion Fruit Drink Value Pack 24 Pack,$14.90,$0.62 each,"https://cdn.metcash.media/image/upload/f_auto,c_limit,w_300,q_auto/igashop/images/170000000788"
Continental Pasta & Sauce Alfredo Garlic & Herb 80g,$2.25,$2.81/100g,https://www.igashop.com.au/static/default-product-image.png
Sirena Brown Rice & Quinoa With Tuna 170g,$4.30,$2.53/100g,"https://cdn.metcash.media/image/upload/f_auto,c_limit,w_300,q_auto/igashop/images/945247"
Caffe Aurora Italian Blend Beans Coffee 1kg,$23.40,$23.40/kg,"https://cdn.metcash.media/image/upload/f_auto,c_limit,w_300,q_auto/igashop/images/780590"
Cornwell's Mint Sauce Mint 200mL,$2.50,$1.25/100mL,"https://cdn.metcash.media/image/upload/f_auto,c_limit,w_300,q_auto/igashop/images/36687"
Cadbury Dairy Milk Choc Orange Cookie 167g,$8.00,$4.79/100g,"https://cdn.metcash.media/image/upload/f_auto,c_limit,w_300,q_auto/igashop/images/499717"
Bakers Collection Pink Hearts 12 Pack,$6.00,$0.50 each,"https://cdn.metcash.media/image/upload/f_auto,c_limit,w_300,q_auto/igashop/images/20000006050"
Raw Pet Meats Roo Mince Pet Food 800g,$9.75,$1.22/100g,"https://cdn.metcash.media/image/upload/f_auto,c_limit,w_300,q_auto/igashop/images/20000004908"
Always Fresh Jalapeno Olives 230g,$6.00,$2.61/100g,"https://cdn.metcash.media/image/upload/f_auto,c_limit,w_300,q_auto/igashop/images/635025"
Doritos The Kingpin Burger 150g,$4.80,$3.20/100g,"https://cdn.metcash.media/image/upload/f_auto,c_limit,w_300,q_auto/igashop/images/241444"
Palmolive Naturals Intensive Moisture Shampoo 700mL,$7.00,$1.00/100mL,"https://cdn.metcash.media/image/upload/f_auto,c_limit,w_300,q_auto/igashop/images/328068"
Abe's Bagel Bakery Sesame Seed Bagels 4 Pack,$5.50,$1.38 each,"https://cdn.metcash.media/image/upload/f_auto,c_limit,w_300,q_auto/igashop/images/160000013121"
Kellys Candy Co Peanut Brittle 200g,$7.95,$3.98/100g,"https://cdn.metcash.media/image/upload/f_auto,c_limit,w_300,q_auto/igashop/images/20000001784"
Medix Paracetamol Capsule 20 Pack,$3.25,$0.16 each,"https://cdn.metcash.media/image/upload/f_auto,c_limit,w_300,q_auto/igashop/images/160000013359"
John West Lunch Kit Tuna Thousand Island Dressing 108g,$3.60,$3.33/100g,"https://cdn.metcash.media/image/upload/f_auto,c_limit,w_300,q_auto/igashop/images/391472"
Blistex Intensive Repair Balm 4.25g,$6.00,$141.18/100g,"https://cdn.metcash.media/image/upload/f_auto,c_limit,w_300,q_auto/igashop/images/329239"
Armor All Air Freshener Vanilla 2.5mL,$11.00,$440.00/100mL,"https://cdn.metcash.media/image/upload/f_auto,c_limit,w_300,q_auto/igashop/images/469411"
Community Co Naked Uncrystallised Ginger 200g,$4.60,$2.30/100g,"https://cdn.metcash.media/image/upload/f_auto,c_limit,w_300,q_auto/igashop/images/190000010530"
TRESemmé Hair Mask Silky Brunette 200mL,$14.30,$7.15/100mL,"https://cdn.metcash.media/image/upload/f_auto,c_limit,w_300,q_auto/igashop/images/184391"
DON Honey Thinly Sliced Leg Ham 100g,$4.75,$4.75/100g,"https://cdn.metcash.media/image/upload/f_auto,c_limit,w_300,q_auto/igashop/images/158227"
Barilla Pesto alla Genovese 190g,$4.75,$2.50/100g,"https://cdn.metcash.media/image/upload/f_auto,c_limit,w_300,q_auto/igashop/images/19059"
Extra White Bubblemint Chewing Gum Sugar Free 4 Pack,$5.00,$1.25 each,"https://cdn.metcash.media/image/upload/f_auto,c_limit,w_300,q_auto/igashop/images/323911"
Black & Gold Spaghetti In Tomato Sauce 410g,$0.90,$0.22/100g,"https://cdn.metcash.media/image/upload/f_auto,c_limit,w_300,q_auto/igashop/images/400289"
Leda Anzac Biscuits 250g,$4.00,$1.60/100g,https://www.igashop.com.au/static/default-product-image.png
Glen 20 Disinfectant Summer Garden 300g,$5.50,$1.83/100g,"https://cdn.metcash.media/image/upload/f_auto,c_limit,w_300,q_auto/igashop/images/765977"
Fussy Cat Bites & Gravy Poultry Pouch 960g,$9.50,$0.99/100g,https://www.igashop.com.au/static/default-product-image.png
Sharwood's Paste Tandoori Medium 290g,$6.50,$2.24/100g,"https://cdn.metcash.media/image/upload/f_auto,c_limit,w_300,q_auto/igashop/images/483240"
Barker's New Yorker Mustard Relish 250g,$6.55,$2.62/100g,"https://cdn.metcash.media/image/upload/f_auto,c_limit,w_300,q_auto/igashop/images/180000004245"
OMO Sensitive Laundry Detergent Powder Front & Top Loader 2kg,$14.00,$7.00/kg,"https://cdn.metcash.media/image/upload/f_auto,c_limit,w_300,q_auto/igashop/images/624736"
Ferrero Rocher Christmas Cube 225g,$10.00,$4.44/100g,"https://cdn.metcash.media/image/upload/f_auto,c_limit,w_300,q_auto/igashop/images/219984"
Aeroplane Jelly Berry Blue 85g,$1.80,$2.12/100g,"https://cdn.metcash.media/image/upload/f_auto,c_limit,w_300,q_auto/igashop/images/180000000142"
Pura Thick Cream Christmas Espresso Martini 300mL,$4.44,$1.48/100mL,"https://cdn.metcash.media/image/upload/f_auto,c_limit,w_300,q_auto/igashop/images/1800000069658"
Keen's Curry Powder 120g,$5.85,$4.88/100g,"https://cdn.metcash.media/image/upload/f_auto,c_limit,w_300,q_auto/igashop/images/9166"
Glade Suddenly Spring Aerosol 200g,$4.00,$2.00/100g,"https://cdn.metcash.media/image/upload/f_auto,c_limit,w_300,q_auto/igashop/images/610512"
Don Kabana 2kg,$21.50,$10.75/kg,"https://cdn.metcash.media/image/upload/f_auto,c_limit,w_300,q_auto/igashop/images/445001"
Mr Chen's Dumpling Favourite 500g,$13.00,$2.60/100g,https://www.igashop.com.au/static/default-product-image.png
Monster Energy Strawberry 500mL,$4.45,$0.89/100mL,https://www.igashop.com.au/static/default-product-image.png
Fruity Burst Minions Orange Drink 250mL,$2.85,$1.14/100mL,"https://cdn.metcash.media/image/upload/f_auto,c_limit,w_300,q_auto/igashop/images/20000002260"
NIVEA Pure Invisible Roll-On 50mL,$2.50,$5.00/100mL,"https://cdn.metcash.media/image/upload/f_auto,c_limit,w_300,q_auto/igashop/images/67947"
Energizer Max Plus Advanced Battery 9V,$10.50,N/A,"https://cdn.metcash.media/image/upload/f_auto,c_limit,w_300,q_auto/igashop/images/717754"
Alula S-26 Original Stage 1 Newborn Infant Formula 0-6 Months 900g,$19.00,$2.11/100g,"https://cdn.metcash.media/image/upload/f_auto,c_limit,w_300,q_auto/igashop/images/170000004674"
The Natural Chip Co. Sea Salt & Cracked Pepper Chips 175g,$4.00,$2.29/100g,"https://cdn.metcash.media/image/upload/f_auto,c_limit,w_300,q_auto/igashop/images/20000001758"
Isi Professional Chargers 10 Pack,$11.00,$1.10 each,"https://cdn.metcash.media/image/upload/f_auto,c_limit,w_300,q_auto/igashop/images/704418"
"Nature's Gift Deli Roll With Kangaroo, Sweet Potato & Peas Chilled 1.4kg",$6.00,$4.29/kg,"https://cdn.metcash.media/image/upload/f_auto,c_limit,w_300,q_auto/igashop/images/646453"
Nestlé KitKat Milkybar White Chocolate 160g,$5.25,$3.28/100g,"https://cdn.metcash.media/image/upload/f_auto,c_limit,w_300,q_auto/igashop/images/235435"
Whole Chinese Wombok Cabbage,$5.90,N/A,"https://cdn.metcash.media/image/upload/f_auto,c_limit,w_300,q_auto/igashop/images/80050007"
YoPRO Mixed Berries Pouch 150g,$3.20,$2.13/100g,"https://cdn.metcash.media/image/upload/f_auto,c_limit,w_300,q_auto/igashop/images/230286"
Bega Strong & Bitey Vintage Cheese 500g,$9.50,$1.90/100g,"https://cdn.metcash.media/image/upload/f_auto,c_limit,w_300,q_auto/igashop/images/112718"
Only Organic Vanilla Bean Custard 6+ Months Baby Food 120g,$2.15,$1.79/100g,"https://cdn.metcash.media/image/upload/f_auto,c_limit,w_300,q_auto/igashop/images/82625"
Morning Fresh Dishwashing Limited Edition 400mL,$3.00,$0.75/100mL,"https://cdn.metcash.media/image/upload/f_auto,c_limit,w_300,q_auto/igashop/images/929819"
Birds Eye Snap Frozen Garden Mix Carrot Beans Brocoli Cauli Capsicum 1kg,$6.50,$6.50/kg,"https://cdn.metcash.media/image/upload/f_auto,c_limit,w_300,q_auto/igashop/images/198332"
South Cape Cream Cheese Sweet Chilli 80g,$4.50,$5.63/100g,"https://cdn.metcash.media/image/upload/f_auto,c_limit,w_300,q_auto/igashop/images/517293"
McCormick Slow Cookers Roast Beef With Onion Gravy 40g,$1.80,$4.50/100g,"https://cdn.metcash.media/image/upload/f_auto,c_limit,w_300,q_auto/igashop/images/190000002891"
Eskal Gluten Free Pretzels 75g,$3.00,$4.00/100g,"https://cdn.metcash.media/image/upload/f_auto,c_limit,w_300,q_auto/igashop/images/190000004768"
Optimum Adult With Beef Vegetables & Rice Dry Dog Food 7kg,$33.75,$4.82/kg,"https://cdn.metcash.media/image/upload/f_auto,c_limit,w_300,q_auto/igashop/images/27557_1"
Bulla Murray St Ice Creamery Hazelnut & Fudge Swirl Multipack 4 Pack,$10.00,$2.50 each,"https://cdn.metcash.media/image/upload/f_auto,c_limit,w_300,q_auto/igashop/images/329234"
Huggie Quick Dry Fabric Conditioner Honeysuckle 1L,$8.00,$8.00/1L,"https://cdn.metcash.media/image/upload/f_auto,c_limit,w_300,q_auto/igashop/images/831825"
Temole Cauliflower Puffs Sour Cream 56g,$5.45,$9.73/100g,"https://cdn.metcash.media/image/upload/f_auto,c_limit,w_300,q_auto/igashop/images/190000004661"
Simson's Pantry High Protein Souvlaki 70g,$5.10,$7.29/100g,https://www.igashop.com.au/static/default-product-image.png
Dash Raspberry 330mL,$3.50,$1.06/100mL,"https://cdn.metcash.media/image/upload/f_auto,c_limit,w_300,q_auto/igashop/images/190000002075"
Green's Cake Mix Traditional Carrot 470g,$3.00,$0.64/100g,"https://cdn.metcash.media/image/upload/f_auto,c_limit,w_300,q_auto/igashop/images/613188"
Nestlé Aero Milky Bar Block 118g,$5.25,$4.45/100g,"https://cdn.metcash.media/image/upload/f_auto,c_limit,w_300,q_auto/igashop/images/656437"
Praise Dressing Mini Italian 140mL,$2.25,$1.61/100mL,"https://cdn.metcash.media/image/upload/f_auto,c_limit,w_300,q_auto/igashop/images/368047"
"Super Nature Wellness Bowl Satay Chicken & Quinoa, Chickpea & Wild Rice 350g",$8.05,$2.30/100g,"https://cdn.metcash.media/image/upload/f_auto,c_limit,w_300,q_auto/igashop/images/887818"
Bref Duo Cubes Original In Cistern 2 Pack,$5.00,$2.50 each,"https://cdn.metcash.media/image/upload/f_auto,c_limit,w_300,q_auto/igashop/images/610541"
MasterFoods Teriyaki Marinade 375g,$3.00,$0.80/100g,"https://cdn.metcash.media/image/upload/f_auto,c_limit,w_300,q_auto/igashop/images/609511"
San Remo #89 Casarecce 500g,$2.95,$0.59/100g,"https://cdn.metcash.media/image/upload/f_auto,c_limit,w_300,q_auto/igashop/images/790964"
Community Co Multi-Purpose Surface Wipes 50 Pack,$2.25,$0.05 each,"https://cdn.metcash.media/image/upload/f_auto,c_limit,w_300,q_auto/igashop/images/905218"
U By Kotex Regular Extra Pads With Wings 16 Pack,$5.60,$0.35 each,"https://cdn.metcash.media/image/upload/f_auto,c_limit,w_300,q_auto/igashop/images/55513"
Tony's Chocolonely Bar Caramel Sea Salt 47g,$4.75,$10.11/100g,https://www.igashop.com.au/static/default-product-image.png
INGHAM'S Frozen Turkey Thigh Roast Traditional 1kg,$13.00,$13.00/kg,"https://cdn.metcash.media/image/upload/f_auto,c_limit,w_300,q_auto/igashop/images/187226"
Baker's Oven Bread Rolls Hamburger 6 Pack,$4.50,$0.75 each,"https://cdn.metcash.media/image/upload/f_auto,c_limit,w_300,q_auto/igashop/images/32277"
Rafferty's Garden Old Fashioned Chocolate Custard 6+ Months 120g,$2.15,$1.79/100g,"https://cdn.metcash.media/image/upload/f_auto,c_limit,w_300,q_auto/igashop/images/5144"
Kirks Sugar Free Lemonade Multipack 375ml Cans Soft Drink 10 Pack,$15.00,$1.50 each,"https://cdn.metcash.media/image/upload/f_auto,c_limit,w_300,q_auto/igashop/images/84790_1"
Palmolive Naturals Milk & Honey Body Wash with Moisturising Milk 0% Parabens Recyclable 1L,$12.00,$12.00/1L,"https://cdn.metcash.media/image/upload/f_auto,c_limit,w_300,q_auto/igashop/images/90204"
Darrell Lea Raspberry Rocklea Road 170g,$5.00,$2.94/100g,https://www.igashop.com.au/static/default-product-image.png
Twinings Pure Peppermint Tea Bags 80 Pack,$13.50,$0.17 each,"https://cdn.metcash.media/image/upload/f_auto,c_limit,w_300,q_auto/igashop/images/991942"
U By Kotex Sport Tampons Super 16 Pack,$5.90,$0.37 each,"https://cdn.metcash.media/image/upload/f_auto,c_limit,w_300,q_auto/igashop/images/802282"
Multix Greener Plant Based Lemon Scent Tidy Bags Large 20 Pack,$4.30,$0.22 each,"https://cdn.metcash.media/image/upload/f_auto,c_limit,w_300,q_auto/igashop/images/606165"
The Juice Brothers Zesty Pear Burst 1L,$5.00,$5.00/1L,"https://cdn.metcash.media/image/upload/f_auto,c_limit,w_300,q_auto/igashop/images/1800000069669"
Dine Poultry Selection Saucy Morsels 14 Pack,$16.00,$1.14 each,"https://cdn.metcash.media/image/upload/f_auto,c_limit,w_300,q_auto/igashop/images/653154"
Kiddylicious Infant Bars Melts Strawberry & Banana 6g,$2.20,$36.67/100g,https://www.igashop.com.au/static/default-product-image.png
Schwarzkopf Extra Care Super Styling Lacquer 400g,$9.80,$2.45/100g,"https://cdn.metcash.media/image/upload/f_auto,c_limit,w_300,q_auto/igashop/images/937"
The Bar Counter High Protein Raspberry Truffle 40g,$4.00,$10.00/100g,"https://cdn.metcash.media/image/upload/f_auto,c_limit,w_300,q_auto/igashop/images/321621"
Allen's Strawberries & Cream 1.3kg,$22.10,$17.00/kg,"https://cdn.metcash.media/image/upload/f_auto,c_limit,w_300,q_auto/igashop/images/455483"
Fiji Natural Artesian Water 500mL,$2.70,$0.54/100mL,"https://cdn.metcash.media/image/upload/f_auto,c_limit,w_300,q_auto/igashop/images/514423"
Fussy Cat Grain Free Chicken & Turkey With Cranberry Wet Cat Food 400g,$2.20,$0.55/100g,"https://cdn.metcash.media/image/upload/f_auto,c_limit,w_300,q_auto/igashop/images/404225"
Just Juice Orange Mango Juice 6 Pack,$5.00,$0.83 each,"https://cdn.metcash.media/image/upload/f_auto,c_limit,w_300,q_auto/igashop/images/346595"
Bluey Milk Chocolate Easter Egg 40g,$4.00,$10.00/100g,https://www.igashop.com.au/static/default-product-image.png
Primo Champagne Ham 100g,$10.00,$10.00/100g,"https://cdn.metcash.media/image/upload/f_auto,c_limit,w_300,q_auto/igashop/images/180000006442"
Energizer AA Rechargeable Batteries 2 Pack,$14.00,$7.00 each,"https://cdn.metcash.media/image/upload/f_auto,c_limit,w_300,q_auto/igashop/images/20000007359"
Australian Organic Food Co. Tomato Bolognese Pasta Sauce 400g,$4.50,$1.13/100g,"https://cdn.metcash.media/image/upload/f_auto,c_limit,w_300,q_auto/igashop/images/156123"
Schar Digestive Biscuits 150g,$8.50,$5.67/100g,https://www.igashop.com.au/static/default-product-image.png
Kinder Surprise Easter Bunny - Pink 75g,$9.20,$12.27/100g,"https://cdn.metcash.media/image/upload/f_auto,c_limit,w_300,q_auto/igashop/images/190000009736"
Mortein PowerGard Crawling Insect Killer Surface Spray 350g,$12.25,$3.50/100g,"https://cdn.metcash.media/image/upload/f_auto,c_limit,w_300,q_auto/igashop/images/160000000998"
Crisco Canola Oil 750mL,$4.40,$0.59/100mL,"https://cdn.metcash.media/image/upload/f_auto,c_limit,w_300,q_auto/igashop/images/23189"
Chicken Tonight Simmer Sauce Stroganoff 475g,$4.00,$0.84/100g,"https://cdn.metcash.media/image/upload/f_auto,c_limit,w_300,q_auto/igashop/images/88634"
Primo 25% Less Salt Leg Ham 100g,$3.95,$3.95/100g,"https://cdn.metcash.media/image/upload/f_auto,c_limit,w_300,q_auto/igashop/images/25351"
Cadbury Old Gold Dark Chocolate Brandy Snaps 175g,$8.00,$4.57/100g,"https://cdn.metcash.media/image/upload/f_auto,c_limit,w_300,q_auto/igashop/images/584177"
Enzo's Spaghetti and Meatballs 350g,$10.95,$3.13/100g,"https://cdn.metcash.media/image/upload/f_auto,c_limit,w_300,q_auto/igashop/images/190000001299"
Pepsi Cola Soda Cans 30 Pack,$25.00,$0.83 each,"https://cdn.metcash.media/image/upload/f_auto,c_limit,w_300,q_auto/igashop/images/345895"
Femfresh Pocket Wipes 10 Pack,$3.10,$0.31 each,"https://cdn.metcash.media/image/upload/f_auto,c_limit,w_300,q_auto/igashop/images/747306"
Cadbury Special Treats Chocolate Sharepack 12 Pack,$5.00,$0.42 each,"https://cdn.metcash.media/image/upload/f_auto,c_limit,w_300,q_auto/igashop/images/307347"
Head & Shoulders Dry Scalp Care Coconut Oil Anti Dandruff Shampoo 200mL,$5.00,$2.50/100mL,"https://cdn.metcash.media/image/upload/f_auto,c_limit,w_300,q_auto/igashop/images/160000010988"
Deliredi Salami Mild 100g,$6.50,$6.50/100g,"https://cdn.metcash.media/image/upload/f_auto,c_limit,w_300,q_auto/igashop/images/20000003248"
Korbond Premium Gift Tags,$3.00,N/A,https://www.igashop.com.au/static/default-product-image.png
Continental Cup A Soup Lots Of Noodles Beef 2 Pack,$2.15,$1.08 each,"https://cdn.metcash.media/image/upload/f_auto,c_limit,w_300,q_auto/igashop/images/457922"
Masterfoods Sauce Spicy Jalapeno Burger Sauce 250mL,$4.50,$1.80/100mL,"https://cdn.metcash.media/image/upload/f_auto,c_limit,w_300,q_auto/igashop/images/260668"
Domestos Bleach Disinfectant Cleaner Regular 1.25L,$6.60,$5.28/1L,"https://cdn.metcash.media/image/upload/f_auto,c_limit,w_300,q_auto/igashop/images/180000000436"
Gravox Traditional Liquid Gravy 250g,$4.50,$1.80/100g,"https://cdn.metcash.media/image/upload/f_auto,c_limit,w_300,q_auto/igashop/images/6239"
Fanta Orange Soft Drink Multipack Cans 24 Pack,$37.50,$1.56 each,"https://cdn.metcash.media/image/upload/f_auto,c_limit,w_300,q_auto/igashop/images/48105"
Cremeux Double Brie 200g,$9.95,$4.98/100g,"https://cdn.metcash.media/image/upload/f_auto,c_limit,w_300,q_auto/igashop/images/190000002646"
Always Fresh Olives Black Sliced 235g,$4.00,$1.70/100g,"https://cdn.metcash.media/image/upload/f_auto,c_limit,w_300,q_auto/igashop/images/394378"
Dove Body Wash Hydrate 400mL,$4.70,$1.18/100mL,"https://cdn.metcash.media/image/upload/f_auto,c_limit,w_300,q_auto/igashop/images/1800000067532"
MasterFoods Finely Chopped Chilli 160g,$3.60,$2.25/100g,"https://cdn.metcash.media/image/upload/f_auto,c_limit,w_300,q_auto/igashop/images/491065"
Slape & Sons Ready To Roll Sausage Roll Mince 900g,$9.25,$1.03/100g,https://www.igashop.com.au/static/default-product-image.png
Lofthouse Fishermans Friend Lozenges Mixed Berries 25g,$3.20,$12.80/100g,https://www.igashop.com.au/static/default-product-image.png
Infacare Aspen Newborn 0 - 12 Months 900g,$14.50,$1.61/100g,"https://cdn.metcash.media/image/upload/f_auto,c_limit,w_300,q_auto/igashop/images/933583"
Mars Cookie Dough Funsize 192g,$4.90,$2.55/100g,"https://cdn.metcash.media/image/upload/f_auto,c_limit,w_300,q_auto/igashop/images/180000006337"
Ivan's Pie Beef Chunky Angus 440g,$14.50,$3.30/100g,https://www.igashop.com.au/static/default-product-image.png
Olina's Bakehouse Seeded Crackers Pepita Seed Gluten Free 100g,$6.90,$6.90/100g,"https://cdn.metcash.media/image/upload/f_auto,c_limit,w_300,q_auto/igashop/images/160000000897"
Noshu 95% Sugar Free Iced Carrot Cakes 180g,$7.50,$4.17/100g,"https://cdn.metcash.media/image/upload/f_auto,c_limit,w_300,q_auto/igashop/images/565288"
Windex Glass Cleaner 750mL,$6.95,$0.93/100mL,"https://cdn.metcash.media/image/upload/f_auto,c_limit,w_300,q_auto/igashop/images/64648"
Majans Infuzions Veggie Rings Aussie Barbecue 90g,$4.00,$4.44/100g,https://www.igashop.com.au/static/default-product-image.png
Glade Sense & Spray Automatic Spray Air Freshener Clean Lin Refill 12.2g,$6.30,$51.64/100g,"https://cdn.metcash.media/image/upload/f_auto,c_limit,w_300,q_auto/igashop/images/43922"
DON Honey Leg Ham Thinly Sliced 200g,$5.90,$2.95/100g,"https://cdn.metcash.media/image/upload/f_auto,c_limit,w_300,q_auto/igashop/images/20000006983"
Quorn Meat-Free Butter Chicken Style & Rice 350g,$9.00,$2.57/100g,https://www.igashop.com.au/static/default-product-image.png
Bulla Mint Vanilla Chocolate Ice Cream Bar 8 Pack,$5.00,$0.63 each,"https://cdn.metcash.media/image/upload/f_auto,c_limit,w_300,q_auto/igashop/images/204293"
Musashi Muscle Recovery Chocolate Drink 375mL,$4.95,$1.32/100mL,"https://cdn.metcash.media/image/upload/f_auto,c_limit,w_300,q_auto/igashop/images/190000001903"
Waterthins Crispbread Classic Cheddar Twists 110g,$4.98,$4.53/100g,"https://cdn.metcash.media/image/upload/f_auto,c_limit,w_300,q_auto/igashop/images/478693"
San Remo Spelt Spirals 250g,$4.00,$1.60/100g,"https://cdn.metcash.media/image/upload/f_auto,c_limit,w_300,q_auto/igashop/images/86616"
Lindor Tablet Tiramisu 100g,$8.50,$8.50/100g,https://www.igashop.com.au/static/default-product-image.png
Peters Original Rainbow Ice Cream 2L,$5.50,$2.75/1L,"https://cdn.metcash.media/image/upload/f_auto,c_limit,w_300,q_auto/igashop/images/745799"
Munch Teeth Mitt 3-12 Months Blue,$20.00,N/A,https://www.igashop.com.au/static/default-product-image.png
Primo Stackers Leg Ham Cracker And Cheese 150g,$10.00,$6.67/100g,"https://cdn.metcash.media/image/upload/f_auto,c_limit,w_300,q_auto/igashop/images/180000005786"
Perfect Italiano Parmesan Cheese 100g,$3.95,$3.95/100g,"https://cdn.metcash.media/image/upload/f_auto,c_limit,w_300,q_auto/igashop/images/391972"
Medix Honey & Lemon Lozenges - 16 Capsules,$5.15,N/A,"https://cdn.metcash.media/image/upload/f_auto,c_limit,w_300,q_auto/igashop/images/841391"
MasterFoods Vanillin Sugar 65g,$3.50,$5.38/100g,"https://cdn.metcash.media/image/upload/f_auto,c_limit,w_300,q_auto/igashop/images/363466"
Kinder Figurines Christmas 90g,$2.50,$2.78/100g,"https://cdn.metcash.media/image/upload/f_auto,c_limit,w_300,q_auto/igashop/images/26909"
Green's Deluxe Mocha Brownie Mix 500g,$5.20,$1.04/100g,"https://cdn.metcash.media/image/upload/f_auto,c_limit,w_300,q_auto/igashop/images/180000005558"
Kangaroo Island Olives Smoked Kalamata Olives 185g,$8.50,$4.59/100g,https://www.igashop.com.au/static/default-product-image.png
Primo Twiggy Sticks 200g,$8.40,$4.20/100g,"https://cdn.metcash.media/image/upload/f_auto,c_limit,w_300,q_auto/igashop/images/270870"
Community Co Soy Linseed Sourdough Sliced 630g,$8.65,$1.37/100g,"https://cdn.metcash.media/image/upload/f_auto,c_limit,w_300,q_auto/igashop/images/319019"
CSR Treacle Syrup 850g,$6.00,$0.71/100g,"https://cdn.metcash.media/image/upload/f_auto,c_limit,w_300,q_auto/igashop/images/620305"
Dolmio Extra Italian Herbs Pasta Sauce 500g,$4.60,$0.92/100g,"https://cdn.metcash.media/image/upload/f_auto,c_limit,w_300,q_auto/igashop/images/390159"
"Birds Eye Snap Frozen Spring Green Mix Green Beans, Peas & Broccoli 1kg",$6.50,$6.50/kg,"https://cdn.metcash.media/image/upload/f_auto,c_limit,w_300,q_auto/igashop/images/149244"
Colgate Cavity Protection Great Regular Flavour Fluoride Toothpaste with Liquid Calcium 120g,$2.80,$2.33/100g,"https://cdn.metcash.media/image/upload/f_auto,c_limit,w_300,q_auto/igashop/images/440292"
Grinders Crema Coffee Beans 500g,$29.00,$5.80/100g,"https://cdn.metcash.media/image/upload/f_auto,c_limit,w_300,q_auto/igashop/images/592308"
Always Fresh Traditional Sauerkraut 460g,$4.30,$0.93/100g,"https://cdn.metcash.media/image/upload/f_auto,c_limit,w_300,q_auto/igashop/images/637404"
Youfoodz Multivitamin Squeeze 350mL,$4.40,$1.26/100mL,"https://cdn.metcash.media/image/upload/f_auto,c_limit,w_300,q_auto/igashop/images/180000006565"
Multix Bake 10m x 30cm,$4.00,N/A,"https://cdn.metcash.media/image/upload/f_auto,c_limit,w_300,q_auto/igashop/images/482749"
Primo Mild Pepperoni Twiggy Tasty Cheese & Pizza Lovers Shapes 54g,$3.00,$5.56/100g,"https://cdn.metcash.media/image/upload/f_auto,c_limit,w_300,q_auto/igashop/images/637768"
Nescafé Blend 43 Original 250g,$24.10,$9.64/100g,"https://cdn.metcash.media/image/upload/f_auto,c_limit,w_300,q_auto/igashop/images/10924"
The Olive Branch Rocket Fetta & Bell Pepper Dip 200g,$6.95,$3.48/100g,"https://cdn.metcash.media/image/upload/f_auto,c_limit,w_300,q_auto/igashop/images/20000004080"
Darrell Lea Twists Dark Chocolate Liquorice 200g,$6.00,$3.00/100g,"https://cdn.metcash.media/image/upload/f_auto,c_limit,w_300,q_auto/igashop/images/459385"
Planet Organic Chamomile Tea Bags 25 Pack,$6.00,$0.24 each,"https://cdn.metcash.media/image/upload/f_auto,c_limit,w_300,q_auto/igashop/images/20000005377"
Nescafe Mocha Coffee Multipack 26 Pack,$12.50,$0.48 each,"https://cdn.metcash.media/image/upload/f_auto,c_limit,w_300,q_auto/igashop/images/1800000068868"
Birds Eye Air Baked Flathead 250g,$8.50,$3.40/100g,"https://cdn.metcash.media/image/upload/f_auto,c_limit,w_300,q_auto/igashop/images/180000003507"
Roza's Gourmet Green Crackers 120g,$5.00,$4.17/100g,"https://cdn.metcash.media/image/upload/f_auto,c_limit,w_300,q_auto/igashop/images/160000012421"
My Dog Treats With Juicy Lamb And Barbecue Flavour 100g,$4.00,$4.00/100g,https://www.igashop.com.au/static/default-product-image.png
Mortein Kills Rats & Mice Throwpacks 4 Pack,$11.40,$2.85 each,"https://cdn.metcash.media/image/upload/f_auto,c_limit,w_300,q_auto/igashop/images/740697"
Lipt Teabag Black Tea Quality 200g,$7.00,$3.50/100g,https://www.igashop.com.au/static/default-product-image.png
Kewpie Mayonnaise Wasabi Flavour 300g,$5.50,$1.83/100g,"https://cdn.metcash.media/image/upload/f_auto,c_limit,w_300,q_auto/igashop/images/305073"
Gourmet Garden Chilli 80g,$4.50,$5.63/100g,https://www.igashop.com.au/static/default-product-image.png
Baked Provisions Chicken & Curry Pies 420g,$8.50,$2.02/100g,"https://cdn.metcash.media/image/upload/f_auto,c_limit,w_300,q_auto/igashop/images/687886"
Extra White Peppermint Chewing Gum Sugar Free Bottle 64g,$4.70,$7.34/100g,"https://cdn.metcash.media/image/upload/f_auto,c_limit,w_300,q_auto/igashop/images/499827"
Johnson's Baby Shampoo 500mL,$8.80,$1.76/100mL,"https://cdn.metcash.media/image/upload/f_auto,c_limit,w_300,q_auto/igashop/images/471104"
Youjuice Blue Tropics 350mL,$4.40,$12.57/1L,"https://cdn.metcash.media/image/upload/f_auto,c_limit,w_300,q_auto/igashop/images/214154"
Sanpellegrino Limonata 330mL,$3.50,$1.06/100mL,"https://cdn.metcash.media/image/upload/f_auto,c_limit,w_300,q_auto/igashop/images/20000003398"
V Refresh Energy Drink Pineapple Watermelon 4 Pack,$16.75,$4.19 each,https://www.igashop.com.au/static/default-product-image.png
Bakers Oven Entertainer Rolls 4 Pack,$3.05,$0.76 each,"https://cdn.metcash.media/image/upload/f_auto,c_limit,w_300,q_auto/igashop/images/511603"
Youfoodz Iced Caramel Latte 250mL,$4.50,$1.80/100mL,https://www.igashop.com.au/static/default-product-image.png
Hi Fresh Spinach 120g,$2.08,$1.73/100g,https://www.igashop.com.au/static/default-product-image.png
Trident Singapore Flavour Instant Noodles 425g,$4.50,$1.06/100g,"https://cdn.metcash.media/image/upload/f_auto,c_limit,w_300,q_auto/igashop/images/180000003255"
Old El Paso Burrito Tortillas Jumbo 6 Pack,$6.50,$1.08 each,"https://cdn.metcash.media/image/upload/f_auto,c_limit,w_300,q_auto/igashop/images/25246"
Black & Gold Milk Arrowroot 250g,$1.50,$0.60/100g,"https://cdn.metcash.media/image/upload/f_auto,c_limit,w_300,q_auto/igashop/images/422634"
Mr Beast Feastables Milk Chocolate 60g,$4.00,$6.67/100g,"https://cdn.metcash.media/image/upload/f_auto,c_limit,w_300,q_auto/igashop/images/512837"
Bakers Collection Gluten Free Fruit Mince Bites 260g,$4.00,$1.54/100g,"https://cdn.metcash.media/image/upload/f_auto,c_limit,w_300,q_auto/igashop/images/180000002104"
Starbucks Capsules Decaf Espresso Roast 10 Pack,$6.50,$0.65 each,"https://cdn.metcash.media/image/upload/f_auto,c_limit,w_300,q_auto/igashop/images/160000013899"
Calbee Harvest Snaps Wasabi 93g,$3.50,$3.76/100g,"https://cdn.metcash.media/image/upload/f_auto,c_limit,w_300,q_auto/igashop/images/891731"
Optimum Adult with Lamb & Rice Can 400g,$2.80,$0.70/100g,"https://cdn.metcash.media/image/upload/f_auto,c_limit,w_300,q_auto/igashop/images/424589"
Brut Aftershave Boxed 100mL,$6.25,$6.25/100mL,"https://cdn.metcash.media/image/upload/f_auto,c_limit,w_300,q_auto/igashop/images/52934"
My Muscle Chef Coconut Turmeric Chicken With Pumpkin Mash 350g,$11.95,$3.41/100g,"https://cdn.metcash.media/image/upload/f_auto,c_limit,w_300,q_auto/igashop/images/577670"
Campbell's Real Chicken Liquid Stock Salt Reduced 500mL,$2.75,$0.55/100mL,"https://cdn.metcash.media/image/upload/f_auto,c_limit,w_300,q_auto/igashop/images/315934"
Darrell Lea Milk Chocolate Liquorice Bullets 250g,$3.80,$1.52/100g,"https://cdn.metcash.media/image/upload/f_auto,c_limit,w_300,q_auto/igashop/images/459628"
Skittles Giants Sours 160g,$6.00,$3.75/100g,"https://cdn.metcash.media/image/upload/f_auto,c_limit,w_300,q_auto/igashop/images/601709"
Three Threes Pepper Pickled Onions 500g,$5.25,$1.05/100g,"https://cdn.metcash.media/image/upload/f_auto,c_limit,w_300,q_auto/igashop/images/420755"
Cancer Council Kids SPF 50 Sunscreen 110mL,$12.60,$11.45/100mL,"https://cdn.metcash.media/image/upload/f_auto,c_limit,w_300,q_auto/igashop/images/380442"
Quorn Meat-Free Creamy Chicken Style Pasta 350g,$9.00,$2.57/100g,https://www.igashop.com.au/static/default-product-image.png
Allen's Black Cats 170g,$3.50,$2.06/100g,"https://cdn.metcash.media/image/upload/f_auto,c_limit,w_300,q_auto/igashop/images/965386"
Mount Franklin Spring Water Bottle 600mL,$2.45,$0.41/100mL,"https://cdn.metcash.media/image/upload/f_auto,c_limit,w_300,q_auto/igashop/images/649375"
Nescafe Gold Roastery Coffee Dark Roast Can 95g,$13.50,$14.21/100g,"https://cdn.metcash.media/image/upload/f_auto,c_limit,w_300,q_auto/igashop/images/619451"
Colman's Horseradish Sauce 136g,$5.30,$3.90/100g,"https://cdn.metcash.media/image/upload/f_auto,c_limit,w_300,q_auto/igashop/images/20000000153"
Bulla Cool Down Assortment Party Pack 30 Pack,$17.55,$0.58 each,"https://cdn.metcash.media/image/upload/f_auto,c_limit,w_300,q_auto/igashop/images/717411"
Community Gardens The Bronx Greenmarket Hot Sauce 140g,$3.75,$2.68/100g,"https://cdn.metcash.media/image/upload/f_auto,c_limit,w_300,q_auto/igashop/images/160000013589"
Little Bellies Banana Softcorn 8g,$1.95,$24.38/100g,"https://cdn.metcash.media/image/upload/f_auto,c_limit,w_300,q_auto/igashop/images/745919"
Peckish White Tray BBQ 90g,$2.10,$2.33/100g,https://www.igashop.com.au/static/default-product-image.png
Purity Sensitive Ultra Concentrate Laundry Liquid 4L,$14.50,$3.63/1L,"https://cdn.metcash.media/image/upload/f_auto,c_limit,w_300,q_auto/igashop/images/845604"
Yoplait Zero Yoghurt Strawberry 1kg,$4.95,$4.95/kg,"https://cdn.metcash.media/image/upload/f_auto,c_limit,w_300,q_auto/igashop/images/142111"
Healtheries Potato Stix Funmix 12 Pack,$8.50,$0.71 each,"https://cdn.metcash.media/image/upload/f_auto,c_limit,w_300,q_auto/igashop/images/578854"
Command 3M Medium Adhesive Hooks 2 Pack,$6.50,$3.25 each,"https://cdn.metcash.media/image/upload/f_auto,c_limit,w_300,q_auto/igashop/images/20000000009"
Noshu 98% Sugar Free White Choc & Raspberry Blondie Slices 180g,$7.00,$3.89/100g,"https://cdn.metcash.media/image/upload/f_auto,c_limit,w_300,q_auto/igashop/images/565351"
Quilton Classic White Toilet Tissue 3 Ply 18 Pack,$10.60,$0.59 each,"https://cdn.metcash.media/image/upload/f_auto,c_limit,w_300,q_auto/igashop/images/240838"
Heinz Big N Chunky Canned Soup Beef & Vegetable 535g,$4.40,$0.82/100g,"https://cdn.metcash.media/image/upload/f_auto,c_limit,w_300,q_auto/igashop/images/331524"
Cheer Cheese Light & Tasty Cheese 32 Slices 500g,$11.00,$2.20/100g,"https://cdn.metcash.media/image/upload/f_auto,c_limit,w_300,q_auto/igashop/images/122006"
Home Store Hangers Coat 5 Pack,$3.00,$0.60 each,"https://cdn.metcash.media/image/upload/f_auto,c_limit,w_300,q_auto/igashop/images/268763"
Sunsilk Biotin Shampoo Longer & Stronger 350mL,$7.50,$2.14/100mL,"https://cdn.metcash.media/image/upload/f_auto,c_limit,w_300,q_auto/igashop/images/618175"
Men's Hipster Brief Size 105-110 Black or White 3 Pack,$13.50,$4.50 each,"https://cdn.metcash.media/image/upload/f_auto,c_limit,w_300,q_auto/igashop/images/180000001379"
Aunt Betty's Creamy Rice Dessert Natural Vanilla 2 Pack,$4.90,$2.45 each,"https://cdn.metcash.media/image/upload/f_auto,c_limit,w_300,q_auto/igashop/images/160000012002"
Life Savers Duos Sour Rings 180g,$5.00,$2.78/100g,"https://cdn.metcash.media/image/upload/f_auto,c_limit,w_300,q_auto/igashop/images/153560"
Nanna's Apple Crumble 550g,$6.50,$1.18/100g,"https://cdn.metcash.media/image/upload/f_auto,c_limit,w_300,q_auto/igashop/images/155685"
Mentos Mint Roll 37.5g,$1.25,$3.33/100g,"https://cdn.metcash.media/image/upload/f_auto,c_limit,w_300,q_auto/igashop/images/160000000565"
Spice & Co Cracked Black Pepper 55g,$3.75,$6.82/100g,"https://cdn.metcash.media/image/upload/f_auto,c_limit,w_300,q_auto/igashop/images/190000002416"
Karicare 1 Baby Infant Formula From Birth to 6 Months 900g,$20.00,$2.22/100g,"https://cdn.metcash.media/image/upload/f_auto,c_limit,w_300,q_auto/igashop/images/372850"
Kettle Sea Salt Chips 165g,$3.00,$1.82/100g,"https://cdn.metcash.media/image/upload/f_auto,c_limit,w_300,q_auto/igashop/images/649040"
Cottee's Cordial Coola Cordial 1L,$5.50,$5.50/1L,https://www.igashop.com.au/static/default-product-image.png
Sukin Certified Organic Rose Hip Oil 25mL,$27.00,$108.00/100mL,"https://cdn.metcash.media/image/upload/f_auto,c_limit,w_300,q_auto/igashop/images/160000012525"
Sunbeam Skinless Hazelnuts 120g,$5.60,$4.67/100g,"https://cdn.metcash.media/image/upload/f_auto,c_limit,w_300,q_auto/igashop/images/372020"
Lyle's Black Treacle 454g,$5.15,$1.13/100g,"https://cdn.metcash.media/image/upload/f_auto,c_limit,w_300,q_auto/igashop/images/190000002260"
Purina Fancy Feast Adult Pet Food Classic Beef & Chicken 85g,$1.60,$1.88/100g,"https://cdn.metcash.media/image/upload/f_auto,c_limit,w_300,q_auto/igashop/images/581394"
Three Threes Pickled Onions 520g,$5.25,$1.01/100g,"https://cdn.metcash.media/image/upload/f_auto,c_limit,w_300,q_auto/igashop/images/322208"
Listerine Total Care Mouthwash Clean Mint 250mL,$6.30,$2.52/100mL,"https://cdn.metcash.media/image/upload/f_auto,c_limit,w_300,q_auto/igashop/images/423232"
Cadbury Dairy Milk Freddo Milky Top Sharepack 12 Pack,$7.50,$0.62 each,"https://cdn.metcash.media/image/upload/f_auto,c_limit,w_300,q_auto/igashop/images/873487"
The Paw Grocer Chicken Wing Tips 90g,$13.00,$14.44/100g,"https://cdn.metcash.media/image/upload/f_auto,c_limit,w_300,q_auto/igashop/images/206606"
Stockmans Extra Large Caged Eggs 700g,$7.50,$1.07/100g,"https://cdn.metcash.media/image/upload/f_auto,c_limit,w_300,q_auto/igashop/images/20000006532"
Voost Multivitamin C + Minerals Orange Tablets 20 Pack,$11.00,$0.55 each,"https://cdn.metcash.media/image/upload/f_auto,c_limit,w_300,q_auto/igashop/images/160000010396"
Marion's Kitchen Cashew Chicken Cooking Kit 330g,$8.50,$2.58/100g,"https://cdn.metcash.media/image/upload/f_auto,c_limit,w_300,q_auto/igashop/images/843929"
Tostitos Restaurant Style Smoked Chipotle & Sour Cream 165g,$5.20,$3.15/100g,"https://cdn.metcash.media/image/upload/f_auto,c_limit,w_300,q_auto/igashop/images/300353"
Coca Cola Zero Sugar 1L,$5.05,$5.05/1L,"https://cdn.metcash.media/image/upload/f_auto,c_limit,w_300,q_auto/igashop/images/363225"
Yarrows Rocky Road Hot Cross Bun 4 Pack,$5.00,$1.25 each,https://www.igashop.com.au/static/default-product-image.png
Ben & Jerry's Ice Cream Triple Caramel Chunk 458mL,$14.50,$3.17/100mL,"https://cdn.metcash.media/image/upload/f_auto,c_limit,w_300,q_auto/igashop/images/893699"
Huggies Essential Size 4 Toddler 46 Pack,$16.00,$0.35 each,"https://cdn.metcash.media/image/upload/f_auto,c_limit,w_300,q_auto/igashop/images/986573"
Marbig Arch Lever File A4 Black,$7.30,N/A,"https://cdn.metcash.media/image/upload/f_auto,c_limit,w_300,q_auto/igashop/images/230281"
McCain Quick Cook Hash Browns Crunchy 525g,$5.90,$1.12/100g,"https://cdn.metcash.media/image/upload/f_auto,c_limit,w_300,q_auto/igashop/images/150000007845"
Dare Iced Coffee Triple Espresso 500mL,$2.95,$0.59/100mL,"https://cdn.metcash.media/image/upload/f_auto,c_limit,w_300,q_auto/igashop/images/564402"
Aeroplane Jelly Original Orange 85g,$1.80,$2.12/100g,"https://cdn.metcash.media/image/upload/f_auto,c_limit,w_300,q_auto/igashop/images/180000000146"
Black & Gold Tuna Chunks In Springwater 425g,$3.30,$0.78/100g,"https://cdn.metcash.media/image/upload/f_auto,c_limit,w_300,q_auto/igashop/images/25173"
Fitness Outcomes Cashew Chicken & Vegetable Stir Fry 350g,$9.50,$2.71/100g,"https://cdn.metcash.media/image/upload/f_auto,c_limit,w_300,q_auto/igashop/images/160000013197"
Purina Total Care Palatable Allwormer Cat Kittens Treatment Tablets,$16.50,N/A,"https://cdn.metcash.media/image/upload/f_auto,c_limit,w_300,q_auto/igashop/images/707880"
Glick's Plain Bagels 4 Pack,$3.90,$0.98 each,"https://cdn.metcash.media/image/upload/f_auto,c_limit,w_300,q_auto/igashop/images/9000"
Fluffy Crunch Galaxy Pop Rocks Gourmet Fairy Floss 50g,$6.50,$13.00/100g,https://www.igashop.com.au/static/default-product-image.png
Meredith Dairy Marinated Goat Cheese 320g,$13.80,$4.31/100g,"https://cdn.metcash.media/image/upload/f_auto,c_limit,w_300,q_auto/igashop/images/991654"
Lauria Specialty Sweets Tropicana 190g,$8.99,$4.73/100g,"https://cdn.metcash.media/image/upload/f_auto,c_limit,w_300,q_auto/igashop/images/20000000208"
T2 Tea Bag English Breakfast 25 Pack,$14.50,$0.58 each,"https://cdn.metcash.media/image/upload/f_auto,c_limit,w_300,q_auto/igashop/images/160000003391"
McKenzie's Himalayan Pink Rock Salt Large Grinder 410g,$7.50,$1.83/100g,"https://cdn.metcash.media/image/upload/f_auto,c_limit,w_300,q_auto/igashop/images/190000002894"
Pantene Pro-V Colour Protection Shampoo 375mL,$10.00,$2.67/100mL,"https://cdn.metcash.media/image/upload/f_auto,c_limit,w_300,q_auto/igashop/images/781651"
Berocca Sport Electrolyte Powder Orange 24 Pack,$27.00,$1.13 each,"https://cdn.metcash.media/image/upload/f_auto,c_limit,w_300,q_auto/igashop/images/442820"
Rafferty's Garden Chickpea Corn & Carrot 8+ Months 120g,$2.30,$1.92/100g,"https://cdn.metcash.media/image/upload/f_auto,c_limit,w_300,q_auto/igashop/images/24986"
Gillette Venus ComfortGlide White Tea Women's Disposable Razor 2 Pack,$10.50,$5.25 each,"https://cdn.metcash.media/image/upload/f_auto,c_limit,w_300,q_auto/igashop/images/13804"
Piksters Interdental Brushes Yellow Size 3 10 Pack,$7.45,$0.75 each,"https://cdn.metcash.media/image/upload/f_auto,c_limit,w_300,q_auto/igashop/images/844242"
MasterFoods Tuscan Meatballs Stove Top Recipe Base 175g,$2.70,$1.54/100g,"https://cdn.metcash.media/image/upload/f_auto,c_limit,w_300,q_auto/igashop/images/349755"
Fantastic Chicken Noodle Cup 70g,$1.75,$2.50/100g,"https://cdn.metcash.media/image/upload/f_auto,c_limit,w_300,q_auto/igashop/images/320832"
Purina Total Care Stretchy Grunter Dog Toy,$16.50,N/A,"https://cdn.metcash.media/image/upload/f_auto,c_limit,w_300,q_auto/igashop/images/150000000541"
Prepack Leeks 3 Pack,$5.95,$1.98 each,"https://cdn.metcash.media/image/upload/f_auto,c_limit,w_300,q_auto/igashop/images/180000003457"
Air Wick Pure Air Freshener Spring 159g,$8.00,$5.03/100g,"https://cdn.metcash.media/image/upload/f_auto,c_limit,w_300,q_auto/igashop/images/759379"
Fantastic Delites Traditional Chicken 100g,$2.80,$2.80/100g,"https://cdn.metcash.media/image/upload/f_auto,c_limit,w_300,q_auto/igashop/images/70987"
Mutti Organic Passata 560g,$4.60,$0.82/100g,"https://cdn.metcash.media/image/upload/f_auto,c_limit,w_300,q_auto/igashop/images/509070"
Old El Paso Burrito Bowl Kit 240g,$9.50,$3.96/100g,"https://cdn.metcash.media/image/upload/f_auto,c_limit,w_300,q_auto/igashop/images/274138"
Peters Lactose Free Ice Cream Creamy Vanilla 1.2L,$9.00,$7.50/1L,"https://cdn.metcash.media/image/upload/f_auto,c_limit,w_300,q_auto/igashop/images/143191"
Jordans Granola Low Sugar Almond Hazelnut 500g,$7.00,$1.40/100g,"https://cdn.metcash.media/image/upload/f_auto,c_limit,w_300,q_auto/igashop/images/752055"
Tic Tac Peppermint 24g,$2.30,$9.58/100g,"https://cdn.metcash.media/image/upload/f_auto,c_limit,w_300,q_auto/igashop/images/380264"
Red Rock Deli Thai Chili and Lime Deli Style Potato Chips 165g,$6.00,$3.64/100g,"https://cdn.metcash.media/image/upload/f_auto,c_limit,w_300,q_auto/igashop/images/950179"
Always Fresh Baby Cucumbers 680g,$6.70,$0.99/100g,"https://cdn.metcash.media/image/upload/f_auto,c_limit,w_300,q_auto/igashop/images/682763"
Leggo's Pizza Sauce Sachets 4 Pack,$3.20,$0.80 each,"https://cdn.metcash.media/image/upload/f_auto,c_limit,w_300,q_auto/igashop/images/11116"
OB Finest Specialty Crackers Gluten Free Date & Almond 130g,$5.00,$3.85/100g,"https://cdn.metcash.media/image/upload/f_auto,c_limit,w_300,q_auto/igashop/images/80199"
Cadbury Dairy Milk Chocolate Block 315g,$8.50,$2.70/100g,"https://cdn.metcash.media/image/upload/f_auto,c_limit,w_300,q_auto/igashop/images/1800000067968"
Remedy Organic Kombucha Wild Berry 4 Pack,$7.00,$1.75 each,"https://cdn.metcash.media/image/upload/f_auto,c_limit,w_300,q_auto/igashop/images/160000012379"
Chux Heavy Duty Superwipes Roll 25 Pack,$7.50,$0.30 each,"https://cdn.metcash.media/image/upload/f_auto,c_limit,w_300,q_auto/igashop/images/309637"
Calbee Hooleys Sweet Chilli Rings 90g,$4.45,$4.94/100g,"https://cdn.metcash.media/image/upload/f_auto,c_limit,w_300,q_auto/igashop/images/179605"
Norsca Forest Fresh Pump 150mL,$6.80,$4.53/100mL,"https://cdn.metcash.media/image/upload/f_auto,c_limit,w_300,q_auto/igashop/images/335578"
Bickford & Sons Ginger Ale 6 Pack,$8.70,$1.45 each,https://www.igashop.com.au/static/default-product-image.png
Bref Pro Nature Grapefruit Rim Block Toilet Cleaner 50g,$6.00,$12.00/100g,"https://cdn.metcash.media/image/upload/f_auto,c_limit,w_300,q_auto/igashop/images/272694"
Dr. Oetker Queen Icing Salted Caramel Flavouring 50mL,$2.15,$4.30/100mL,"https://cdn.metcash.media/image/upload/f_auto,c_limit,w_300,q_auto/igashop/images/232830"
The Gourmet Sausage Company Chicken Sage & Roast Onion 500g,$10.00,$2.00/100g,"https://cdn.metcash.media/image/upload/f_auto,c_limit,w_300,q_auto/igashop/images/4079"
Old El Paso Burrito Tortillas Jumbo 6 Pack,$6.50,$1.08 each,"https://cdn.metcash.media/image/upload/f_auto,c_limit,w_300,q_auto/igashop/images/20000006748"
MasterFoods Squeezy Hot Chilli Sauce 250mL,$3.80,$1.52/100mL,"https://cdn.metcash.media/image/upload/f_auto,c_limit,w_300,q_auto/igashop/images/948745"
Youfoodz Fuel'd Vanilla Choc Chip High Protein Cookie 100g,$5.50,$5.50/100g,"https://cdn.metcash.media/image/upload/f_auto,c_limit,w_300,q_auto/igashop/images/665907"
Patak's Madras Paste 283g,$7.50,$2.65/100g,"https://cdn.metcash.media/image/upload/f_auto,c_limit,w_300,q_auto/igashop/images/607137"
Cadbury Dairy Milk Chocolate Christmas Santa Sharepack 144g,$2.00,$1.39/100g,"https://cdn.metcash.media/image/upload/f_auto,c_limit,w_300,q_auto/igashop/images/398547"
Heinz Soup Of The Day Pouch Mushroom With Thyme 430g,$4.50,$1.05/100g,"https://cdn.metcash.media/image/upload/f_auto,c_limit,w_300,q_auto/igashop/images/380659"
Refil Creamy Caramel Snack Bar 120g,$8.00,$6.67/100g,https://www.igashop.com.au/static/default-product-image.png
Community Co Dinner Napkins Paper 50 Pack,$3.00,$0.06 each,"https://cdn.metcash.media/image/upload/f_auto,c_limit,w_300,q_auto/igashop/images/1800000068455"
Advil Children 2-7 Years Chewable Raspberry 20 Pack,$10.50,$0.53 each,"https://cdn.metcash.media/image/upload/f_auto,c_limit,w_300,q_auto/igashop/images/170000000214"
KB's Australian Blue Grenadier 1kg,$17.95,$17.95/kg,"https://cdn.metcash.media/image/upload/f_auto,c_limit,w_300,q_auto/igashop/images/180000000710"
Chux Dish Scrubber,$5.50,N/A,"https://cdn.metcash.media/image/upload/f_auto,c_limit,w_300,q_auto/igashop/images/270118"
Orgran Outback Animals Chocolate Cookies 175g,$5.50,$3.14/100g,"https://cdn.metcash.media/image/upload/f_auto,c_limit,w_300,q_auto/igashop/images/180000000736"
Coca Cola Cherry Can 330mL,$3.15,$0.95/100mL,"https://cdn.metcash.media/image/upload/f_auto,c_limit,w_300,q_auto/igashop/images/160000018129"
Willy Wonka Nerds Confectionery Rainbow Rope 26.1g,$3.25,$12.45/100g,"https://cdn.metcash.media/image/upload/f_auto,c_limit,w_300,q_auto/igashop/images/976581"
Grill Society Kickin Hot Sauce 280g,$3.90,$1.39/100g,"https://cdn.metcash.media/image/upload/f_auto,c_limit,w_300,q_auto/igashop/images/286318"
Devondale Extra Soft Tub Regular 250g,$4.00,$1.60/100g,"https://cdn.metcash.media/image/upload/f_auto,c_limit,w_300,q_auto/igashop/images/192865"
Schulte's Garlic Beerstick 3 Pack,$11.00,$3.67 each,"https://cdn.metcash.media/image/upload/f_auto,c_limit,w_300,q_auto/igashop/images/190000004855"
Gillette Fusion Proshield Flexball Razor Handle + 2 Cartridges,$29.00,N/A,"https://cdn.metcash.media/image/upload/f_auto,c_limit,w_300,q_auto/igashop/images/160000010986"
Tamar Valley Dairy Greek Yoghurt Pouch Banana 110g,$2.50,$2.27/100g,"https://cdn.metcash.media/image/upload/f_auto,c_limit,w_300,q_auto/igashop/images/971248"
Toscano Toscano Pizza Base Twin Pack 300g,$6.30,$2.10/100g,"https://cdn.metcash.media/image/upload/f_auto,c_limit,w_300,q_auto/igashop/images/180000000387"
Chux Original Superwipes Giant 5 Pack,$3.30,$0.66 each,"https://cdn.metcash.media/image/upload/f_auto,c_limit,w_300,q_auto/igashop/images/69282"
Local Legends Beef Jerky Original 55g,$4.30,$7.82/100g,"https://cdn.metcash.media/image/upload/f_auto,c_limit,w_300,q_auto/igashop/images/634325"
Vegemite Squeezy 200g,$5.00,$2.50/100g,"https://cdn.metcash.media/image/upload/f_auto,c_limit,w_300,q_auto/igashop/images/13464"
Dine Fine Flakes Tuna & Prawns Wet Cat Food Pouch 35g,$1.70,$4.86/100g,"https://cdn.metcash.media/image/upload/f_auto,c_limit,w_300,q_auto/igashop/images/338267"
Lipton Iced Tea Sachet Passionfruit 20 Pack,$8.00,$0.40 each,"https://cdn.metcash.media/image/upload/f_auto,c_limit,w_300,q_auto/igashop/images/464186"
Dari's Classic Chicken Noodle Soup 550g,$7.50,$1.36/100g,"https://cdn.metcash.media/image/upload/f_auto,c_limit,w_300,q_auto/igashop/images/150000008175"
OB Finest Wafer Crackers Gluten Free Original 100g,$3.00,$3.00/100g,"https://cdn.metcash.media/image/upload/f_auto,c_limit,w_300,q_auto/igashop/images/751994"
Dari's Creamy Pumpkin Soup 550g,$7.50,$1.36/100g,"https://cdn.metcash.media/image/upload/f_auto,c_limit,w_300,q_auto/igashop/images/150000008179"
Australia's Own Smooth As Almond 1L,$2.50,$2.50/1L,"https://cdn.metcash.media/image/upload/f_auto,c_limit,w_300,q_auto/igashop/images/279125"
Christmas Coffee Mug,$1.00,N/A,"https://cdn.metcash.media/image/upload/f_auto,c_limit,w_300,q_auto/igashop/images/279722"
Werther's Original Cream Candies 50g,$2.55,$5.10/100g,"https://cdn.metcash.media/image/upload/f_auto,c_limit,w_300,q_auto/igashop/images/55186"
Creative Gourmet Snap Frozen Raspberries 300g,$8.05,$2.68/100g,"https://cdn.metcash.media/image/upload/f_auto,c_limit,w_300,q_auto/igashop/images/125410"
Birds Eye Stir Fry Mix Shanghai 500g,$4.60,$0.92/100g,"https://cdn.metcash.media/image/upload/f_auto,c_limit,w_300,q_auto/igashop/images/134663"
Cadbury Pascall Caramels 160g,$3.50,$2.19/100g,"https://cdn.metcash.media/image/upload/f_auto,c_limit,w_300,q_auto/igashop/images/311037"
Wattle Valley Grana Padano 250g,$15.50,$6.20/100g,"https://cdn.metcash.media/image/upload/f_auto,c_limit,w_300,q_auto/igashop/images/20000003704"
Soyco Tofu Malaysian 200g,$6.50,$3.25/100g,"https://cdn.metcash.media/image/upload/f_auto,c_limit,w_300,q_auto/igashop/images/160000017655"
VitaPet JerHigh Dog Treats Chicken With Bacon Flavour 100g,$6.00,$6.00/100g,"https://cdn.metcash.media/image/upload/f_auto,c_limit,w_300,q_auto/igashop/images/822606"
Doritos Corn Chips Flaming Hot 80g,$3.55,$4.44/100g,https://www.igashop.com.au/static/default-product-image.png
Glad To Be Green Snap Lock Snack Bags 50 Pack,$3.00,$0.06 each,"https://cdn.metcash.media/image/upload/f_auto,c_limit,w_300,q_auto/igashop/images/884271"
Pandaroo Palm Sugar 454g,$5.20,$1.15/100g,"https://cdn.metcash.media/image/upload/f_auto,c_limit,w_300,q_auto/igashop/images/897127"
Magnum White Chocolate Ice Cream,$6.00,N/A,"https://cdn.metcash.media/image/upload/f_auto,c_limit,w_300,q_auto/igashop/images/160000000342"
Popcorners Popcorn Chips Sour Cream & Chives 130g,$5.40,$4.15/100g,"https://cdn.metcash.media/image/upload/f_auto,c_limit,w_300,q_auto/igashop/images/690193"
Finish Ultimate All in 1 Dishwashing Tablets Lemon Sparkle 36 Pack,$20.00,$0.56 each,"https://cdn.metcash.media/image/upload/f_auto,c_limit,w_300,q_auto/igashop/images/555152"
Cadbury Dairy Milk Vanilla 4 Pack,$8.50,$2.13 each,"https://cdn.metcash.media/image/upload/f_auto,c_limit,w_300,q_auto/igashop/images/5199"
Nestlé Carnation Evaporated Milk Light & Creamy 340mL,$3.00,$0.88/100mL,"https://cdn.metcash.media/image/upload/f_auto,c_limit,w_300,q_auto/igashop/images/190000004681"
Griffin's Wheaten Dark Chocolate 200g,$3.75,$1.88/100g,"https://cdn.metcash.media/image/upload/f_auto,c_limit,w_300,q_auto/igashop/images/190000005205"
Primo Air-Dried Salami Sticks Mild Pepperoni 90g,$6.00,$6.67/100g,"https://cdn.metcash.media/image/upload/f_auto,c_limit,w_300,q_auto/igashop/images/180000004939"
Bulla Double Cream 200mL,$4.80,$2.40/100mL,"https://cdn.metcash.media/image/upload/f_auto,c_limit,w_300,q_auto/igashop/images/856781"
Mersey Valley Sweet Chilli Cheddar Cheese 80g,$4.50,$5.63/100g,https://www.igashop.com.au/static/default-product-image.png
Bonne Maman Damson Plum Conserve 370g,$6.90,$1.86/100g,"https://cdn.metcash.media/image/upload/f_auto,c_limit,w_300,q_auto/igashop/images/160000013764"
Aerogard Kids Insect Repellent Roll-On 50mL,$12.00,$24.00/100mL,"https://cdn.metcash.media/image/upload/f_auto,c_limit,w_300,q_auto/igashop/images/959238"
Farmers Union Greek Style Yoghurt 2kg,$12.50,$6.25/kg,"https://cdn.metcash.media/image/upload/f_auto,c_limit,w_300,q_auto/igashop/images/175075"
Mumamoo Stage 2 Premium Follow-On Baby Formula 6-12 Months 800g,$32.50,$4.06/100g,"https://cdn.metcash.media/image/upload/f_auto,c_limit,w_300,q_auto/igashop/images/212631"
Philadelphia Original Spread Tub 140g,$3.60,$2.57/100g,"https://cdn.metcash.media/image/upload/f_auto,c_limit,w_300,q_auto/igashop/images/313408"
Pascall Grape Lumps 120g,$4.90,$4.08/100g,"https://cdn.metcash.media/image/upload/f_auto,c_limit,w_300,q_auto/igashop/images/180000005464"
"Edgell Snack Time Chick Peas Lemon, Tahini & Garlic 70g",$1.60,$2.29/100g,"https://cdn.metcash.media/image/upload/f_auto,c_limit,w_300,q_auto/igashop/images/580209"
Signature Desserts Lemon Cheesecake 100g,$3.30,$3.30/100g,https://www.igashop.com.au/static/default-product-image.png
MasterFoods Garlic & Herb Lamb Shanks Slow Cook Recipe Base 175g,$2.70,$1.54/100g,"https://cdn.metcash.media/image/upload/f_auto,c_limit,w_300,q_auto/igashop/images/42117"
Queensland Yoghurt Passionfruit Yoghurt 500g,$6.50,$1.30/100g,"https://cdn.metcash.media/image/upload/f_auto,c_limit,w_300,q_auto/igashop/images/190000004010"
Capilano Organic Raw Honey Upside Down Bottle 340g,$7.50,$2.21/100g,"https://cdn.metcash.media/image/upload/f_auto,c_limit,w_300,q_auto/igashop/images/703242"
Aqua Pura Fruit Splash Wildberry 1L,$2.73,$2.73/1L,"https://cdn.metcash.media/image/upload/f_auto,c_limit,w_300,q_auto/igashop/images/722110"
BabyLove Water Baby Wipes 20 Pack,$2.60,$0.13 each,"https://cdn.metcash.media/image/upload/f_auto,c_limit,w_300,q_auto/igashop/images/975080"
Daisy Canola Oil 2L,$7.95,$3.98/1L,"https://cdn.metcash.media/image/upload/f_auto,c_limit,w_300,q_auto/igashop/images/20000001201"
Fancy Feast Adult Medleys Tuna Tuscany With Long Grain Rice & Garden Greens In A Savory Sauce Wet Cat Food 85g,$2.30,$2.71/100g,"https://cdn.metcash.media/image/upload/f_auto,c_limit,w_300,q_auto/igashop/images/412744"
Philips LED Edispon Screw White 9W,$7.20,N/A,"https://cdn.metcash.media/image/upload/f_auto,c_limit,w_300,q_auto/igashop/images/20000000476"
Nature's Gift Prime Beef in Gravy 100g,$1.20,$1.20/100g,"https://cdn.metcash.media/image/upload/f_auto,c_limit,w_300,q_auto/igashop/images/986007"
Global Seafoods Tasmanian Salmon Skewers Memphis Bbq 250g,$22.95,$9.18/100g,https://www.igashop.com.au/static/default-product-image.png
Always Fresh Balsamic Vinegar 500mL,$5.70,$1.14/100mL,"https://cdn.metcash.media/image/upload/f_auto,c_limit,w_300,q_auto/igashop/images/659508"
Lucia’s Pizza Sauce 340g,$6.95,$2.04/100g,"https://cdn.metcash.media/image/upload/f_auto,c_limit,w_300,q_auto/igashop/images/9797"
Grinders Rich Espresso Ground Coffee 200g,$14.00,$7.00/100g,"https://cdn.metcash.media/image/upload/f_auto,c_limit,w_300,q_auto/igashop/images/180000002828"
Continental Rice Fried 115g,$2.25,$1.96/100g,https://www.igashop.com.au/static/default-product-image.png
Edgell Beetroot Slices 825g,$3.80,$0.46/100g,"https://cdn.metcash.media/image/upload/f_auto,c_limit,w_300,q_auto/igashop/images/22476"
Violet Crumble Chocolate Easter Egg Solid Mini 100g,$3.70,$3.70/100g,https://www.igashop.com.au/static/default-product-image.png
TRESemmé Conditioner Remoisturise 900mL,$10.50,$1.17/100mL,"https://cdn.metcash.media/image/upload/f_auto,c_limit,w_300,q_auto/igashop/images/359792"
Cockle Bay Gourmet Beef Roll 4 Pack,$8.00,$2.00 each,"https://cdn.metcash.media/image/upload/f_auto,c_limit,w_300,q_auto/igashop/images/180000002544"
Community Co Fresh Bolognese Sauce 425g,$5.00,$1.18/100g,"https://cdn.metcash.media/image/upload/f_auto,c_limit,w_300,q_auto/igashop/images/839454"
My Dog Lamb Loaf Classics Wet Dog Food Trays 6 Pack,$10.00,$1.67 each,"https://cdn.metcash.media/image/upload/f_auto,c_limit,w_300,q_auto/igashop/images/353241"
Pandaroo Vermicelli Bean Thread 250g,$2.20,$0.88/100g,"https://cdn.metcash.media/image/upload/f_auto,c_limit,w_300,q_auto/igashop/images/79994"
Gillette Series Shave Gel Sensitive Skin 70g With Gillette Sensor3 Men's Disposable Razor,$5.65,N/A,"https://cdn.metcash.media/image/upload/f_auto,c_limit,w_300,q_auto/igashop/images/747681"
Pantene Pro-V Classic Clean Shampoo 375mL,$10.00,$2.67/100mL,"https://cdn.metcash.media/image/upload/f_auto,c_limit,w_300,q_auto/igashop/images/781630"
Barker's BBQ Jerks Sauce 330g,$7.00,$2.12/100g,"https://cdn.metcash.media/image/upload/f_auto,c_limit,w_300,q_auto/igashop/images/160000012543"
New Chinese Garden Honey Chicken Gluten Free 320g,$13.50,$4.22/100g,"https://cdn.metcash.media/image/upload/f_auto,c_limit,w_300,q_auto/igashop/images/20000005327"
Queen Organic Vanilla Bean Paste 140g,$16.50,$11.79/100g,"https://cdn.metcash.media/image/upload/f_auto,c_limit,w_300,q_auto/igashop/images/672959"
I&J Salt & Pepper Squid 360g,$8.00,$2.22/100g,"https://cdn.metcash.media/image/upload/f_auto,c_limit,w_300,q_auto/igashop/images/241436"
I&J Big Beefers 6 Pack 480g,$7.50,$1.56/100g,"https://cdn.metcash.media/image/upload/f_auto,c_limit,w_300,q_auto/igashop/images/199427"
Jack Hammer Padlock Combination,$6.30,N/A,https://www.igashop.com.au/static/default-product-image.png
Cadbury Chocolate Roses Boxed 225g,$12.25,$5.44/100g,"https://cdn.metcash.media/image/upload/f_auto,c_limit,w_300,q_auto/igashop/images/310751"
Reese's Peanut Butter Cups 42g,$1.50,$3.57/100g,"https://cdn.metcash.media/image/upload/f_auto,c_limit,w_300,q_auto/igashop/images/190000004584"
Ivan's Pie Party Butter Chicken 330g,$14.50,$4.39/100g,"https://cdn.metcash.media/image/upload/f_auto,c_limit,w_300,q_auto/igashop/images/619003"
Norco Fresh Full Cream Milk 2L,$4.50,$2.25/1L,"https://cdn.metcash.media/image/upload/f_auto,c_limit,w_300,q_auto/igashop/images/936837"
Angas Park Dried Apricots Diced 200g,$6.30,$3.15/100g,"https://cdn.metcash.media/image/upload/f_auto,c_limit,w_300,q_auto/igashop/images/309747"
Nestlé KitKat Chocolate Gooey Caramel 170g,$5.25,$3.09/100g,"https://cdn.metcash.media/image/upload/f_auto,c_limit,w_300,q_auto/igashop/images/338005"
Huggies Essential Size 5 Walker 44 Pack,$16.00,$0.36 each,"https://cdn.metcash.media/image/upload/f_auto,c_limit,w_300,q_auto/igashop/images/986696"
Thins Potato Chips Salt & Vinegar 175g,$5.00,$2.86/100g,"https://cdn.metcash.media/image/upload/f_auto,c_limit,w_300,q_auto/igashop/images/17277"
Allen's Red Ripperz Confectionery Remix 150g,$3.50,$2.33/100g,"https://cdn.metcash.media/image/upload/f_auto,c_limit,w_300,q_auto/igashop/images/180000005820"
Dove Men Body Wash Clean Comfort 1L,$9.50,$9.50/1L,"https://cdn.metcash.media/image/upload/f_auto,c_limit,w_300,q_auto/igashop/images/170000003768"
Wonder Smooth Wholegrain Sliced Bread Sandwich 700g,$4.50,$0.64/100g,"https://cdn.metcash.media/image/upload/f_auto,c_limit,w_300,q_auto/igashop/images/619676"
Herbal Essences Conditioner Colour Me Happy 300mL,$6.00,$2.00/100mL,"https://cdn.metcash.media/image/upload/f_auto,c_limit,w_300,q_auto/igashop/images/499461"
Jindi Brie Cheese 115g,$5.30,$4.61/100g,"https://cdn.metcash.media/image/upload/f_auto,c_limit,w_300,q_auto/igashop/images/978821"
Fancy Feast Adult Royale Fine Flakes of Tuna Wet Cat Food 85g,$2.00,$2.35/100g,"https://cdn.metcash.media/image/upload/f_auto,c_limit,w_300,q_auto/igashop/images/421858"
Whittaker's Block Creamy Milk 33% Cocoa 250g,$9.00,$3.60/100g,"https://cdn.metcash.media/image/upload/f_auto,c_limit,w_300,q_auto/igashop/images/343136"
Bulla Creamy Classics Ice Cream Cookies & Cream 2L,$6.00,$3.00/1L,"https://cdn.metcash.media/image/upload/f_auto,c_limit,w_300,q_auto/igashop/images/168303"
Obela Smooth Classic Hommus 220g,$4.00,$1.82/100g,"https://cdn.metcash.media/image/upload/f_auto,c_limit,w_300,q_auto/igashop/images/176694"
Roza's Gourmet Nut Free Pesto 240mL,$10.00,$4.17/100mL,"https://cdn.metcash.media/image/upload/f_auto,c_limit,w_300,q_auto/igashop/images/160000012419"
Carman's Dark Choc Macadamia Coconut Nut Bars 5 Pack,$6.00,$1.20 each,"https://cdn.metcash.media/image/upload/f_auto,c_limit,w_300,q_auto/igashop/images/938703"
LA Ice Cola Bottles 12 Pack,$12.50,$1.04 each,"https://cdn.metcash.media/image/upload/f_auto,c_limit,w_300,q_auto/igashop/images/7536"
Community Co Tasty Cheese & Crackers 50g,$2.20,$4.40/100g,"https://cdn.metcash.media/image/upload/f_auto,c_limit,w_300,q_auto/igashop/images/509981"
Optimum Adult Dog Chicken & Rice Wet Dog Food 24 Pack,$29.50,$1.23 each,"https://cdn.metcash.media/image/upload/f_auto,c_limit,w_300,q_auto/igashop/images/313437"
San Remo Fresh Gnocchi Traditional 375g,$6.15,$1.64/100g,"https://cdn.metcash.media/image/upload/f_auto,c_limit,w_300,q_auto/igashop/images/148248"
Mount Franklin Lightly Sparkling Water Raspberry Multipack Mini Cans 6 Pack,$10.00,$1.67 each,"https://cdn.metcash.media/image/upload/f_auto,c_limit,w_300,q_auto/igashop/images/696699"
Hercules Twin Zip Storage Jumbo 8 Pack,$4.50,$0.56 each,https://www.igashop.com.au/static/default-product-image.png
Mentos Spearmint Roll 37.5g,$1.25,$3.33/100g,"https://cdn.metcash.media/image/upload/f_auto,c_limit,w_300,q_auto/igashop/images/639998"
Pantene Pro-V Colour Protection Conditioner 375mL,$5.00,$1.33/100mL,"https://cdn.metcash.media/image/upload/f_auto,c_limit,w_300,q_auto/igashop/images/781850"
Energizer Battery Advanced C 2 Pack,$10.50,$5.25 each,"https://cdn.metcash.media/image/upload/f_auto,c_limit,w_300,q_auto/igashop/images/638028"
Billson's Twister Cordial 700mL,$11.95,$17.07/1L,https://www.igashop.com.au/static/default-product-image.png
Powerade Mountain Blast Zero Sports Drink Sipper Cap 600mL,$2.70,$0.45/100mL,"https://cdn.metcash.media/image/upload/f_auto,c_limit,w_300,q_auto/igashop/images/339153_1"
Betty Crocker Bake Smart Muffin Mix 99% Sugar Free Vanilla 320g,$7.00,$2.19/100g,"https://cdn.metcash.media/image/upload/f_auto,c_limit,w_300,q_auto/igashop/images/180000002427"
Mighty Soft Raisin Toast 600g,$4.00,$0.67/100g,"https://cdn.metcash.media/image/upload/f_auto,c_limit,w_300,q_auto/igashop/images/869399"
Cadbury Dairy Milk Bunny Sharebag 204g,$10.00,$4.90/100g,"https://cdn.metcash.media/image/upload/f_auto,c_limit,w_300,q_auto/igashop/images/190000009801"
Nescafe Milkybar White Choc Mocha Coffee Sachets 8 Pack,$8.00,$1.00 each,"https://cdn.metcash.media/image/upload/f_auto,c_limit,w_300,q_auto/igashop/images/190000010411"
Chupa Chup Strawberry Medloy Pop 15g,$0.75,$5.00/100g,"https://cdn.metcash.media/image/upload/f_auto,c_limit,w_300,q_auto/igashop/images/45411"
Colgate Advanced Whitening Fluoride Whiter Teeth Toothpaste 110g,$4.80,$4.36/100g,"https://cdn.metcash.media/image/upload/f_auto,c_limit,w_300,q_auto/igashop/images/455124"
Wicked Sister Vanilla Rice Pudding 2 Pack,$4.40,$2.20 each,"https://cdn.metcash.media/image/upload/f_auto,c_limit,w_300,q_auto/igashop/images/213611"
Celery Bunch,$3.90,N/A,"https://cdn.metcash.media/image/upload/f_auto,c_limit,w_300,q_auto/igashop/images/80050018"
Selleys Adhesive Fix & Go Supa Glue 3mL,$3.00,$100.00/100mL,"https://cdn.metcash.media/image/upload/f_auto,c_limit,w_300,q_auto/igashop/images/235134"
Yogo Chocolate & Mini M&M's Dessert 150g,$2.90,$1.93/100g,"https://cdn.metcash.media/image/upload/f_auto,c_limit,w_300,q_auto/igashop/images/150000007685"
Jones & Co Semi Dried Tomatoes 250g,$7.50,$3.00/100g,"https://cdn.metcash.media/image/upload/f_auto,c_limit,w_300,q_auto/igashop/images/190000005057"
BabyBoo Baby Wipes Lightly Scented 80 Pack,$2.00,$0.03 each,"https://cdn.metcash.media/image/upload/f_auto,c_limit,w_300,q_auto/igashop/images/764125"
Weight Watchers Chilli Con Carne 330g,$6.65,$2.02/100g,"https://cdn.metcash.media/image/upload/f_auto,c_limit,w_300,q_auto/igashop/images/20000006552"
Ho Mai Vegetables & Beef Mini Dim Sim 250g,$6.90,$2.76/100g,"https://cdn.metcash.media/image/upload/f_auto,c_limit,w_300,q_auto/igashop/images/112768"
Leggo's Rustic Thick & Chunky Passata Cooking Sauce 700g,$4.30,$0.61/100g,"https://cdn.metcash.media/image/upload/f_auto,c_limit,w_300,q_auto/igashop/images/497820"
Nestlé Kit Kat Mini Chocolate Easter Eggs 90g,$5.70,$6.33/100g,"https://cdn.metcash.media/image/upload/f_auto,c_limit,w_300,q_auto/igashop/images/180000004600"
Black & Gold Long Grain Microwave Rice Cups 125g,$2.20,$1.76/100g,"https://cdn.metcash.media/image/upload/f_auto,c_limit,w_300,q_auto/igashop/images/179574"
Voost Vitamin C 1000mg Blood Orange Tablets 20 Pack,$11.00,$0.55 each,"https://cdn.metcash.media/image/upload/f_auto,c_limit,w_300,q_auto/igashop/images/160000010395"
Undivided Food Co. Good Fat Aioli 280g,$15.00,$5.36/100g,"https://cdn.metcash.media/image/upload/f_auto,c_limit,w_300,q_auto/igashop/images/160000013660"
My Muscle Chef Protein Cookie Red Velvet 92g,$5.95,$6.47/100g,"https://cdn.metcash.media/image/upload/f_auto,c_limit,w_300,q_auto/igashop/images/150000002922"
Heinz American Mustard 220mL,$3.80,$1.73/100mL,"https://cdn.metcash.media/image/upload/f_auto,c_limit,w_300,q_auto/igashop/images/666403"
L'Oreal Paris Elvive Color Protect Conditioner 340mL,$10.00,$2.94/100mL,"https://cdn.metcash.media/image/upload/f_auto,c_limit,w_300,q_auto/igashop/images/1800000068758"
Mount Franklin Lightly Sparkling Water Passionfruit Multipack Mini Cans 6 Pack,$6.00,$1.00 each,"https://cdn.metcash.media/image/upload/f_auto,c_limit,w_300,q_auto/igashop/images/215799"
Community Co Marinated Chicken Breast Steaks 400g,$11.00,$2.75/100g,"https://cdn.metcash.media/image/upload/f_auto,c_limit,w_300,q_auto/igashop/images/190000010536"
Pringles Original Salted Potato Chips 53g,$2.00,$3.77/100g,"https://cdn.metcash.media/image/upload/f_auto,c_limit,w_300,q_auto/igashop/images/636440"
Elmer's Glow In The Dark Glue Blue 147mL,$10.50,$7.14/100mL,"https://cdn.metcash.media/image/upload/f_auto,c_limit,w_300,q_auto/igashop/images/190000001391"
Uncle Tobys Cheerios 320g,$6.50,$2.03/100g,"https://cdn.metcash.media/image/upload/f_auto,c_limit,w_300,q_auto/igashop/images/379014"
Mrs Mac's Giant Sausage Rolls 4 Pack,$7.50,$1.88 each,"https://cdn.metcash.media/image/upload/f_auto,c_limit,w_300,q_auto/igashop/images/125601"
Community Co Sweet & Spicy Salad Kit 350g,$5.80,$1.66/100g,"https://cdn.metcash.media/image/upload/f_auto,c_limit,w_300,q_auto/igashop/images/20000000023"
Pine O Cleen Floor Cleaner Pomegranate 1.5L,$12.00,$8.00/1L,"https://cdn.metcash.media/image/upload/f_auto,c_limit,w_300,q_auto/igashop/images/242610"
Aeroplane Jelly Raspberry 85g,$1.45,$1.71/100g,"https://cdn.metcash.media/image/upload/f_auto,c_limit,w_300,q_auto/igashop/images/416154"
Dine Kitten With Tender Chicken 595g,$10.00,$1.68/100g,https://www.igashop.com.au/static/default-product-image.png
Swedes 230g,Final cost based on weight,$1.83/$7.95,"https://cdn.metcash.media/image/upload/f_auto,c_limit,w_300,q_auto/igashop/images/80060136"
Razzamatazz Ladder Resist Natural Size Tall,$3.00,N/A,"https://cdn.metcash.media/image/upload/f_auto,c_limit,w_300,q_auto/igashop/images/959063"
Bird Munchies Wild Bird Seed Bell 750g,$6.80,$0.91/100g,"https://cdn.metcash.media/image/upload/f_auto,c_limit,w_300,q_auto/igashop/images/883775"
Hillmark Steel Clean 250mL,$9.00,$3.60/100mL,"https://cdn.metcash.media/image/upload/f_auto,c_limit,w_300,q_auto/igashop/images/17078"
Primo Reserve Classic Kransky Heat'N'Eat 250g,$6.10,$2.44/100g,https://www.igashop.com.au/static/default-product-image.png
Thomas Blue Whiting Crumbed Fillet 1kg,$16.00,$16.00/kg,"https://cdn.metcash.media/image/upload/f_auto,c_limit,w_300,q_auto/igashop/images/180000001675"
Cadbury Dairy Milk Slices Sticky Toffee 178g,$4.00,$2.25/100g,"https://cdn.metcash.media/image/upload/f_auto,c_limit,w_300,q_auto/igashop/images/1800000067433"
Schulte's Plain Mettwurst 250g,$15.50,$6.20/100g,"https://cdn.metcash.media/image/upload/f_auto,c_limit,w_300,q_auto/igashop/images/150000007724"
Preshafruit Cole Pressed Apple Granny Smith Juice 1L,$6.70,$6.70/1L,"https://cdn.metcash.media/image/upload/f_auto,c_limit,w_300,q_auto/igashop/images/701368"
Herbert Adams Sausage Roll Beef 12 Pack,$11.00,$0.92 each,"https://cdn.metcash.media/image/upload/f_auto,c_limit,w_300,q_auto/igashop/images/633206"
Gippsland Dairy Yogurt Vanilla Bean Blended 160g,$3.00,$1.88/100g,"https://cdn.metcash.media/image/upload/f_auto,c_limit,w_300,q_auto/igashop/images/180000006427"
Inaba Churu Chicken Recipe Cat Food 56g,$4.50,$8.04/100g,https://www.igashop.com.au/static/default-product-image.png
MasterFoods Chicken Salt 200g,$6.65,$3.33/100g,"https://cdn.metcash.media/image/upload/f_auto,c_limit,w_300,q_auto/igashop/images/170000002891"
Chupa Chups Mini Confectionery U Christmas Hexagon Tube 132g,$5.00,$3.79/100g,"https://cdn.metcash.media/image/upload/f_auto,c_limit,w_300,q_auto/igashop/images/570568_2"
KB Seafood Prawn Cooked Cutlet With Cocktail Sauce 260g,$13.25,$5.10/100g,https://www.igashop.com.au/static/default-product-image.png
Cremeux Brie 200g,$9.95,$4.98/100g,"https://cdn.metcash.media/image/upload/f_auto,c_limit,w_300,q_auto/igashop/images/_190000002644_"
Vitapet Flea Powder 100g,$8.80,$8.80/100g,https://www.igashop.com.au/static/default-product-image.png
Helga's Gluten Free Mixed Grain Bread 500g,$7.80,$1.56/100g,"https://cdn.metcash.media/image/upload/f_auto,c_limit,w_300,q_auto/igashop/images/406125"
Bref Power Active Juicy Lemon Rim Block Toilet Cleaner 50g,$3.50,$7.00/100g,"https://cdn.metcash.media/image/upload/f_auto,c_limit,w_300,q_auto/igashop/images/610583"
South Cape Cheese Tasmanian Fetta Reduced 200g,$6.45,$3.23/100g,"https://cdn.metcash.media/image/upload/f_auto,c_limit,w_300,q_auto/igashop/images/892017"
Mingle Green Curry Recipe Base 30g,$2.60,$8.67/100g,https://www.igashop.com.au/static/default-product-image.png
Curash Gentle Head To Toe Wash 400mL,$7.50,$1.88/100mL,"https://cdn.metcash.media/image/upload/f_auto,c_limit,w_300,q_auto/igashop/images/584355"
VitaPet Jerhigh Treat Milk Sticks 100g,$6.00,$6.00/100g,"https://cdn.metcash.media/image/upload/f_auto,c_limit,w_300,q_auto/igashop/images/755189"
Whiskas 1+ Years Wet Cat Food Favourites Beef In Gravy Pouch 12 Pack,$10.40,$0.87 each,"https://cdn.metcash.media/image/upload/f_auto,c_limit,w_300,q_auto/igashop/images/63914"
Dairy Farmers Classic White Chocolate Flavoured Milk 500mL,$2.90,$0.58/100mL,"https://cdn.metcash.media/image/upload/f_auto,c_limit,w_300,q_auto/igashop/images/210232"
MasterFoods Recipe Base Beef Stroganoff 175g,$2.70,$1.54/100g,"https://cdn.metcash.media/image/upload/f_auto,c_limit,w_300,q_auto/igashop/images/49931"
Duracell Button Cell Battery 2025 2 Pack,$9.50,$4.75 each,"https://cdn.metcash.media/image/upload/f_auto,c_limit,w_300,q_auto/igashop/images/921141"
Lo Bros Organic Lemon Lime & Bitters Soda Cans 4 Pack,$7.30,$1.83 each,"https://cdn.metcash.media/image/upload/f_auto,c_limit,w_300,q_auto/igashop/images/180000000111"
Bulla Thickened Cream 600mL,$6.30,$1.05/100mL,"https://cdn.metcash.media/image/upload/f_auto,c_limit,w_300,q_auto/igashop/images/102551"
Mainland Colby Cheese Block 500g,$9.80,$1.96/100g,"https://cdn.metcash.media/image/upload/f_auto,c_limit,w_300,q_auto/igashop/images/104464"
Trek Oat Bar Salted Caramel 50g,$3.90,$7.80/100g,"https://cdn.metcash.media/image/upload/f_auto,c_limit,w_300,q_auto/igashop/images/1800000068318"
MasterFoods Honey Mustard Chicken Cooking Sauce 505g,$4.50,$0.89/100g,"https://cdn.metcash.media/image/upload/f_auto,c_limit,w_300,q_auto/igashop/images/404657"
Glad Roaster Pan,$5.15,N/A,"https://cdn.metcash.media/image/upload/f_auto,c_limit,w_300,q_auto/igashop/images/481963"
Capi Soda Water 750mL,$4.30,$0.57/100mL,"https://cdn.metcash.media/image/upload/f_auto,c_limit,w_300,q_auto/igashop/images/190000010334"
"Noah's Creative Juice Apple, Banana, Lychee, Mango Juice Smmothie 260mL",$5.00,$1.92/100mL,"https://cdn.metcash.media/image/upload/f_auto,c_limit,w_300,q_auto/igashop/images/180000000759"
Lean Cuisine Beef Stroganoff Pasta 280g,$6.00,$2.14/100g,"https://cdn.metcash.media/image/upload/f_auto,c_limit,w_300,q_auto/igashop/images/958290"
Smith's Red Rooster Crinkle Cut - Red's Burger Potato Chips 150g,$4.80,$3.20/100g,https://www.igashop.com.au/static/default-product-image.png
Vittoria Italian Blend Coffee Beans 1kg,$35.00,$35.00/kg,"https://cdn.metcash.media/image/upload/f_auto,c_limit,w_300,q_auto/igashop/images/52227"
Schwarzkopf Taft Styling Mousse Extra Strong Hold 200g,$6.95,$3.48/100g,"https://cdn.metcash.media/image/upload/f_auto,c_limit,w_300,q_auto/igashop/images/490077"
Harvest Snaps Pea Crisps Original Salted 5 Pack,$3.00,$0.60 each,"https://cdn.metcash.media/image/upload/f_auto,c_limit,w_300,q_auto/igashop/images/150000007978"
Gillette Skinguard Razor Handle + 2 Cartridges,$21.00,N/A,"https://cdn.metcash.media/image/upload/f_auto,c_limit,w_300,q_auto/igashop/images/160000010987"
Devondale Unsalted Pat Butter 250g,$5.30,$2.12/100g,"https://cdn.metcash.media/image/upload/f_auto,c_limit,w_300,q_auto/igashop/images/611911"
Nescafe Mocha Coffee Decaf Multipack 10 Pack,$4.00,$0.40 each,"https://cdn.metcash.media/image/upload/f_auto,c_limit,w_300,q_auto/igashop/images/1800000067733"
Fisherman's Friend Honey-Lemon Sugar Free 25g,$3.20,$12.80/100g,"https://cdn.metcash.media/image/upload/f_auto,c_limit,w_300,q_auto/igashop/images/678170"
Bundy Juice Orange Passion Juice 500mL,$3.50,$0.70/100mL,"https://cdn.metcash.media/image/upload/f_auto,c_limit,w_300,q_auto/igashop/images/20000006196"
Aeroplane Ready To Eat Jelly Strawberry 120g,$1.60,$1.33/100g,"https://cdn.metcash.media/image/upload/f_auto,c_limit,w_300,q_auto/igashop/images/180000000136"
BOS Peach Rooibos Ice Tea 1L,$6.00,$6.00/1L,"https://cdn.metcash.media/image/upload/f_auto,c_limit,w_300,q_auto/igashop/images/20000000002"
Cadbury Mini Raspberry Rolls 5 Pack,$6.00,$1.20 each,"https://cdn.metcash.media/image/upload/f_auto,c_limit,w_300,q_auto/igashop/images/108934"
AusFresh Olive Green Chilli and Garlic 150g,$4.10,$2.73/100g,"https://cdn.metcash.media/image/upload/f_auto,c_limit,w_300,q_auto/igashop/images/812258"
Carman's Porridge Almond Pecan Hazelnut 320g,$7.50,$2.34/100g,"https://cdn.metcash.media/image/upload/f_auto,c_limit,w_300,q_auto/igashop/images/355984"
Sweetworld Rainbow Swirl Big Lollipop 50g,$2.00,$4.00/100g,"https://cdn.metcash.media/image/upload/f_auto,c_limit,w_300,q_auto/igashop/images/20000006887"
Tip Top Sunblest Soft Multigrain Sandwich 700g,$4.10,$0.59/100g,"https://cdn.metcash.media/image/upload/f_auto,c_limit,w_300,q_auto/igashop/images/812198"
Nutty Bruce Peanut Caramel Butter Bar 50g,$3.29,$6.58/100g,"https://cdn.metcash.media/image/upload/f_auto,c_limit,w_300,q_auto/igashop/images/160000012434"
Vitasoy Oat Milk UHT 1L,$2.00,$2.00/1L,https://www.igashop.com.au/static/default-product-image.png
Perkii Priobiotic Strawberry And Watermelon 350mL,$4.40,$1.26/100mL,"https://cdn.metcash.media/image/upload/f_auto,c_limit,w_300,q_auto/igashop/images/160000017634"
Kraft Singles Original 432g,$9.30,$2.15/100g,"https://cdn.metcash.media/image/upload/f_auto,c_limit,w_300,q_auto/igashop/images/950674"
Bosisto's Eucalyptus Drops Sugar Free 50g,$3.80,$7.60/100g,"https://cdn.metcash.media/image/upload/f_auto,c_limit,w_300,q_auto/igashop/images/22358"
Sabco Scrubby Sponges 5 Pack,$5.00,$1.00 each,https://www.igashop.com.au/static/default-product-image.png
Only Organic Baby Food Banana Mixed Berry Coconut & Chia 100g,$2.85,$2.85/100g,https://www.igashop.com.au/static/default-product-image.png
TRESemmé Hair Spray Extra Hold Salon Finish 75g,$4.50,$6.00/100g,"https://cdn.metcash.media/image/upload/f_auto,c_limit,w_300,q_auto/igashop/images/443800"
Black & Gold Toilet Roll 2Ply 12 Pack,$6.00,$0.50 each,"https://cdn.metcash.media/image/upload/f_auto,c_limit,w_300,q_auto/igashop/images/707131"
Vittoria Mountain Grown Ground Coffee 1kg,$42.00,$42.00/kg,"https://cdn.metcash.media/image/upload/f_auto,c_limit,w_300,q_auto/igashop/images/160000014233"
Toblerone Toned Milk Chocolate Block 340g,$20.00,$5.88/100g,"https://cdn.metcash.media/image/upload/f_auto,c_limit,w_300,q_auto/igashop/images/1800000067895"
Clairol Nice 'N Easy 9A Natural Light Ash Blonde,$9.00,N/A,"https://cdn.metcash.media/image/upload/f_auto,c_limit,w_300,q_auto/igashop/images/190000002198"
Black Swan Warming Dip Spinach and Cheese 180g,$5.00,$2.78/100g,"https://cdn.metcash.media/image/upload/f_auto,c_limit,w_300,q_auto/igashop/images/20000005009"
NIVEA Double Effect Anti-Perspirant Aerosol 250mL,$4.75,$1.90/100mL,"https://cdn.metcash.media/image/upload/f_auto,c_limit,w_300,q_auto/igashop/images/377960"
Norco Milk Lactose Free Full Cream 2L,$6.05,$3.03/1L,"https://cdn.metcash.media/image/upload/f_auto,c_limit,w_300,q_auto/igashop/images/180000000294"
Raw C Coconut Milk Vanilla & Sea Salt 325mL,$3.50,$1.08/100mL,"https://cdn.metcash.media/image/upload/f_auto,c_limit,w_300,q_auto/igashop/images/190000005147"
Piranha Golden Hash Potato Grills Sour Cream & Sweet Chilli 75g,$4.40,$5.87/100g,"https://cdn.metcash.media/image/upload/f_auto,c_limit,w_300,q_auto/igashop/images/160000014150"
Helga's Wrap Traditional White 8 Pack,$3.50,$0.44 each,"https://cdn.metcash.media/image/upload/f_auto,c_limit,w_300,q_auto/igashop/images/190000004731"
Rani Superior Punjabi Samosas 640g,$9.80,$1.53/100g,https://www.igashop.com.au/static/default-product-image.png
Little Trees Air Freshener Black Ice 3 Pack,$6.80,$2.27 each,"https://cdn.metcash.media/image/upload/f_auto,c_limit,w_300,q_auto/igashop/images/190000001484"
Safcol Tuna Thai Green Curry 95g,$2.24,$2.36/100g,"https://cdn.metcash.media/image/upload/f_auto,c_limit,w_300,q_auto/igashop/images/190000003274"
Nescafe Coffee Sachets Vanilla 26 Pack,$12.50,$0.48 each,"https://cdn.metcash.media/image/upload/f_auto,c_limit,w_300,q_auto/igashop/images/663798"
Jarrah Classic Hot Choc 10 Pack,$8.50,$0.85 each,"https://cdn.metcash.media/image/upload/f_auto,c_limit,w_300,q_auto/igashop/images/638374"
Whittaker's Block Peanut Butter 250g,$9.00,$3.60/100g,"https://cdn.metcash.media/image/upload/f_auto,c_limit,w_300,q_auto/igashop/images/20000003940"
Surf Laundry Powder Sunshine 2kg,$6.75,$3.38/kg,"https://cdn.metcash.media/image/upload/f_auto,c_limit,w_300,q_auto/igashop/images/160000004761"
BIC Soft Feel Retractable Black 3 Pack,$3.00,$1.00 each,"https://cdn.metcash.media/image/upload/f_auto,c_limit,w_300,q_auto/igashop/images/911727"
Grannys Muffin Double Chocolate Chip 400g,$4.65,$1.16/100g,"https://cdn.metcash.media/image/upload/f_auto,c_limit,w_300,q_auto/igashop/images/976890"
Maggi 2-Minute Noodles Noodles Curry Multipack 5 Pack,$2.50,$0.50 each,"https://cdn.metcash.media/image/upload/f_auto,c_limit,w_300,q_auto/igashop/images/180000006606"
SunRice Rice Jasmine 1kg,$4.50,$4.50/kg,"https://cdn.metcash.media/image/upload/f_auto,c_limit,w_300,q_auto/igashop/images/394292"
Kettle Potato Chips Hot Honey & Ricotta 150g,$4.50,$3.00/100g,https://www.igashop.com.au/static/default-product-image.png
Mr Basil Mango 290mL,$3.40,$1.17/100mL,"https://cdn.metcash.media/image/upload/f_auto,c_limit,w_300,q_auto/igashop/images/180000000426"
Byron Bay Chilli Co. Chilli Sauce Green Jalapeno 250mL,$5.00,$2.00/100mL,"https://cdn.metcash.media/image/upload/f_auto,c_limit,w_300,q_auto/igashop/images/160000013685"
Continental Liquid Beef Stock 1L,$2.00,$2.00/1L,"https://cdn.metcash.media/image/upload/f_auto,c_limit,w_300,q_auto/igashop/images/401706"
Black & Gold Food Storage Containers Round 4 Pack,$3.50,$0.88 each,"https://cdn.metcash.media/image/upload/f_auto,c_limit,w_300,q_auto/igashop/images/190000010061"
Sprite Lemonade Soft Drink Mini Can 250mL,$2.45,$0.98/100mL,"https://cdn.metcash.media/image/upload/f_auto,c_limit,w_300,q_auto/igashop/images/9300675057950_1"
Chobani Greek Yoghurt Natural Light 907g,$7.90,$0.87/100g,"https://cdn.metcash.media/image/upload/f_auto,c_limit,w_300,q_auto/igashop/images/180000000002"
Meiji Biscuit Hello Panda Snacks Chocolate 50g,$2.09,$4.18/100g,"https://cdn.metcash.media/image/upload/f_auto,c_limit,w_300,q_auto/igashop/images/271229"
Cadbury Crunchie Chocolate Bar 50g,$3.00,$6.00/100g,"https://cdn.metcash.media/image/upload/f_auto,c_limit,w_300,q_auto/igashop/images/327185"
Alter Eco Organic 60% Dark Chocolate Quinoa Crunch 80g,$7.50,$9.38/100g,"https://cdn.metcash.media/image/upload/f_auto,c_limit,w_300,q_auto/igashop/images/736038"
Maggie Beer Products Olives Kalamata Olives 185g,$6.95,$3.76/100g,https://www.igashop.com.au/static/default-product-image.png
Community Co Triple Brie Cheese 125g,$4.50,$3.60/100g,"https://cdn.metcash.media/image/upload/f_auto,c_limit,w_300,q_auto/igashop/images/490200"
International Roast Instant Coffee 500g,$15.50,$3.10/100g,"https://cdn.metcash.media/image/upload/f_auto,c_limit,w_300,q_auto/igashop/images/10720"
Yoplait Petit Miam Yoghurt Blueberry 70g,$1.00,$1.43/100g,"https://cdn.metcash.media/image/upload/f_auto,c_limit,w_300,q_auto/igashop/images/131107"
Redberry Shower Cap,$5.30,N/A,"https://cdn.metcash.media/image/upload/f_auto,c_limit,w_300,q_auto/igashop/images/248297"
Napro Palette Permanent Hair Colour 5-68 Chestnut,$9.50,N/A,"https://cdn.metcash.media/image/upload/f_auto,c_limit,w_300,q_auto/igashop/images/602323"
Kellys Candy Co Coconut Roughs 160g,$8.40,$5.25/100g,"https://cdn.metcash.media/image/upload/f_auto,c_limit,w_300,q_auto/igashop/images/20000001788"
Destination Italy Choc Hazelnut Italian Gelato 500mL,$12.75,$2.55/100mL,https://www.igashop.com.au/static/default-product-image.png
Colgate Total Mint Waxed Durable Oral Care Dental Floss,$8.00,N/A,"https://cdn.metcash.media/image/upload/f_auto,c_limit,w_300,q_auto/igashop/images/9818"
Waterfords Lite & Fruity Blackcurrant 1L,$1.75,$1.75/1L,"https://cdn.metcash.media/image/upload/f_auto,c_limit,w_300,q_auto/igashop/images/713386"
Finish Powerball Quantum Ultimate Dishwasher Tablets Original 18 Pack,$17.00,$0.94 each,"https://cdn.metcash.media/image/upload/f_auto,c_limit,w_300,q_auto/igashop/images/783412"
Baked Provisions Mud Cake Log 400g,$9.45,$2.36/100g,"https://cdn.metcash.media/image/upload/f_auto,c_limit,w_300,q_auto/igashop/images/20000000573"
Mirabella LED Filament Globe 2 Watt Small Edison Screw 250 Lumens Warm White,$7.25,N/A,"https://cdn.metcash.media/image/upload/f_auto,c_limit,w_300,q_auto/igashop/images/769573"
MasterFoods Slow Cook Mild Chicken Curry Cooking Sauce 490g,$4.50,$0.92/100g,"https://cdn.metcash.media/image/upload/f_auto,c_limit,w_300,q_auto/igashop/images/138853"
Korbond Christmas Tinsel Garland,$2.00,N/A,"https://cdn.metcash.media/image/upload/f_auto,c_limit,w_300,q_auto/igashop/images/771716"
Uncle Tobys Plus Fibre Breakfast Cereal 700g,$7.50,$1.07/100g,"https://cdn.metcash.media/image/upload/f_auto,c_limit,w_300,q_auto/igashop/images/180000002111"
LifeStyles Regular Condom 6 Pack,$5.10,$0.85 each,"https://cdn.metcash.media/image/upload/f_auto,c_limit,w_300,q_auto/igashop/images/190000000884"
Aerogard Home Insecticides Multi Insect Killer 300mL,$14.00,$4.67/100mL,"https://cdn.metcash.media/image/upload/f_auto,c_limit,w_300,q_auto/igashop/images/342389"
"Lo Bros Kombucha Gut Shot, Fiery Ginger 50mL",$3.50,$7.00/100mL,"https://cdn.metcash.media/image/upload/f_auto,c_limit,w_300,q_auto/igashop/images/9340784007446"
Feel Good Foods Lightly Salted Corn Chips 500g,$12.95,$2.59/100g,"https://cdn.metcash.media/image/upload/f_auto,c_limit,w_300,q_auto/igashop/images/20000003527"
Palmolive Foaming Hand Wash Soap Japanese Cherry Blossom Refill 1L,$7.50,$7.50/1L,"https://cdn.metcash.media/image/upload/f_auto,c_limit,w_300,q_auto/igashop/images/160000001972"
Peters Frosty Fruits Fruit Stack Ice Blocks 6 Pack,$9.00,$1.50 each,"https://cdn.metcash.media/image/upload/f_auto,c_limit,w_300,q_auto/igashop/images/407841"
Round Steak 800g,Final cost based on weight,$18.36/$22.95,"https://cdn.metcash.media/image/upload/f_auto,c_limit,w_300,q_auto/igashop/images/80080026"
Nature Valley Crunchy Bar Roasted Almond 252g,$5.50,$2.18/100g,https://www.igashop.com.au/static/default-product-image.png
Schwarzkopf Extra Care Push Up Volume Powder 10g,$11.00,$110.00/100g,"https://cdn.metcash.media/image/upload/f_auto,c_limit,w_300,q_auto/igashop/images/318356"
Pana Snack Bar Dark Chocolate Peanut Caramel 40g,$4.95,$12.38/100g,https://www.igashop.com.au/static/default-product-image.png
Mission Mini Naan 240g,$4.10,$1.71/100g,"https://cdn.metcash.media/image/upload/f_auto,c_limit,w_300,q_auto/igashop/images/326956"
John West Protein+ Calcium Rich Tuna Chilli 90g,$2.00,$2.22/100g,"https://cdn.metcash.media/image/upload/f_auto,c_limit,w_300,q_auto/igashop/images/190000002307"
Prinetti Hand Mixer,$19.00,N/A,https://www.igashop.com.au/static/default-product-image.png
Doritos Share Pack Original 170g,$2.50,$1.47/100g,"https://cdn.metcash.media/image/upload/f_auto,c_limit,w_300,q_auto/igashop/images/298310"
Double D Smart Sweets Berry 50g,$2.65,$5.30/100g,https://www.igashop.com.au/static/default-product-image.png
Nestlé Aero Peppermint 118g,$7.50,$6.36/100g,"https://cdn.metcash.media/image/upload/f_auto,c_limit,w_300,q_auto/igashop/images/18731"
Wonder White Active 680g,$4.50,$0.66/100g,"https://cdn.metcash.media/image/upload/f_auto,c_limit,w_300,q_auto/igashop/images/698769"
Gluten Free Bakehouse Sweet Puff Pastry 750g,$17.00,$2.27/100g,https://www.igashop.com.au/static/default-product-image.png
Cadbury Marvellous Creations Easter Bunnies 198g,$10.00,$5.05/100g,"https://cdn.metcash.media/image/upload/f_auto,c_limit,w_300,q_auto/igashop/images/708496"
SPC Baked Beans BBQ Flavour 425g,$2.50,$0.59/100g,"https://cdn.metcash.media/image/upload/f_auto,c_limit,w_300,q_auto/igashop/images/160000004444"
Thins Chips Cheese & Onion 175g,$2.50,$1.43/100g,"https://cdn.metcash.media/image/upload/f_auto,c_limit,w_300,q_auto/igashop/images/17528"
Beerenberg Honey Mustard Dressing 300mL,$6.85,$2.28/100mL,"https://cdn.metcash.media/image/upload/f_auto,c_limit,w_300,q_auto/igashop/images/364946"
Spice & Co Texas BBQ Spice Mix 45g,$3.75,$8.33/100g,"https://cdn.metcash.media/image/upload/f_auto,c_limit,w_300,q_auto/igashop/images/190000002419"
DON Popcorn Bacon Popcorn Bites 1kg,$45.90,$45.90/kg,https://www.igashop.com.au/static/default-product-image.png
Birds Eye Golden Crunch Potato Gems 900g,$6.80,$0.76/100g,"https://cdn.metcash.media/image/upload/f_auto,c_limit,w_300,q_auto/igashop/images/190000004741"
DON Deli Cuts Italian Salami Shaved 80g,$3.50,$4.38/100g,"https://cdn.metcash.media/image/upload/f_auto,c_limit,w_300,q_auto/igashop/images/180000002635"
Bondi Dairy Plain Bagels 400g,$6.65,$1.66/100g,https://www.igashop.com.au/static/default-product-image.png
4 Pines Ultra Low Beer Cans 4 Pack,$11.90,$2.98 each,"https://cdn.metcash.media/image/upload/f_auto,c_limit,w_300,q_auto/igashop/images/180000001739"
Bundaberg Diet Ginger Beer 375mL,$3.75,$1.00/100mL,"https://cdn.metcash.media/image/upload/f_auto,c_limit,w_300,q_auto/igashop/images/20000003978"
Purina One Adult Dry Chicken & Rice 2.5kg,$22.00,$8.80/kg,"https://cdn.metcash.media/image/upload/f_auto,c_limit,w_300,q_auto/igashop/images/180000005636"
OGX Argan Oil of Morocco Conditioner 385mL,$25.00,$6.49/100mL,"https://cdn.metcash.media/image/upload/f_auto,c_limit,w_300,q_auto/igashop/images/160000002449"
Bluebird Cheese & Bacon Rashuns 150g,$3.00,$2.00/100g,"https://cdn.metcash.media/image/upload/f_auto,c_limit,w_300,q_auto/igashop/images/160000013163"
Arnott's Raspberry Shortcake 250g,$2.80,$1.12/100g,"https://cdn.metcash.media/image/upload/f_auto,c_limit,w_300,q_auto/igashop/images/345573"
Nescafe Coffee Sachets Hazelnut 26 Pack,$12.50,$0.48 each,"https://cdn.metcash.media/image/upload/f_auto,c_limit,w_300,q_auto/igashop/images/663845"
Nerada Rooibos Vanilla Tea 50 Pack,$5.10,$0.10 each,"https://cdn.metcash.media/image/upload/f_auto,c_limit,w_300,q_auto/igashop/images/3485"
Eclipse Chewy Mints Spearmint Bottle 93g,$4.70,$5.05/100g,"https://cdn.metcash.media/image/upload/f_auto,c_limit,w_300,q_auto/igashop/images/762131"
Gotzinger Kransky 400g,$10.20,$2.55/100g,"https://cdn.metcash.media/image/upload/f_auto,c_limit,w_300,q_auto/igashop/images/190000004969"
MasterFoods Promite Spread 290g,$4.75,$1.64/100g,"https://cdn.metcash.media/image/upload/f_auto,c_limit,w_300,q_auto/igashop/images/32138"
Dilmah Premium Quality Loose Leaf Tea 250g,$6.00,$2.40/100g,"https://cdn.metcash.media/image/upload/f_auto,c_limit,w_300,q_auto/igashop/images/344991"
Claratyne Children's Hayfever Allergy Relief Antihistamine Tablets 10 Pack,$13.00,$1.30 each,"https://cdn.metcash.media/image/upload/f_auto,c_limit,w_300,q_auto/igashop/images/936455"
Strepsils Herbal Chesty Cough + Lozenges Honey Lemon 16 Pack,$9.00,$0.56 each,"https://cdn.metcash.media/image/upload/f_auto,c_limit,w_300,q_auto/igashop/images/542861"
Armor All Brush Wheel,$10.70,N/A,"https://cdn.metcash.media/image/upload/f_auto,c_limit,w_300,q_auto/igashop/images/371346"
Smith's Potato Chips Assorted 416g,$8.00,$1.92/100g,"https://cdn.metcash.media/image/upload/f_auto,c_limit,w_300,q_auto/igashop/images/1800000068239"
Dr. Oetker Ristorante Pizza Mozzarella 355g,$9.50,$2.68/100g,"https://cdn.metcash.media/image/upload/f_auto,c_limit,w_300,q_auto/igashop/images/247466"
Coco Earth Mexican Bean Nachos 275g,$8.15,$2.96/100g,"https://cdn.metcash.media/image/upload/f_auto,c_limit,w_300,q_auto/igashop/images/1800000067465"
Remedy Organic Kombucha Orange Squeeze 750mL,$5.50,$0.73/100mL,"https://cdn.metcash.media/image/upload/f_auto,c_limit,w_300,q_auto/igashop/images/20000007245"
Oreo Coke Flavoured 128g,$3.00,$2.34/100g,"https://cdn.metcash.media/image/upload/f_auto,c_limit,w_300,q_auto/igashop/images/736724"
Alani Energy Drink Dream Float 355mL,$3.40,$0.96/100mL,https://www.igashop.com.au/static/default-product-image.png
Golden Circle Beetroot Sliced 225g,$2.05,$0.91/100g,"https://cdn.metcash.media/image/upload/f_auto,c_limit,w_300,q_auto/igashop/images/98710"
The Spice Tailor Classic Tarka Daal 500g,$6.70,$1.34/100g,"https://cdn.metcash.media/image/upload/f_auto,c_limit,w_300,q_auto/igashop/images/845918"
Triple Smoked Ham 1kg,Final cost based on weight,$34.00/$34.00,"https://cdn.metcash.media/image/upload/f_auto,c_limit,w_300,q_auto/igashop/images/80072063"
Aeroplane Jelly Original Mango 85g,$1.80,$2.12/100g,"https://cdn.metcash.media/image/upload/f_auto,c_limit,w_300,q_auto/igashop/images/180000000145"
Maybelline Mascara Colossal Big Shot Black,$21.00,N/A,"https://cdn.metcash.media/image/upload/f_auto,c_limit,w_300,q_auto/igashop/images/908711"
Elvive Hyaluron Plump Conditioner 300mL,$8.50,$2.83/100mL,"https://cdn.metcash.media/image/upload/f_auto,c_limit,w_300,q_auto/igashop/images/994937"
BIC Glue Stick,$1.65,N/A,"https://cdn.metcash.media/image/upload/f_auto,c_limit,w_300,q_auto/igashop/images/743373"
Harpic Fresh Power Toilet Cleaner Tropical Blossom 700mL,$3.50,$0.50/100mL,"https://cdn.metcash.media/image/upload/f_auto,c_limit,w_300,q_auto/igashop/images/898571"
Trident Chilli Sauce Sweet Chilli 285mL,$3.40,$1.19/100mL,"https://cdn.metcash.media/image/upload/f_auto,c_limit,w_300,q_auto/igashop/images/439089"
OB Finest Wafer Crackers Activated Charcoal Gluten Free 100g,$3.50,$3.50/100g,"https://cdn.metcash.media/image/upload/f_auto,c_limit,w_300,q_auto/igashop/images/160000000905"
Black & Gold Round Container 3 Pack,$3.60,$1.20 each,"https://cdn.metcash.media/image/upload/f_auto,c_limit,w_300,q_auto/igashop/images/222102"
Lipton Ice Tea Lemon 500mL,$2.80,$0.56/100mL,"https://cdn.metcash.media/image/upload/f_auto,c_limit,w_300,q_auto/igashop/images/605062"
John West Salmon Bowl With Coconut Lime Chilli And Rice 170g,$4.20,$2.47/100g,"https://cdn.metcash.media/image/upload/f_auto,c_limit,w_300,q_auto/igashop/images/442231"
Woodbridge Smoked Salmon 100g,$14.45,$14.45/100g,"https://cdn.metcash.media/image/upload/f_auto,c_limit,w_300,q_auto/igashop/images/20000004192"
Europe Summer Roll Sharepack 168g,$5.00,$2.98/100g,https://www.igashop.com.au/static/default-product-image.png
I Was A Milk Bottle Kitchen Tidy Bags Lemon Medium 24 Pack,$3.30,$0.14 each,https://www.igashop.com.au/static/default-product-image.png
Vanish Napisan Gold Multi Power Powder 2kg,$15.00,$7.50/kg,"https://cdn.metcash.media/image/upload/f_auto,c_limit,w_300,q_auto/igashop/images/570403"
Lavazza Aluminium Espresso Ristretto 10 Pack,$5.50,$0.55 each,"https://cdn.metcash.media/image/upload/f_auto,c_limit,w_300,q_auto/igashop/images/617572"
Admiral Mandarin Segments 310g,$2.30,$0.74/100g,"https://cdn.metcash.media/image/upload/f_auto,c_limit,w_300,q_auto/igashop/images/441646"
Brawn 1kg,Final cost based on weight,$20.40/$20.40,"https://cdn.metcash.media/image/upload/f_auto,c_limit,w_300,q_auto/igashop/images/80072073"
NIVEA MEN Sensitive Protect Anti-Perspirant Aerosol 250mL,$9.50,$3.80/100mL,"https://cdn.metcash.media/image/upload/f_auto,c_limit,w_300,q_auto/igashop/images/381671"
Fountain Satay Sauce 250mL,$3.40,$1.36/100mL,"https://cdn.metcash.media/image/upload/f_auto,c_limit,w_300,q_auto/igashop/images/615635"
Maybelline Powder Loose Shine Free Light 19g,$20.00,$105.26/100g,"https://cdn.metcash.media/image/upload/f_auto,c_limit,w_300,q_auto/igashop/images/86718"
Kraft Easy Mac Cheesy Chicken Flavour 4 Pack,$5.10,$1.28 each,"https://cdn.metcash.media/image/upload/f_auto,c_limit,w_300,q_auto/igashop/images/980381"
Colgate Plax Alcohol Free Freshmint Mouthwash 500mL,$7.00,$1.40/100mL,"https://cdn.metcash.media/image/upload/f_auto,c_limit,w_300,q_auto/igashop/images/454746"
The Natural Confectionery Co. Low Sugar 50% Tropical 130g,$5.00,$3.85/100g,"https://cdn.metcash.media/image/upload/f_auto,c_limit,w_300,q_auto/igashop/images/619964"
"Nyal Cough, Cold & Flu Day & Night 24 Pack",$15.00,$0.63 each,"https://cdn.metcash.media/image/upload/f_auto,c_limit,w_300,q_auto/igashop/images/160000001327"
Mission White Strip Corn Chips 500g,$7.50,$1.50/100g,"https://cdn.metcash.media/image/upload/f_auto,c_limit,w_300,q_auto/igashop/images/978703"
OMO Laundry Liquid Detergent Front & Top Loader 1L,$10.00,$10.00/1L,"https://cdn.metcash.media/image/upload/f_auto,c_limit,w_300,q_auto/igashop/images/625287"
CSR All Natural Buttercream Icing Mix Strawberry Flavour 250g,$3.00,$1.20/100g,"https://cdn.metcash.media/image/upload/f_auto,c_limit,w_300,q_auto/igashop/images/614838"
Ceres Organics Crispy Rice Clouds Sea Salt Sunshine 50g,$4.30,$8.60/100g,"https://cdn.metcash.media/image/upload/f_auto,c_limit,w_300,q_auto/igashop/images/20000002111"
NIVEA MEN Black & White Invisible Fresh Anti-Perspirant Roll-On 50mL,$2.50,$5.00/100mL,"https://cdn.metcash.media/image/upload/f_auto,c_limit,w_300,q_auto/igashop/images/921112"
Birds Eye Baby Peas 825g,$5.70,$0.69/100g,"https://cdn.metcash.media/image/upload/f_auto,c_limit,w_300,q_auto/igashop/images/180000005051"
SPC Spaghetti Salt Reduced Tomato & Cheese 420g,$2.50,$0.60/100g,"https://cdn.metcash.media/image/upload/f_auto,c_limit,w_300,q_auto/igashop/images/629529"
Community Co Surface Spray Low Irritant 350g,$3.50,$1.00/100g,"https://cdn.metcash.media/image/upload/f_auto,c_limit,w_300,q_auto/igashop/images/942192"
Vileda Traditional Straw Millet Broom,$20.00,N/A,"https://cdn.metcash.media/image/upload/f_auto,c_limit,w_300,q_auto/igashop/images/1800000071239"
Hermesetas Mini Sweetener Tablets 800 Pack,$7.10,$0.01 each,"https://cdn.metcash.media/image/upload/f_auto,c_limit,w_300,q_auto/igashop/images/699061"
Colgate Mouthwash Bamboo Charcoal 500mL,$7.00,$1.40/100mL,"https://cdn.metcash.media/image/upload/f_auto,c_limit,w_300,q_auto/igashop/images/807075"
Old El Paso Chunky Salsa Dip Medium 312g,$5.00,$1.60/100g,https://www.igashop.com.au/static/default-product-image.png
Masterfoods Recipe Base My Muscle Chef Korean Bbq Beef 6X175G Pouch 175mL,$3.00,$1.71/100mL,"https://cdn.metcash.media/image/upload/f_auto,c_limit,w_300,q_auto/igashop/images/9310012063087"
Coca-Cola Zero Sugar Caffeine Free PET 1.25L,$4.00,$3.20/1L,"https://cdn.metcash.media/image/upload/f_auto,c_limit,w_300,q_auto/igashop/images/182153"
Pandaroo Bamboo Shoot Sliced 227g,$1.72,$0.76/100g,"https://cdn.metcash.media/image/upload/f_auto,c_limit,w_300,q_auto/igashop/images/20000006756"
BSc Energy Drink Lime Crush 500mL,$5.70,$1.14/100mL,https://www.igashop.com.au/static/default-product-image.png
Kellogg's LCM's Unicorn 100g,$3.50,$3.50/100g,"https://cdn.metcash.media/image/upload/f_auto,c_limit,w_300,q_auto/igashop/images/290781"
SunRice White Rice Premium Long Grain 2kg,$4.00,$2.00/kg,"https://cdn.metcash.media/image/upload/f_auto,c_limit,w_300,q_auto/igashop/images/43888"
Sprite Lemonade Soft Drink 600mL,$4.00,$0.67/100mL,"https://cdn.metcash.media/image/upload/f_auto,c_limit,w_300,q_auto/igashop/images/89224"
Simple Facial Wipes Biodegradable Cleansing 25 Pack,$9.00,$0.36 each,"https://cdn.metcash.media/image/upload/f_auto,c_limit,w_300,q_auto/igashop/images/174223"
Kellogg's K-Time Twists Strawberry 185g,$5.50,$2.97/100g,"https://cdn.metcash.media/image/upload/f_auto,c_limit,w_300,q_auto/igashop/images/353165"
Lemnos Haloumi Burger Patties Plain 180g,$8.50,$4.72/100g,"https://cdn.metcash.media/image/upload/f_auto,c_limit,w_300,q_auto/igashop/images/740383"
Leggo's Tomato Paste No Added Salt 500g,$4.80,$0.96/100g,"https://cdn.metcash.media/image/upload/f_auto,c_limit,w_300,q_auto/igashop/images/629684"
Sellotape Electrical Tape 19mmx9m,$2.10,N/A,"https://cdn.metcash.media/image/upload/f_auto,c_limit,w_300,q_auto/igashop/images/219641"
Toscano Crepes Chocolate 180g,$7.00,$3.89/100g,https://www.igashop.com.au/static/default-product-image.png
Chum With Three Meats 700g,$2.95,$0.42/100g,"https://cdn.metcash.media/image/upload/f_auto,c_limit,w_300,q_auto/igashop/images/68197"
Heinz Ravioli Ricotta With Creamy Tomato 350g,$4.50,$1.29/100g,https://www.igashop.com.au/static/default-product-image.png
Mighty Soft Bun Hamburger 6 Pack,$3.90,$0.65 each,"https://cdn.metcash.media/image/upload/f_auto,c_limit,w_300,q_auto/igashop/images/47117"
Allen's Giant Freckles 40g,$1.00,$2.50/100g,"https://cdn.metcash.media/image/upload/f_auto,c_limit,w_300,q_auto/igashop/images/1800000068992"
Chobani Fit Greek Yogurt Banana Pouch 150g,$3.00,$2.00/100g,"https://cdn.metcash.media/image/upload/f_auto,c_limit,w_300,q_auto/igashop/images/1800000068915"
Chobani Greek Yoghurt Vanilla Pouch 140g,$2.70,$1.93/100g,"https://cdn.metcash.media/image/upload/f_auto,c_limit,w_300,q_auto/igashop/images/180000000047"
Deeko Sugar Cane Dinner Plate 26cm 6 Pack,$4.50,$0.75 each,"https://cdn.metcash.media/image/upload/f_auto,c_limit,w_300,q_auto/igashop/images/180000004733"
Tassal Smoked Salmon 150g,$13.50,$9.00/100g,"https://cdn.metcash.media/image/upload/f_auto,c_limit,w_300,q_auto/igashop/images/607218"
Big Boy Organic Jumbo Eggs 800g,$13.95,$1.74/100g,"https://cdn.metcash.media/image/upload/f_auto,c_limit,w_300,q_auto/igashop/images/180000001573"
Allen's Easter Carrots Jellies 190g,$5.00,$2.63/100g,https://www.igashop.com.au/static/default-product-image.png
Mission Pizza Crust Plain 2 Pack,$5.60,$2.80 each,"https://cdn.metcash.media/image/upload/f_auto,c_limit,w_300,q_auto/igashop/images/982430"
Nestle Milo Milk Modifiers Restore 440g,$6.00,$1.36/100g,"https://cdn.metcash.media/image/upload/f_auto,c_limit,w_300,q_auto/igashop/images/180000006289"
Brookfarm Gluten Free Cranberry Tart Cherry Bircher 400g,$12.99,$3.25/100g,"https://cdn.metcash.media/image/upload/f_auto,c_limit,w_300,q_auto/igashop/images/20000000525"
Chupa Chups Confectionery Skull Bag 8 Pack,$4.50,$0.56 each,"https://cdn.metcash.media/image/upload/f_auto,c_limit,w_300,q_auto/igashop/images/571085"
Thins Onion Rings Snacks Salt & Balsamic Vinegar 85g,$3.00,$3.53/100g,"https://cdn.metcash.media/image/upload/f_auto,c_limit,w_300,q_auto/igashop/images/985271"
Coca-Cola Classic Soft Drink Multipack Mini Bottles 12 Pack,$20.00,$1.67 each,"https://cdn.metcash.media/image/upload/f_auto,c_limit,w_300,q_auto/igashop/images/9300675038836_0"
Swisspers Cotton Tips Paper Stems 240 Pack,$5.00,$0.02 each,"https://cdn.metcash.media/image/upload/f_auto,c_limit,w_300,q_auto/igashop/images/990242"
Hellmann's Aioli Garlic 252g,$3.00,$1.19/100g,"https://cdn.metcash.media/image/upload/f_auto,c_limit,w_300,q_auto/igashop/images/647234"
Mumamoo Stage One Premium Infant Formula 0-6 Months 800g,$24.40,$3.05/100g,"https://cdn.metcash.media/image/upload/f_auto,c_limit,w_300,q_auto/igashop/images/214612"
Patak's Butter Chicken Curry Paste 312g,$7.50,$2.40/100g,"https://cdn.metcash.media/image/upload/f_auto,c_limit,w_300,q_auto/igashop/images/20000003885"
Kinder Surprise Maxi Egg 100g,$9.55,$9.55/100g,"https://cdn.metcash.media/image/upload/f_auto,c_limit,w_300,q_auto/igashop/images/328673"
Bulla Crunch Double Choc Ice Creams 8 Pack,$5.00,$0.63 each,"https://cdn.metcash.media/image/upload/f_auto,c_limit,w_300,q_auto/igashop/images/150122"
Continental Superb Stock Stock Powder Cooking Chicken Real Chicken Base 130g,$4.00,$3.08/100g,"https://cdn.metcash.media/image/upload/f_auto,c_limit,w_300,q_auto/igashop/images/646330"
Peck's Anchovette Tasty Spread 125g,$5.50,$4.40/100g,"https://cdn.metcash.media/image/upload/f_auto,c_limit,w_300,q_auto/igashop/images/466256"
Nature Valley Crunchy Muesli Bar Family Variety Pack 504g,$9.00,$1.79/100g,"https://cdn.metcash.media/image/upload/f_auto,c_limit,w_300,q_auto/igashop/images/263124"
Whiskas Adult Chicken & Turkey 800g,$5.60,$0.70/100g,"https://cdn.metcash.media/image/upload/f_auto,c_limit,w_300,q_auto/igashop/images/207385"
Tip Top The One +Omega 3 DHA 700g,$4.50,$0.64/100g,"https://cdn.metcash.media/image/upload/f_auto,c_limit,w_300,q_auto/igashop/images/380992"
Dine Wet Cat Food Meat Selection In Gravy 14 Pack,$14.30,$1.02 each,"https://cdn.metcash.media/image/upload/f_auto,c_limit,w_300,q_auto/igashop/images/652263"
McVitie's Biscuits Hobnobs Oat Snap Cookie 255g,$4.00,$1.57/100g,"https://cdn.metcash.media/image/upload/f_auto,c_limit,w_300,q_auto/igashop/images/165842"
Mclintocks Vanilla Fresh Wipes 100 Pack,$10.00,$0.10 each,https://www.igashop.com.au/static/default-product-image.png
Suimin Origins Bowl Chilli Crab 118g,$3.50,$2.97/100g,"https://cdn.metcash.media/image/upload/f_auto,c_limit,w_300,q_auto/igashop/images/555699"
Northside Fine Foods Entertainer's Pack 400g,$2.20,$0.55/100g,https://www.igashop.com.au/static/default-product-image.png
Mount Franklin Lightly Sparkling Water Lemon Bottle 1.25L,$2.00,$1.60/1L,"https://cdn.metcash.media/image/upload/f_auto,c_limit,w_300,q_auto/igashop/images/30589_1"
Flora Margarine Spread Original 1kg,$7.00,$7.00/kg,"https://cdn.metcash.media/image/upload/f_auto,c_limit,w_300,q_auto/igashop/images/100884"
SunRice Thin Rice Cakes Salt & Balsamic Vinegar 160g,$2.25,$1.41/100g,"https://cdn.metcash.media/image/upload/f_auto,c_limit,w_300,q_auto/igashop/images/197593"
Desitin Rapid Protection Nappy Rash Barrier Ointment 100g,$14.55,$14.55/100g,"https://cdn.metcash.media/image/upload/f_auto,c_limit,w_300,q_auto/igashop/images/170000003440"
Candy Cane Giant Rudolph 57g,$3.00,$5.26/100g,https://www.igashop.com.au/static/default-product-image.png
Betty Crocker Rainbow Cookie Mix 495g,$3.50,$0.71/100g,"https://cdn.metcash.media/image/upload/f_auto,c_limit,w_300,q_auto/igashop/images/2235"
Masterfoods Herbs And Spices Chipotle Spice Blend 40g,$3.50,$8.75/100g,"https://cdn.metcash.media/image/upload/f_auto,c_limit,w_300,q_auto/igashop/images/742788"
Orgran Rice & Corn Pasta Macaroni 350g,$6.50,$1.86/100g,"https://cdn.metcash.media/image/upload/f_auto,c_limit,w_300,q_auto/igashop/images/20000007206"
Simply Wize Puff Pastry 540g,$11.00,$2.04/100g,https://www.igashop.com.au/static/default-product-image.png
Cellife Covid- Antigen Test(Artg) 5 Pack,$20.00,$4.00 each,"https://cdn.metcash.media/image/upload/f_auto,c_limit,w_300,q_auto/igashop/images/532413"
OGX Bond Protein Repair Shampoo 385mL,$18.75,$4.87/100mL,https://www.igashop.com.au/static/default-product-image.png
Arnott's Ginger Nut 250g,$2.50,$1.00/100g,"https://cdn.metcash.media/image/upload/f_auto,c_limit,w_300,q_auto/igashop/images/308987"
Baked Provisions Homestyle Sausage Roll 350g,$7.50,$2.14/100g,"https://cdn.metcash.media/image/upload/f_auto,c_limit,w_300,q_auto/igashop/images/1800000068800"
La Famiglia Bread Cheesy Garlic 190g,$4.20,$2.21/100g,"https://cdn.metcash.media/image/upload/f_auto,c_limit,w_300,q_auto/igashop/images/655457"
NIVEA 3in1 Gentle Cleansing Wipes 25 Pack,$5.10,$0.20 each,"https://cdn.metcash.media/image/upload/f_auto,c_limit,w_300,q_auto/igashop/images/190000001729"
Uncle Tobys Cereal Cheerios Honey 570g,$7.50,$1.32/100g,"https://cdn.metcash.media/image/upload/f_auto,c_limit,w_300,q_auto/igashop/images/379048"
Eveready Dolphin Pico 1AA Light,$10.50,N/A,"https://cdn.metcash.media/image/upload/f_auto,c_limit,w_300,q_auto/igashop/images/197530"
Karma Drinks Gingerella Ale 330mL,$3.95,$1.20/100mL,"https://cdn.metcash.media/image/upload/f_auto,c_limit,w_300,q_auto/igashop/images/180000000479"
Frisp Sliced Beetroot 500g,$1.50,$0.30/100g,"https://cdn.metcash.media/image/upload/f_auto,c_limit,w_300,q_auto/igashop/images/1800000067572"
Danny's Chocolate Thins Milk Chocolate Mint 140g,$4.95,$3.54/100g,"https://cdn.metcash.media/image/upload/f_auto,c_limit,w_300,q_auto/igashop/images/190000004283"
Cenovis Garlic Immunity Capsules 60 Pack,$8.80,$0.15 each,"https://cdn.metcash.media/image/upload/f_auto,c_limit,w_300,q_auto/igashop/images/160000012968"
Stay Fresh Anti Bacterial Thick Sponge 3 Pack,$4.00,$1.33 each,"https://cdn.metcash.media/image/upload/f_auto,c_limit,w_300,q_auto/igashop/images/355044"
Optimum Cat Healthy Weight Chicken 1.4kg,$21.50,$15.36/kg,"https://cdn.metcash.media/image/upload/f_auto,c_limit,w_300,q_auto/igashop/images/1800000068688"
Birds Eye Barramundi Soy Garlic And Black Pepper 250g,$14.30,$5.72/100g,"https://cdn.metcash.media/image/upload/f_auto,c_limit,w_300,q_auto/igashop/images/421947"
Byron Bay Almond & Organic Hempseed Muesli 400g,$14.99,$3.75/100g,"https://cdn.metcash.media/image/upload/f_auto,c_limit,w_300,q_auto/igashop/images/160000013678"
Brut Original Body Spray 130g,$3.75,$2.88/100g,"https://cdn.metcash.media/image/upload/f_auto,c_limit,w_300,q_auto/igashop/images/629032"
Birds Eye Country Harvest Pea's & Corn 500g,$4.00,$0.80/100g,"https://cdn.metcash.media/image/upload/f_auto,c_limit,w_300,q_auto/igashop/images/199639"
"Carman's Almond, Hazelnut Vanilla Nut Bars 5 Pack",$6.00,$1.20 each,"https://cdn.metcash.media/image/upload/f_auto,c_limit,w_300,q_auto/igashop/images/369750"
La Zuppa Pumpkin Soup 300g,$3.80,$1.27/100g,"https://cdn.metcash.media/image/upload/f_auto,c_limit,w_300,q_auto/igashop/images/180000005736"
King Oscar Mackerel In Tomato Sauce 115g,$3.30,$2.87/100g,"https://cdn.metcash.media/image/upload/f_auto,c_limit,w_300,q_auto/igashop/images/752157"
BIC Comfort 3 Advance Shavers 4 Pack,$6.80,$1.70 each,"https://cdn.metcash.media/image/upload/f_auto,c_limit,w_300,q_auto/igashop/images/10513"
Jack Hammer USB A 6 Outlet Power Board,$35.00,N/A,https://www.igashop.com.au/static/default-product-image.png
Devour Naked Smoky Beef Burrito 400g,$8.00,$2.00/100g,"https://cdn.metcash.media/image/upload/f_auto,c_limit,w_300,q_auto/igashop/images/944961"
Sanpellegrino Sparkling Natural Mineral Water Slim Cans 330mL,$3.50,$1.06/100mL,"https://cdn.metcash.media/image/upload/f_auto,c_limit,w_300,q_auto/igashop/images/190000004693"
Banana Boat Sport Sunscreen Lotion SPF 50 200g,$11.00,$5.50/100g,"https://cdn.metcash.media/image/upload/f_auto,c_limit,w_300,q_auto/igashop/images/377575"
Fairy Platinum Plus Expert All In One Lemon Dishwashing Tablets 42 Pack,$25.00,$0.60 each,"https://cdn.metcash.media/image/upload/f_auto,c_limit,w_300,q_auto/igashop/images/170000004447"
Summer Snow Juice Sparkling Packham Pear Juice 330mL,$4.30,$1.30/100mL,"https://cdn.metcash.media/image/upload/f_auto,c_limit,w_300,q_auto/igashop/images/190000002015"
Mount Franklin Lightly Sparkling Water Pineapple Multipack Cans 10 Pack,$12.00,$1.20 each,"https://cdn.metcash.media/image/upload/f_auto,c_limit,w_300,q_auto/igashop/images/566771"
On The Menu Beer Battered Fish & Chips 320g,$6.75,$2.11/100g,"https://cdn.metcash.media/image/upload/f_auto,c_limit,w_300,q_auto/igashop/images/887729"
Aqua Pura Fruit Splash Tropical 1L,$2.73,$2.73/1L,"https://cdn.metcash.media/image/upload/f_auto,c_limit,w_300,q_auto/igashop/images/722123"
The Cheesecake Shop Quarter Wild Strawberry 280g,$15.30,$5.46/100g,https://www.igashop.com.au/static/default-product-image.png
Swisspers Cotton Tips 20 Pack,$1.19,$0.06 each,"https://cdn.metcash.media/image/upload/f_auto,c_limit,w_300,q_auto/igashop/images/748409"
Jack Hammer Assorted Nuts & Bolts,$5.00,N/A,"https://cdn.metcash.media/image/upload/f_auto,c_limit,w_300,q_auto/igashop/images/207864"
MasterFoods Mustard Mild American Squeeze 550g,$5.80,$1.05/100g,"https://cdn.metcash.media/image/upload/f_auto,c_limit,w_300,q_auto/igashop/images/5733"
La Morena Refried Black Beans 440g,$5.90,$1.34/100g,"https://cdn.metcash.media/image/upload/f_auto,c_limit,w_300,q_auto/igashop/images/190000002235"
M&M's Crispy 335g,$8.00,$2.39/100g,"https://cdn.metcash.media/image/upload/f_auto,c_limit,w_300,q_auto/igashop/images/933473"
Christmas Premium Gift Ribbon 14 Pack,$2.00,$0.14 each,"https://cdn.metcash.media/image/upload/f_auto,c_limit,w_300,q_auto/igashop/images/524088"
Copha Oil Solid Cooking Block 250g,$3.50,$1.40/100g,"https://cdn.metcash.media/image/upload/f_auto,c_limit,w_300,q_auto/igashop/images/100012"
All The Graze Triple Cream Brie 125g,$7.00,$5.60/100g,https://www.igashop.com.au/static/default-product-image.png
Telfast Hayfever Allergy Relief Tablets 10 Pack,$13.00,$1.30 each,"https://cdn.metcash.media/image/upload/f_auto,c_limit,w_300,q_auto/igashop/images/626408"
Arnott's Chicken Crimpy & Tasty Cheese Shapes 32g,$3.00,$9.38/100g,"https://cdn.metcash.media/image/upload/f_auto,c_limit,w_300,q_auto/igashop/images/161107"
Coco Earth Butter Chicken With Naan 360g,$7.00,$1.94/100g,"https://cdn.metcash.media/image/upload/f_auto,c_limit,w_300,q_auto/igashop/images/1800000067463"
Earth Choice Laundry Capsules Eucalyptus 28 Pack,$14.00,$0.50 each,"https://cdn.metcash.media/image/upload/f_auto,c_limit,w_300,q_auto/igashop/images/175664"
Magnum Classic Mini Ice Cream 6 Pack,$12.00,$2.00 each,"https://cdn.metcash.media/image/upload/f_auto,c_limit,w_300,q_auto/igashop/images/134223"
Schick Quattro for Women Disposable 3 Pack,$10.30,$3.43 each,"https://cdn.metcash.media/image/upload/f_auto,c_limit,w_300,q_auto/igashop/images/1268"
Pine O Cleen Laundry Sanitiser Fresh Cotton 2L,$18.00,$9.00/1L,"https://cdn.metcash.media/image/upload/f_auto,c_limit,w_300,q_auto/igashop/images/577950"
Undivided Food Co. Good Sauce Sweet Chilli 260g,$10.00,$3.85/100g,"https://cdn.metcash.media/image/upload/f_auto,c_limit,w_300,q_auto/igashop/images/160000013662"
Golden Circle Pineapple Crushed In Natural Juice 440g,$3.90,$0.89/100g,"https://cdn.metcash.media/image/upload/f_auto,c_limit,w_300,q_auto/igashop/images/39041"
Nescafé Blend 43 Original 150g,$14.50,$9.67/100g,"https://cdn.metcash.media/image/upload/f_auto,c_limit,w_300,q_auto/igashop/images/10916"
Ocean Spray Low Sugar Juice Strawberry & Kiwi 1.5L,$6.40,$4.27/1L,https://www.igashop.com.au/static/default-product-image.png
Bruemar Pork Belly Rashers Char Siu 250g,$9.70,$3.88/100g,https://www.igashop.com.au/static/default-product-image.png
Aurora Green Tea 25 Pack,$3.50,$0.14 each,"https://cdn.metcash.media/image/upload/f_auto,c_limit,w_300,q_auto/igashop/images/160000014182"
Brut Hour Original Anti-Perspirant 130g,$3.75,$2.88/100g,"https://cdn.metcash.media/image/upload/f_auto,c_limit,w_300,q_auto/igashop/images/620931"
Crosse & Blackwell Tangy Mayonnaise 750g,$7.49,$1.00/100g,https://www.igashop.com.au/static/default-product-image.png
Bosisto's Body Wash Kakadu Plum & Lemon Myrtle 500mL,$8.30,$1.66/100mL,"https://cdn.metcash.media/image/upload/f_auto,c_limit,w_300,q_auto/igashop/images/751224"
Zafarelli No22 Rigatoni 500g,$2.00,$0.40/100g,"https://cdn.metcash.media/image/upload/f_auto,c_limit,w_300,q_auto/igashop/images/458708"
Maggie Beer Products Cheese Club Cheddar Vintage 150g,$6.50,$4.33/100g,"https://cdn.metcash.media/image/upload/f_auto,c_limit,w_300,q_auto/igashop/images/337266"
Community Co Shaved Parmesan Cheese 125g,$3.70,$2.96/100g,"https://cdn.metcash.media/image/upload/f_auto,c_limit,w_300,q_auto/igashop/images/705956"
Macros Buffalo Chicken & Maccaroni 350g,$12.00,$3.43/100g,https://www.igashop.com.au/static/default-product-image.png
Lan Choo Loose Leaf Black Tea 250g,$4.10,$1.64/100g,"https://cdn.metcash.media/image/upload/f_auto,c_limit,w_300,q_auto/igashop/images/11433"
Who Gives A Crap Kitchen Paper Towel,$4.50,N/A,"https://cdn.metcash.media/image/upload/f_auto,c_limit,w_300,q_auto/igashop/images/20000003709"
Sellotape Pack Tape Brown 48X50M,$3.15,N/A,"https://cdn.metcash.media/image/upload/f_auto,c_limit,w_300,q_auto/igashop/images/951803"
OMO Quickwash Laundry Liquid Speed Clean 1.94L,$32.00,$16.49/1L,"https://cdn.metcash.media/image/upload/f_auto,c_limit,w_300,q_auto/igashop/images/1800000067764"
The Spice Tailor Spicy Tarka Lentil Daal 500g,$6.70,$1.34/100g,"https://cdn.metcash.media/image/upload/f_auto,c_limit,w_300,q_auto/igashop/images/160000013851"
Fresh Up Apple & Orange 1L,$5.50,$5.50/1L,"https://cdn.metcash.media/image/upload/f_auto,c_limit,w_300,q_auto/igashop/images/20000003783"
Nestlé Kit Kat Chocolate 45g,$3.00,$6.67/100g,"https://cdn.metcash.media/image/upload/f_auto,c_limit,w_300,q_auto/igashop/images/92845"
Arnott's Tiny Teddy Biscuits Variety 15 Pack,$6.00,$0.40 each,"https://cdn.metcash.media/image/upload/f_auto,c_limit,w_300,q_auto/igashop/images/839658"
Community Co Thai Salad Kit 285g,$4.30,$1.51/100g,"https://cdn.metcash.media/image/upload/f_auto,c_limit,w_300,q_auto/igashop/images/422147"
Schick Hydro Skin Sensitive Gel 198g,$5.25,$2.65/100g,"https://cdn.metcash.media/image/upload/f_auto,c_limit,w_300,q_auto/igashop/images/190000000029"
MasterFoods Ground Ginger 25g,$3.50,$14.00/100g,"https://cdn.metcash.media/image/upload/f_auto,c_limit,w_300,q_auto/igashop/images/363563"
Bega Cheese Slices Regular 432g,$9.00,$2.08/100g,"https://cdn.metcash.media/image/upload/f_auto,c_limit,w_300,q_auto/igashop/images/730202"
Country Delight Halloween Choc Mud Cake 500g,$8.65,$1.73/100g,https://www.igashop.com.au/static/default-product-image.png
Pepsi Max No Sugar Soda Cans 10 Pack,$19.00,$1.90 each,"https://cdn.metcash.media/image/upload/f_auto,c_limit,w_300,q_auto/igashop/images/593781"
Kikkoman Soy Sauce Gluten Free Soy 250mL,$6.30,$2.52/100mL,"https://cdn.metcash.media/image/upload/f_auto,c_limit,w_300,q_auto/igashop/images/92125"
Red Bull Energy Drink 4 Pack,$7.80,$1.95 each,"https://cdn.metcash.media/image/upload/f_auto,c_limit,w_300,q_auto/igashop/images/761444"
Heinz Beanz and Sausages 420g,$3.15,$0.75/100g,"https://cdn.metcash.media/image/upload/f_auto,c_limit,w_300,q_auto/igashop/images/362449"
Trident Singapore Soft Noodles 85g,$1.00,$1.18/100g,"https://cdn.metcash.media/image/upload/f_auto,c_limit,w_300,q_auto/igashop/images/888555"
Majans Infuzions Potato Mix Thai Sweet Chilli Flavour 100g,$4.30,$4.30/100g,"https://cdn.metcash.media/image/upload/f_auto,c_limit,w_300,q_auto/igashop/images/939940"
Bulla Froyo Strawberry 1L,$11.00,$11.00/1L,https://www.igashop.com.au/static/default-product-image.png
Palmolive Naturals Ultra Moisture Body Wash Milk & Shea Butter 500mL,$3.75,$0.75/100mL,"https://cdn.metcash.media/image/upload/f_auto,c_limit,w_300,q_auto/igashop/images/466450"
Paseo Long Toilet Roll 3 Ply 4 Pack,$5.65,$1.41 each,"https://cdn.metcash.media/image/upload/f_auto,c_limit,w_300,q_auto/igashop/images/190000001616"
Weet-Bix Little Kids Essentials 400g,$5.00,$1.25/100g,"https://cdn.metcash.media/image/upload/f_auto,c_limit,w_300,q_auto/igashop/images/150000006327"
The Olive Branch Heavenly Hommus Dip 250g,$7.50,$3.00/100g,"https://cdn.metcash.media/image/upload/f_auto,c_limit,w_300,q_auto/igashop/images/190000003883"
Lindt Mini TEDDY Pouch Bag 80g,$5.00,$6.25/100g,"https://cdn.metcash.media/image/upload/f_auto,c_limit,w_300,q_auto/igashop/images/348500"
Griffin's Chocolate Sultana Pasties 185g,$5.20,$2.81/100g,"https://cdn.metcash.media/image/upload/f_auto,c_limit,w_300,q_auto/igashop/images/190000005208"
Black & Gold Cola 1.25L,$1.15,$0.92/1L,"https://cdn.metcash.media/image/upload/f_auto,c_limit,w_300,q_auto/igashop/images/26585"
L'Oreal Mex Colour Natural Brown,$17.00,N/A,"https://cdn.metcash.media/image/upload/f_auto,c_limit,w_300,q_auto/igashop/images/583901"
Bulla Choc Bars 10 Pack,$9.00,$0.90 each,"https://cdn.metcash.media/image/upload/f_auto,c_limit,w_300,q_auto/igashop/images/132093"
Green's Gluten Free Brownie Mix Fudgy Salted Caramel Chocolate 400g,$5.50,$1.38/100g,"https://cdn.metcash.media/image/upload/f_auto,c_limit,w_300,q_auto/igashop/images/191165"
Pacific West Cocktail Spring Rolls 430g,$6.65,$1.55/100g,"https://cdn.metcash.media/image/upload/f_auto,c_limit,w_300,q_auto/igashop/images/190000002933"
Trident Sweet Chilli With Ginger Sauce 285mL,$3.85,$1.35/100mL,"https://cdn.metcash.media/image/upload/f_auto,c_limit,w_300,q_auto/igashop/images/621678"
Ivan's Apple Family Pie 800g,$29.95,$3.74/100g,https://www.igashop.com.au/static/default-product-image.png
Bega Snacking Tasty Cheese & Crackers 38g,$2.50,$6.58/100g,"https://cdn.metcash.media/image/upload/f_auto,c_limit,w_300,q_auto/igashop/images/735341"
White Wings Stuffing Mix Hamburger Helper 110g,$3.80,$3.45/100g,"https://cdn.metcash.media/image/upload/f_auto,c_limit,w_300,q_auto/igashop/images/362753"
RedBerry Cushion Emery Boards 2 Pack,$4.30,$2.15 each,"https://cdn.metcash.media/image/upload/f_auto,c_limit,w_300,q_auto/igashop/images/20000005391"
Dine Creamy Treats Mixed Seafood Flavour 4 Pack,$4.00,$1.00 each,"https://cdn.metcash.media/image/upload/f_auto,c_limit,w_300,q_auto/igashop/images/170000003539"
Dairy Farmers Lite Milk 2L,$4.70,$2.35/1L,"https://cdn.metcash.media/image/upload/f_auto,c_limit,w_300,q_auto/igashop/images/164430"
Yarrows Almond Croissant 420g,$12.75,$3.04/100g,https://www.igashop.com.au/static/default-product-image.png
Beef Burgers 120g,Final cost based on weight,$0.42/$3.50,"https://cdn.metcash.media/image/upload/f_auto,c_limit,w_300,q_auto/igashop/images/80080006"
Angas Park Pitted Prunes 1kg,$13.85,$13.85/kg,"https://cdn.metcash.media/image/upload/f_auto,c_limit,w_300,q_auto/igashop/images/58278"
Mother Energy Drink Original 500mL,$3.30,$0.66/100mL,"https://cdn.metcash.media/image/upload/f_auto,c_limit,w_300,q_auto/igashop/images/190000001535"
Ecostore Rinse Aid Lemon 200mL,$5.60,$2.80/100mL,"https://cdn.metcash.media/image/upload/f_auto,c_limit,w_300,q_auto/igashop/images/892821"
ZoOSh Free Range Egg Garlic Aioli 350g,$4.90,$1.40/100g,"https://cdn.metcash.media/image/upload/f_auto,c_limit,w_300,q_auto/igashop/images/190000001949"
Lindt Lindor Mini Baubles Assorted 80g,$1.50,$1.88/100g,"https://cdn.metcash.media/image/upload/f_auto,c_limit,w_300,q_auto/igashop/images/180000003081"
OGX Anti-breakage Serum Nourishing Coconut Milk 118mL,$30.00,$25.42/100mL,"https://cdn.metcash.media/image/upload/f_auto,c_limit,w_300,q_auto/igashop/images/441426"
Energizer Maximum AA E91 2 Pack,$7.00,$3.50 each,"https://cdn.metcash.media/image/upload/f_auto,c_limit,w_300,q_auto/igashop/images/728959"
Heinz Big Red Condensed Tomato Soup 820g,$3.90,$0.48/100g,"https://cdn.metcash.media/image/upload/f_auto,c_limit,w_300,q_auto/igashop/images/29428"
Bushells Coffee 100g,$6.00,$6.00/100g,"https://cdn.metcash.media/image/upload/f_auto,c_limit,w_300,q_auto/igashop/images/10518"
Super Nature Super Pulses Beef Chia Meatball Pasta 300g,$6.00,$2.00/100g,"https://cdn.metcash.media/image/upload/f_auto,c_limit,w_300,q_auto/igashop/images/703475"
Sunbeam Glace Red Cherries 100g,$3.35,$3.35/100g,"https://cdn.metcash.media/image/upload/f_auto,c_limit,w_300,q_auto/igashop/images/8919"
Vege Chips Rice Crackers Sour Cream & Chives 75g,$4.90,$6.53/100g,"https://cdn.metcash.media/image/upload/f_auto,c_limit,w_300,q_auto/igashop/images/20000005984"
Red Rock Deli Crostini Crackers Share Pack Smoked Salt 115g,$3.75,$3.26/100g,"https://cdn.metcash.media/image/upload/f_auto,c_limit,w_300,q_auto/igashop/images/180000005609"
Campbell's Country Ladle Chicken Noodle Soup 500g,$4.50,$0.90/100g,"https://cdn.metcash.media/image/upload/f_auto,c_limit,w_300,q_auto/igashop/images/77808"
Schweppes Solo Thirst Crusher Original Lemon Bottle 1.25L,$1.75,$1.40/1L,"https://cdn.metcash.media/image/upload/f_auto,c_limit,w_300,q_auto/igashop/images/14164"
Naked Byron Foods Vegan Chipotle Mayo 435g,$9.95,$2.29/100g,"https://cdn.metcash.media/image/upload/f_auto,c_limit,w_300,q_auto/igashop/images/20000001795"
Lean Cuisine Protein Plus Slow Cooked Beef With Veg & Grains 350g,$8.80,$2.51/100g,"https://cdn.metcash.media/image/upload/f_auto,c_limit,w_300,q_auto/igashop/images/160000012860"
Lynx Australia Deodorant Bodyspray 165mL,$8.00,$4.85/100mL,"https://cdn.metcash.media/image/upload/f_auto,c_limit,w_300,q_auto/igashop/images/746952"
Chicken Tonight Honey Mustard Simmer Sauce 485g,$3.50,$0.72/100g,"https://cdn.metcash.media/image/upload/f_auto,c_limit,w_300,q_auto/igashop/images/20000006823"
Johnson's Baby Shampoo Original 200mL,$6.50,$3.25/100mL,"https://cdn.metcash.media/image/upload/f_auto,c_limit,w_300,q_auto/igashop/images/57293"
Baby Bellies Organic Puffs Blueberry 12g,$1.95,$16.25/100g,"https://cdn.metcash.media/image/upload/f_auto,c_limit,w_300,q_auto/igashop/images/744337"
Buderim Ginger Beer 250mL,$2.29,$9.16/1L,"https://cdn.metcash.media/image/upload/f_auto,c_limit,w_300,q_auto/igashop/images/274730"
Little Bellies Pick Up Yoghurt Mango 16g,$3.90,$24.38/100g,"https://cdn.metcash.media/image/upload/f_auto,c_limit,w_300,q_auto/igashop/images/274264"
Farmers Union Iced Coffee 600mL,$3.70,$0.62/100mL,"https://cdn.metcash.media/image/upload/f_auto,c_limit,w_300,q_auto/igashop/images/158879"
Primo Duos Mild Twiggy Bites & Cheddar Cheese 50g,$4.25,$8.50/100g,"https://cdn.metcash.media/image/upload/f_auto,c_limit,w_300,q_auto/igashop/images/150000000206"
Raguletto Pasta Sauce Venetian 500g,$2.09,$0.42/100g,"https://cdn.metcash.media/image/upload/f_auto,c_limit,w_300,q_auto/igashop/images/20000006770"
Harpic Eco Fresh Eucalyptus 2 Pack,$7.00,$3.50 each,"https://cdn.metcash.media/image/upload/f_auto,c_limit,w_300,q_auto/igashop/images/841294"
Sard Sweat & Deodorant Stain Remover Spray Expert Action 420mL,$8.00,$1.90/100mL,"https://cdn.metcash.media/image/upload/f_auto,c_limit,w_300,q_auto/igashop/images/180000000604"
Continental Sensations Cup-A-Soup Spicy Malaysian Chicken Laksa 61g,$3.50,$5.74/100g,"https://cdn.metcash.media/image/upload/f_auto,c_limit,w_300,q_auto/igashop/images/201012"
The Gourmet Sausage Company Texas Style Burgers 500g,$11.00,$2.20/100g,"https://cdn.metcash.media/image/upload/f_auto,c_limit,w_300,q_auto/igashop/images/180000001528"
Old Time Bakery Pizza Bases Gluten Free 2 Pack,$6.50,$3.25 each,"https://cdn.metcash.media/image/upload/f_auto,c_limit,w_300,q_auto/igashop/images/20000001965"
Heinz Baked Beans In Ham Sauce 300g,$2.90,$0.97/100g,"https://cdn.metcash.media/image/upload/f_auto,c_limit,w_300,q_auto/igashop/images/891231"
Skittles Fruits Lollies Party Share Bag 12 Pack,$5.25,$0.44 each,"https://cdn.metcash.media/image/upload/f_auto,c_limit,w_300,q_auto/igashop/images/762149"
Reese's Peanut Butter Ice Cream Sandwiches 4 Pack,$10.00,$2.50 each,"https://cdn.metcash.media/image/upload/f_auto,c_limit,w_300,q_auto/igashop/images/160000018254"
Prima Apple & Raspberry Fruit Drink 6 Pack,$4.80,$0.80 each,"https://cdn.metcash.media/image/upload/f_auto,c_limit,w_300,q_auto/igashop/images/345947"
DON Salami Hungarian Hot 200g,$7.90,$3.95/100g,"https://cdn.metcash.media/image/upload/f_auto,c_limit,w_300,q_auto/igashop/images/111380"
Arnott's Scotch Finger 250g,$2.50,$1.00/100g,"https://cdn.metcash.media/image/upload/f_auto,c_limit,w_300,q_auto/igashop/images/309098"
Savoiardi Vaschetta Lady Fingers 200g,$4.90,$2.45/100g,https://www.igashop.com.au/static/default-product-image.png
Oreo Double Stuff Original 131g,$2.00,$1.53/100g,"https://cdn.metcash.media/image/upload/f_auto,c_limit,w_300,q_auto/igashop/images/283917"
Cadbury Mini Easter Egg Gift Box 162g,$10.00,$6.17/100g,"https://cdn.metcash.media/image/upload/f_auto,c_limit,w_300,q_auto/igashop/images/898712"
Doritos Corn Chips Street Art Boss Taco 150g,$5.00,$3.33/100g,"https://cdn.metcash.media/image/upload/f_auto,c_limit,w_300,q_auto/igashop/images/543294"
Clairol Nice'N Easy Permanent Hair Colour Natural Dark Brown,$11.00,N/A,"https://cdn.metcash.media/image/upload/f_auto,c_limit,w_300,q_auto/igashop/images/581226"
Organic Lemon 500g,$10.95,$2.19/100g,https://www.igashop.com.au/static/default-product-image.png
Chupa Chup Assorted Flavour Lollipops 6 Pack,$3.05,$0.51 each,"https://cdn.metcash.media/image/upload/f_auto,c_limit,w_300,q_auto/igashop/images/787482"
BSc Energy Drink Berry Burst 500mL,$5.70,$1.14/100mL,https://www.igashop.com.au/static/default-product-image.png
Bulla Creme Fraiche 200mL,$5.40,$2.70/100mL,"https://cdn.metcash.media/image/upload/f_auto,c_limit,w_300,q_auto/igashop/images/131597"
Pine O Cleen Platinum Laundry Sanitiser Floral 2L,$26.00,$13.00/1L,"https://cdn.metcash.media/image/upload/f_auto,c_limit,w_300,q_auto/igashop/images/297076"
Barilla Penne Rigate Pasta No 73 500g,$3.00,$0.60/100g,"https://cdn.metcash.media/image/upload/f_auto,c_limit,w_300,q_auto/igashop/images/23503"
John West Tempter Chilli 185g,$3.50,$1.89/100g,"https://cdn.metcash.media/image/upload/f_auto,c_limit,w_300,q_auto/igashop/images/558396"
Allen's Freckles 160g,$6.10,$3.81/100g,"https://cdn.metcash.media/image/upload/f_auto,c_limit,w_300,q_auto/igashop/images/695135"
Schar Gluten Free Chocolate Os 165g,$11.00,$6.67/100g,"https://cdn.metcash.media/image/upload/f_auto,c_limit,w_300,q_auto/igashop/images/20000000140"
Country Delight Cookie White Choc Macadamia 90g,$2.55,$2.83/100g,https://www.igashop.com.au/static/default-product-image.png
MasterFoods Barbecue Sauce Reduced Salt & Sugar 475mL,$4.20,$0.88/100mL,"https://cdn.metcash.media/image/upload/f_auto,c_limit,w_300,q_auto/igashop/images/885654"
Healtheries Rice Wheels Burger Flavour 126g,$4.50,$3.57/100g,"https://cdn.metcash.media/image/upload/f_auto,c_limit,w_300,q_auto/igashop/images/975527"
NIVEA Q10 Firming Body Lotion 250mL,$4.50,$1.80/100mL,"https://cdn.metcash.media/image/upload/f_auto,c_limit,w_300,q_auto/igashop/images/13197"
Huggies Ultra Dry Nappy Pants Girl Size 5 (12-17kg) 54 Pack,$33.50,$0.62 each,"https://cdn.metcash.media/image/upload/f_auto,c_limit,w_300,q_auto/igashop/images/170000002441"
Lorrie's Pie Beef Family 650g,$9.99,$1.54/100g,"https://cdn.metcash.media/image/upload/f_auto,c_limit,w_300,q_auto/igashop/images/20000004865"
Sunbites Veggie Crackers Sweet Potato Cream Cheese And Herb 110g,$3.30,$3.00/100g,https://www.igashop.com.au/static/default-product-image.png
Allen's Butter-Menthol Throat Lozenge 3 Pack,$6.50,$2.17 each,"https://cdn.metcash.media/image/upload/f_auto,c_limit,w_300,q_auto/igashop/images/3812"
Heather Brea Tart Shells 6 Pack,$5.50,$0.92 each,https://www.igashop.com.au/static/default-product-image.png
Little Trees Air Freshener Strawberry 3 Pack,$6.80,$2.27 each,"https://cdn.metcash.media/image/upload/f_auto,c_limit,w_300,q_auto/igashop/images/190000001485"
Maggie Beer Products Cheese Extra Creamy Brie 180g,$11.00,$6.11/100g,https://www.igashop.com.au/static/default-product-image.png
Crest USB Single Socket Surge Protection,$25.00,N/A,"https://cdn.metcash.media/image/upload/f_auto,c_limit,w_300,q_auto/igashop/images/899674"
Bundaberg Sparkling Guava Sparkling Drink 4 Pack,$6.30,$1.58 each,"https://cdn.metcash.media/image/upload/f_auto,c_limit,w_300,q_auto/igashop/images/388042"
Yoplait YOP Kids Yoghurt Pouch Mango 130g,$1.45,$1.12/100g,"https://cdn.metcash.media/image/upload/f_auto,c_limit,w_300,q_auto/igashop/images/1800000069676"
Soup Sister Vegetable Wonton Soup 150g,$6.95,$4.63/100g,"https://cdn.metcash.media/image/upload/f_auto,c_limit,w_300,q_auto/igashop/images/533922"
Cherries Punnet 500 grams,$9.95,N/A,"https://cdn.metcash.media/image/upload/f_auto,c_limit,w_300,q_auto/igashop/images/80050085"
Curash Baby Wipes Fragrance Free 80 Pack,$3.90,$0.05 each,"https://cdn.metcash.media/image/upload/f_auto,c_limit,w_300,q_auto/igashop/images/941379"
DON Deli Cuts Deli Leg Ham Sliced 100g,$3.50,$3.50/100g,"https://cdn.metcash.media/image/upload/f_auto,c_limit,w_300,q_auto/igashop/images/180000002631"
Fever-Tree Premium Indian Tonic Water 4 Pack,$9.00,$2.25 each,"https://cdn.metcash.media/image/upload/f_auto,c_limit,w_300,q_auto/igashop/images/415187"
Chobani Yoghurt Pots Strawberry 170g,$2.50,$1.47/100g,"https://cdn.metcash.media/image/upload/f_auto,c_limit,w_300,q_auto/igashop/images/180000000017"
Community Co Family Size Al Forno Meat Feast Pasta Bake 1kg,$18.00,$18.00/kg,"https://cdn.metcash.media/image/upload/f_auto,c_limit,w_300,q_auto/igashop/images/20000003237"
Aeroplane Jelly Watermelon Jelly Crystals 85g,$1.80,$2.12/100g,"https://cdn.metcash.media/image/upload/f_auto,c_limit,w_300,q_auto/igashop/images/160000018162"
Praise Mayonnaise Whole Egg Light Less Sugar Squeeze 230g,$4.50,$1.96/100g,"https://cdn.metcash.media/image/upload/f_auto,c_limit,w_300,q_auto/igashop/images/741106"
Telfast Hayfever and Allergy Tablets 10 Pack,$8.00,$0.80 each,"https://cdn.metcash.media/image/upload/f_auto,c_limit,w_300,q_auto/igashop/images/323704"
Byron Bay Chilli Co. Chilli Sauce Fiery Coconut 250mL,$5.00,$2.00/100mL,"https://cdn.metcash.media/image/upload/f_auto,c_limit,w_300,q_auto/igashop/images/160000013680"
KitKat Milk Chocolate Easter Casket 173g,$10.00,$5.78/100g,"https://cdn.metcash.media/image/upload/f_auto,c_limit,w_300,q_auto/igashop/images/1800000070189"
Community Co Shredded Mozzarella Cheese 250g,$5.50,$2.20/100g,"https://cdn.metcash.media/image/upload/f_auto,c_limit,w_300,q_auto/igashop/images/827643"
Birds Eye Country Harvest Carrot Cauliflower Beans & Broccoli 500g,$3.00,$0.60/100g,"https://cdn.metcash.media/image/upload/f_auto,c_limit,w_300,q_auto/igashop/images/104862"
Tuscany Shredded Mozzarella Cheese Blend 500g,$8.70,$1.74/100g,"https://cdn.metcash.media/image/upload/f_auto,c_limit,w_300,q_auto/igashop/images/190000003988"
Nurofen Zavance Fast Pain Relief Caplets 256mg Ibuprofen 24 Pack,$9.00,$0.38 each,"https://cdn.metcash.media/image/upload/f_auto,c_limit,w_300,q_auto/igashop/images/401785"
Balfours Donut Pink 130g,$3.35,$2.58/100g,"https://cdn.metcash.media/image/upload/f_auto,c_limit,w_300,q_auto/igashop/images/121518"
Queensland Yoghurt Mango Yoghurt 500g,$6.50,$1.30/100g,"https://cdn.metcash.media/image/upload/f_auto,c_limit,w_300,q_auto/igashop/images/190000003873"
Suprima Bakeries Cheese & Bacon 4 Pack,$4.10,$1.03 each,https://www.igashop.com.au/static/default-product-image.png
Farmers Market Home Styled Shreds Beef Red Lentils Peas & Carrots 250g,$5.00,$2.00/100g,https://www.igashop.com.au/static/default-product-image.png
Yoplait Yoghurt Mixed Berry 1kg,$4.95,$4.95/kg,"https://cdn.metcash.media/image/upload/f_auto,c_limit,w_300,q_auto/igashop/images/199600"
Youfoodz White Choc Blondie Bite 40g,$3.00,$7.50/100g,"https://cdn.metcash.media/image/upload/f_auto,c_limit,w_300,q_auto/igashop/images/190000004099"
Fluffy Summer Breeze Concentrate Fabric Softener Conditioner 1L,$4.75,$4.75/1L,"https://cdn.metcash.media/image/upload/f_auto,c_limit,w_300,q_auto/igashop/images/32028"
Bonne Maman Apricot Jam 370g,$6.90,$1.86/100g,"https://cdn.metcash.media/image/upload/f_auto,c_limit,w_300,q_auto/igashop/images/160000013762"
Heinz Classic Canned Soup Creamy Chicken & Mushroom 520g,$4.40,$0.85/100g,"https://cdn.metcash.media/image/upload/f_auto,c_limit,w_300,q_auto/igashop/images/268844"
Always Fresh Crustini Crispbread Rosemary & Garlic 120g,$4.50,$3.75/100g,"https://cdn.metcash.media/image/upload/f_auto,c_limit,w_300,q_auto/igashop/images/75314"
Mutti Passata Toscana 400g,$4.80,$1.20/100g,"https://cdn.metcash.media/image/upload/f_auto,c_limit,w_300,q_auto/igashop/images/231130"
Dove Go Fresh Body Wash Fresh Touch 1L,$19.00,$19.00/1L,"https://cdn.metcash.media/image/upload/f_auto,c_limit,w_300,q_auto/igashop/images/351464"
My Dog Shredded Meals Chicken 100g,$1.95,$1.95/100g,"https://cdn.metcash.media/image/upload/f_auto,c_limit,w_300,q_auto/igashop/images/335963"
Fantastic Fresh Noodles Hokkien 450g,$3.45,$0.77/100g,"https://cdn.metcash.media/image/upload/f_auto,c_limit,w_300,q_auto/igashop/images/198104"
Allen's Cheekies Lollies Bag 190g,$3.50,$1.84/100g,"https://cdn.metcash.media/image/upload/f_auto,c_limit,w_300,q_auto/igashop/images/190000003434"
Tip Top Pizza Bases White 2 Pack,$6.60,$3.30 each,"https://cdn.metcash.media/image/upload/f_auto,c_limit,w_300,q_auto/igashop/images/479068"
Black & Gold Laundry Powder Concentrate 1kg,$4.00,$4.00/kg,"https://cdn.metcash.media/image/upload/f_auto,c_limit,w_300,q_auto/igashop/images/680795"
KB's Gyoza Vegetable 750g,$17.95,$2.39/100g,"https://cdn.metcash.media/image/upload/f_auto,c_limit,w_300,q_auto/igashop/images/20000004959"
Falwasser Natural Crispbread 120g,$9.50,$7.92/100g,"https://cdn.metcash.media/image/upload/f_auto,c_limit,w_300,q_auto/igashop/images/150000007638"
Pedigree Medium AdultDry Dog Food With Real Beef Bag 8kg,$24.50,$3.06/kg,"https://cdn.metcash.media/image/upload/f_auto,c_limit,w_300,q_auto/igashop/images/384190"
Bepanthen Baby Nappy Rash Ointment 50g,$12.50,$25.00/100g,"https://cdn.metcash.media/image/upload/f_auto,c_limit,w_300,q_auto/igashop/images/409225"
Maped Sharpener 1 Hole Shaker,$2.90,N/A,"https://cdn.metcash.media/image/upload/f_auto,c_limit,w_300,q_auto/igashop/images/983680"
Poise Pad Adultcare Regular 32 Pack,$11.80,$0.37 each,https://www.igashop.com.au/static/default-product-image.png
San Remo Fusilli No 56 500g,$2.95,$0.59/100g,"https://cdn.metcash.media/image/upload/f_auto,c_limit,w_300,q_auto/igashop/images/68236"
Tommee Tippee Closer to Nature Fast Flow Teats 2 Pack,$10.00,$5.00 each,"https://cdn.metcash.media/image/upload/f_auto,c_limit,w_300,q_auto/igashop/images/454173"
BIC Shaver Hybrid 4 Advance Mens 4 Pack,$10.50,$2.63 each,"https://cdn.metcash.media/image/upload/f_auto,c_limit,w_300,q_auto/igashop/images/362774"
Uncle Tobys Oats Breakfast Bakes Apple & Cinnamon 260g,$5.60,$2.15/100g,"https://cdn.metcash.media/image/upload/f_auto,c_limit,w_300,q_auto/igashop/images/937236"
John West Tempters Tuna Lemon & Cracked Pepper 95g,$2.90,$3.05/100g,"https://cdn.metcash.media/image/upload/f_auto,c_limit,w_300,q_auto/igashop/images/607014"
Eveready Red Heavy Duty 9V 216,$4.60,N/A,"https://cdn.metcash.media/image/upload/f_auto,c_limit,w_300,q_auto/igashop/images/280993"
Golden Circle Sunshine Punch Fruit Drink Multipack Poppers 6 Pack,$5.10,$0.85 each,"https://cdn.metcash.media/image/upload/f_auto,c_limit,w_300,q_auto/igashop/images/59407"
Lindt Gold Bunny Milk Chocolate Easter 50g,$7.00,$14.00/100g,"https://cdn.metcash.media/image/upload/f_auto,c_limit,w_300,q_auto/igashop/images/420446"
Twix Chocolate Bar Fun Size 14.5g,$0.68,$4.69/100g,"https://cdn.metcash.media/image/upload/f_auto,c_limit,w_300,q_auto/igashop/images/638138"
Poise Ultra Long Liners Fragrance Free,$6.40,N/A,"https://cdn.metcash.media/image/upload/f_auto,c_limit,w_300,q_auto/igashop/images/150000000158"
Yarrows Roll Plain Buffet 290g,$3.15,$1.09/100g,"https://cdn.metcash.media/image/upload/f_auto,c_limit,w_300,q_auto/igashop/images/23131602_m"
Only Organic Banana Pear & Apple 120g,$2.15,$1.79/100g,"https://cdn.metcash.media/image/upload/f_auto,c_limit,w_300,q_auto/igashop/images/354564"
John West Protein Plus Iron Tuna With Capsicum & Beans 170g,$3.80,$2.24/100g,"https://cdn.metcash.media/image/upload/f_auto,c_limit,w_300,q_auto/igashop/images/190000002312"
Kettle Potato Chips Beef Brisket & Smokey BBQ 150g,$6.00,$4.00/100g,"https://cdn.metcash.media/image/upload/f_auto,c_limit,w_300,q_auto/igashop/images/1800000070723"
Lipton Tea Bag Ceylon Green 100 Pack,$9.20,$0.09 each,"https://cdn.metcash.media/image/upload/f_auto,c_limit,w_300,q_auto/igashop/images/266538"
Heinz Big N Chunky Canned Soup Bacon Steak & Potato 535g,$4.40,$0.82/100g,"https://cdn.metcash.media/image/upload/f_auto,c_limit,w_300,q_auto/igashop/images/331320"
Lindt Lindor Milk Easter Egg 18g,$1.80,$10.00/100g,"https://cdn.metcash.media/image/upload/f_auto,c_limit,w_300,q_auto/igashop/images/165978"
Huggies Essential Size 2 Infant 54 Pack,$24.60,$0.46 each,"https://cdn.metcash.media/image/upload/f_auto,c_limit,w_300,q_auto/igashop/images/986345"
Norco Chocolate Milk 300mL,$2.85,$0.95/100mL,"https://cdn.metcash.media/image/upload/f_auto,c_limit,w_300,q_auto/igashop/images/20000001459"
Bickford's Tropical Cordial 750mL,$5.50,$0.73/100mL,"https://cdn.metcash.media/image/upload/f_auto,c_limit,w_300,q_auto/igashop/images/683934"
Coyo Organic Mango Yoghurt 500g,$9.50,$1.90/100g,"https://cdn.metcash.media/image/upload/f_auto,c_limit,w_300,q_auto/igashop/images/190000002639"
Rose's Conserve Raspberry Jam 375g,$4.30,$1.15/100g,"https://cdn.metcash.media/image/upload/f_auto,c_limit,w_300,q_auto/igashop/images/267885"
Mersey Valley Classic Vintage Club Cheddar 235g,$9.90,$4.21/100g,"https://cdn.metcash.media/image/upload/f_auto,c_limit,w_300,q_auto/igashop/images/164820"
Helga's Wholemeal Lower Carb Wraps 5 Pack,$5.50,$1.10 each,"https://cdn.metcash.media/image/upload/f_auto,c_limit,w_300,q_auto/igashop/images/463106"
Doritos Tortilla Chips Cheese Supreme 120g,$5.50,$4.58/100g,"https://cdn.metcash.media/image/upload/f_auto,c_limit,w_300,q_auto/igashop/images/1800000067531"
Grapes Red Candy Crunch 400g,$14.90,$3.73/100g,https://www.igashop.com.au/static/default-product-image.png
Arnott's Butternut Snap Chocolate Biscuits 200g,$2.75,$1.38/100g,"https://cdn.metcash.media/image/upload/f_auto,c_limit,w_300,q_auto/igashop/images/90681"
Ayam Oyster Sauce 210mL,$3.60,$1.71/100mL,"https://cdn.metcash.media/image/upload/f_auto,c_limit,w_300,q_auto/igashop/images/456837"
Ostelin Calcium & Vitamin D3 60 Pack,$13.90,$0.23 each,"https://cdn.metcash.media/image/upload/f_auto,c_limit,w_300,q_auto/igashop/images/160000001918"
Mrs Mac's Beef Party Pies 12 Pack,$9.50,$0.79 each,"https://cdn.metcash.media/image/upload/f_auto,c_limit,w_300,q_auto/igashop/images/934945"
Schwarzkopf Brilliance 43 Red Passion,$26.00,N/A,"https://cdn.metcash.media/image/upload/f_auto,c_limit,w_300,q_auto/igashop/images/245192"
CSR Raw Sugar 2kg,$5.00,$2.50/kg,"https://cdn.metcash.media/image/upload/f_auto,c_limit,w_300,q_auto/igashop/images/44339"
Marbig Staples 26/6 5000 Pack,$5.00,$0.00 each,"https://cdn.metcash.media/image/upload/f_auto,c_limit,w_300,q_auto/igashop/images/290710"
Ayam Thai Rice Noodles 200g,$2.40,$1.20/100g,"https://cdn.metcash.media/image/upload/f_auto,c_limit,w_300,q_auto/igashop/images/190000001745"
Mighty Soft White Sandwich 700g,$3.90,$0.56/100g,"https://cdn.metcash.media/image/upload/f_auto,c_limit,w_300,q_auto/igashop/images/860400"
Western Star Spreadable Butter Salt Reduced 375g,$6.30,$1.68/100g,"https://cdn.metcash.media/image/upload/f_auto,c_limit,w_300,q_auto/igashop/images/145525"
Community Co Baby Leaf Salad Mix 300g,$5.30,$1.77/100g,"https://cdn.metcash.media/image/upload/f_auto,c_limit,w_300,q_auto/igashop/images/421418"
Black & Gold Cream Cheese Spread 245g,$2.90,$1.18/100g,"https://cdn.metcash.media/image/upload/f_auto,c_limit,w_300,q_auto/igashop/images/694231"
Moki Sync & Charge Lightning Cable Wall Kit,$45.00,N/A,"https://cdn.metcash.media/image/upload/f_auto,c_limit,w_300,q_auto/igashop/images/615973"
Nature's Way Complete Daily Multivitamin 100 Pack,$12.00,$0.12 each,"https://cdn.metcash.media/image/upload/f_auto,c_limit,w_300,q_auto/igashop/images/205477"
Bega Farmers' Tasty Natural Cheese Slices 250g,$6.50,$2.60/100g,"https://cdn.metcash.media/image/upload/f_auto,c_limit,w_300,q_auto/igashop/images/180648"
Dairy Farmers Heart Active Milk 1L,$4.00,$4.00/1L,"https://cdn.metcash.media/image/upload/f_auto,c_limit,w_300,q_auto/igashop/images/432883"
Colgate Toothbrush Total Foaming Clean Medium,$6.00,N/A,"https://cdn.metcash.media/image/upload/f_auto,c_limit,w_300,q_auto/igashop/images/180000005373"
Nutrient Water Revive 575mL,$3.40,$0.59/100mL,"https://cdn.metcash.media/image/upload/f_auto,c_limit,w_300,q_auto/igashop/images/20000005141"
Queen Natural White Choc Flavouring Paste 100g,$6.50,$6.50/100g,"https://cdn.metcash.media/image/upload/f_auto,c_limit,w_300,q_auto/igashop/images/199422"
Powerade Isotonic Mountain Blast Sports Drink Sipper Cap 1L,$3.60,$3.60/1L,"https://cdn.metcash.media/image/upload/f_auto,c_limit,w_300,q_auto/igashop/images/384446_1"
Carman's Original Fruit Free Muesli 1.5kg,$16.00,$10.67/kg,"https://cdn.metcash.media/image/upload/f_auto,c_limit,w_300,q_auto/igashop/images/9319133331501"
Cleaver's Organic Beef Eye Fillet Steak 500g,$45.00,$90.00/kg,"https://cdn.metcash.media/image/upload/f_auto,c_limit,w_300,q_auto/igashop/images/180077"
White Wings Premium Self Raising Flour 2kg,$4.95,$2.48/kg,"https://cdn.metcash.media/image/upload/f_auto,c_limit,w_300,q_auto/igashop/images/39520"
Community Co Original Tortilla 8 Pack,$3.45,$0.43 each,"https://cdn.metcash.media/image/upload/f_auto,c_limit,w_300,q_auto/igashop/images/812630"
Nilodor Concentrated Deodoriser 7.5mL,$8.00,$106.67/100mL,"https://cdn.metcash.media/image/upload/f_auto,c_limit,w_300,q_auto/igashop/images/333160"
Massel Ultracube Pho 105g,$4.45,$4.24/100g,"https://cdn.metcash.media/image/upload/f_auto,c_limit,w_300,q_auto/igashop/images/784086"
Capi Dry Tonic 4 Pack,$8.25,$2.06 each,"https://cdn.metcash.media/image/upload/f_auto,c_limit,w_300,q_auto/igashop/images/938850"
Australian Botanical Soap Frangipani 200g,$4.40,$2.20/100g,"https://cdn.metcash.media/image/upload/f_auto,c_limit,w_300,q_auto/igashop/images/302208"
Vessell Spring Water Still 750mL,$5.05,$6.73/1L,https://www.igashop.com.au/static/default-product-image.png
Arnott's Vovo Biscuits 210g,$2.80,$1.33/100g,"https://cdn.metcash.media/image/upload/f_auto,c_limit,w_300,q_auto/igashop/images/846260"
Neutrogena Deep Clean Normal To Oily Skin Cleanser 200mL,$21.00,$10.50/100mL,"https://cdn.metcash.media/image/upload/f_auto,c_limit,w_300,q_auto/igashop/images/484872"
Pecks Anchovette Fish Spread 50g,$3.60,$7.20/100g,"https://cdn.metcash.media/image/upload/f_auto,c_limit,w_300,q_auto/igashop/images/31483"
John West Tuna In Springwater 185g,$3.00,$1.62/100g,"https://cdn.metcash.media/image/upload/f_auto,c_limit,w_300,q_auto/igashop/images/438376"
Nestlé Chocolate Mousse 2 Pack,$3.00,$1.50 each,"https://cdn.metcash.media/image/upload/f_auto,c_limit,w_300,q_auto/igashop/images/129244"
Cadbury Black Forest Milk Chocolate Block 180g,$4.00,$2.22/100g,"https://cdn.metcash.media/image/upload/f_auto,c_limit,w_300,q_auto/igashop/images/461942"
Kellogg's Fun Assorted 6 Pack,$6.75,$1.13 each,"https://cdn.metcash.media/image/upload/f_auto,c_limit,w_300,q_auto/igashop/images/439013"
Oral-B Vitality Plus Power Toothbrush Floss Action,$25.00,N/A,"https://cdn.metcash.media/image/upload/f_auto,c_limit,w_300,q_auto/igashop/images/189464"
Banana Boat Sunscreen Kids Lotion SPF50+ 200mL,$22.00,$11.00/100mL,"https://cdn.metcash.media/image/upload/f_auto,c_limit,w_300,q_auto/igashop/images/327054"
Sara Lee Ice Cream Irresistible Hokey Pokey 1L,$12.25,$12.25/1L,"https://cdn.metcash.media/image/upload/f_auto,c_limit,w_300,q_auto/igashop/images/446057"
Bundaberg Brewed Apple Cider 375mL,$3.50,$0.93/100mL,"https://cdn.metcash.media/image/upload/f_auto,c_limit,w_300,q_auto/igashop/images/223111"
Queen Organic Vanilla Bean Paste 65g,$11.80,$18.15/100g,"https://cdn.metcash.media/image/upload/f_auto,c_limit,w_300,q_auto/igashop/images/92722"
Cadbury Twirl 39g,$3.00,$7.69/100g,"https://cdn.metcash.media/image/upload/f_auto,c_limit,w_300,q_auto/igashop/images/386927"
Ayam Coconut Milk 270mL,$4.00,$1.48/100mL,"https://cdn.metcash.media/image/upload/f_auto,c_limit,w_300,q_auto/igashop/images/310992"
Oates Toilet Set Stainless Steel,$15.90,N/A,"https://cdn.metcash.media/image/upload/f_auto,c_limit,w_300,q_auto/igashop/images/258988"
Nurofen Quickzorb Ibuprofen Lysine 342mg 24 Pack,$9.50,$0.40 each,"https://cdn.metcash.media/image/upload/f_auto,c_limit,w_300,q_auto/igashop/images/623206"
Pledge Lemon Extra Care 330mL,$5.40,$1.64/100mL,"https://cdn.metcash.media/image/upload/f_auto,c_limit,w_300,q_auto/igashop/images/370471"
Cold Power Sensitive Triple Capsules 46 Pack,$27.00,$0.59 each,https://www.igashop.com.au/static/default-product-image.png
Bref Blue Active Eucalyptus Rim Block Toilet Cleaner 50g,$3.50,$7.00/100g,"https://cdn.metcash.media/image/upload/f_auto,c_limit,w_300,q_auto/igashop/images/851079"
McKenzie's Digestives Dibbles Caramel 120g,$2.99,$2.49/100g,"https://cdn.metcash.media/image/upload/f_auto,c_limit,w_300,q_auto/igashop/images/190000003827"
Sakata Caramelised Onion & Balsamic Crackers 90g,$2.30,$2.56/100g,"https://cdn.metcash.media/image/upload/f_auto,c_limit,w_300,q_auto/igashop/images/518150"
Carefree Original Tampons Regular 32 Pack,$8.65,$0.27 each,"https://cdn.metcash.media/image/upload/f_auto,c_limit,w_300,q_auto/igashop/images/1600000011291"
Ingham's Buffalo Chicken Wing Dings 1kg,$11.50,$11.50/kg,"https://cdn.metcash.media/image/upload/f_auto,c_limit,w_300,q_auto/igashop/images/658052"
Spice & Co White Sesame Seeds 80g,$3.75,$4.69/100g,"https://cdn.metcash.media/image/upload/f_auto,c_limit,w_300,q_auto/igashop/images/190000002420"
Sunkist Zero Sugar 10 Pack,$19.00,$1.90 each,"https://cdn.metcash.media/image/upload/f_auto,c_limit,w_300,q_auto/igashop/images/294133"
TLC All Bathroom Concentrate Sachet 30mL,$5.15,$17.17/100mL,"https://cdn.metcash.media/image/upload/f_auto,c_limit,w_300,q_auto/igashop/images/927294"
Robert Timms Instant Granulated Coffee Espresso Extra Dark 200g,$12.50,$6.25/100g,"https://cdn.metcash.media/image/upload/f_auto,c_limit,w_300,q_auto/igashop/images/845243"
Dine Creamy Treats Chicken Flavour Cat Treat 4 Pack,$3.20,$0.80 each,"https://cdn.metcash.media/image/upload/f_auto,c_limit,w_300,q_auto/igashop/images/658997"
Diggers Kerosene 1L,$9.50,$9.50/1L,"https://cdn.metcash.media/image/upload/f_auto,c_limit,w_300,q_auto/igashop/images/862313"
Slape & Sons BBQ Pack 800g,$12.00,$1.50/100g,"https://cdn.metcash.media/image/upload/f_auto,c_limit,w_300,q_auto/igashop/images/20000004919"
Dream Whip Cream 250g,$5.30,$2.12/100g,"https://cdn.metcash.media/image/upload/f_auto,c_limit,w_300,q_auto/igashop/images/170392"
Steggles Crumbed Chicken Breast Fingers 360g,$6.50,$1.81/100g,"https://cdn.metcash.media/image/upload/f_auto,c_limit,w_300,q_auto/igashop/images/160000012932"
Philips Light Globe Led 14w 1400 Lumen Cool BC,$9.00,N/A,"https://cdn.metcash.media/image/upload/f_auto,c_limit,w_300,q_auto/igashop/images/721096"
Liquid Death Mountain Water 500mL,$4.95,$0.99/100mL,https://www.igashop.com.au/static/default-product-image.png
Pepsi Max No Sugar Soda Cans 24 Pack,$20.00,$0.83 each,"https://cdn.metcash.media/image/upload/f_auto,c_limit,w_300,q_auto/igashop/images/634605"
Mocktails By Vok Non-Alcoholic Drink Peach Daiquiri 250mL,$12.00,$4.80/100mL,https://www.igashop.com.au/static/default-product-image.png
V Energy Drink Cans 4 Pack,$11.70,$2.93 each,"https://cdn.metcash.media/image/upload/f_auto,c_limit,w_300,q_auto/igashop/images/190000010473"
Glad Council Bin Liner 8 Pack,$5.15,$0.64 each,"https://cdn.metcash.media/image/upload/f_auto,c_limit,w_300,q_auto/igashop/images/8715"
Hydralyte Watermelon Burst Effervescent Electrolyte 10 Pack,$8.70,$0.87 each,https://www.igashop.com.au/static/default-product-image.png
Matt Moran My Perfect Vegetable Stock 500mL,$5.90,$1.18/100mL,"https://cdn.metcash.media/image/upload/f_auto,c_limit,w_300,q_auto/igashop/images/999589"
I&J Fish Fillets Original Crumb 1kg,$15.00,$15.00/kg,"https://cdn.metcash.media/image/upload/f_auto,c_limit,w_300,q_auto/igashop/images/190000002773"
Nicorette Quit Smoking Nicotine Gum Icy Mint Extra Strength 75 Pack,$28.00,$0.37 each,"https://cdn.metcash.media/image/upload/f_auto,c_limit,w_300,q_auto/igashop/images/89067"
DON Cabanossi Minis Original 140g,$5.00,$3.57/100g,"https://cdn.metcash.media/image/upload/f_auto,c_limit,w_300,q_auto/igashop/images/20000006964"
Air Wick Reed Diffuser Midnight Blackberry Vanilla 50mL,$8.40,$16.80/100mL,"https://cdn.metcash.media/image/upload/f_auto,c_limit,w_300,q_auto/igashop/images/391139"
Only Organic Chicken Vegetables & Star Pasta 8+ Months 170g,$2.90,$1.71/100g,"https://cdn.metcash.media/image/upload/f_auto,c_limit,w_300,q_auto/igashop/images/160000013047"
Peckish Fancies Premium Flavoured Rice Crackers Golden Honey and Soy 90g,$3.00,$3.33/100g,"https://cdn.metcash.media/image/upload/f_auto,c_limit,w_300,q_auto/igashop/images/160000000852"
La Famiglia Bread Garlic Slices 270g,$5.00,$1.85/100g,"https://cdn.metcash.media/image/upload/f_auto,c_limit,w_300,q_auto/igashop/images/155198"
Tip Top Hamburger Buns 6 Pack,$4.90,$0.82 each,"https://cdn.metcash.media/image/upload/f_auto,c_limit,w_300,q_auto/igashop/images/468795"
Reef Tanning Oil Coconut SPF 30 125mL,$7.50,$6.00/100mL,"https://cdn.metcash.media/image/upload/f_auto,c_limit,w_300,q_auto/igashop/images/59101"
Inside Out Almond Unsweetened Uht Milk 1L,$5.65,$5.65/1L,"https://cdn.metcash.media/image/upload/f_auto,c_limit,w_300,q_auto/igashop/images/160000013257"
Cenovis Echinacea 5000mg Capsules 60 Pack,$9.50,$0.16 each,"https://cdn.metcash.media/image/upload/f_auto,c_limit,w_300,q_auto/igashop/images/468436"
Mersey Valley Salt And Vinegar 80g,$4.50,$5.63/100g,"https://cdn.metcash.media/image/upload/f_auto,c_limit,w_300,q_auto/igashop/images/288666"
Farmers Market Meatball Chicken Veg 700g,$7.00,$1.00/100g,https://www.igashop.com.au/static/default-product-image.png
Kellogg's Rice Bubbles Gluten Free 315g,$7.00,$2.22/100g,"https://cdn.metcash.media/image/upload/f_auto,c_limit,w_300,q_auto/igashop/images/515851"
Mission Deli-Style Round Corn Chips 500g,$7.50,$1.50/100g,"https://cdn.metcash.media/image/upload/f_auto,c_limit,w_300,q_auto/igashop/images/334721"
Huggies Pure & Sensitive Nappy Pant Size 4 Large 54 Pack,$35.00,$0.65 each,"https://cdn.metcash.media/image/upload/f_auto,c_limit,w_300,q_auto/igashop/images/180000006384"
Twining Teabag Lady Grey 10 Pack,$3.00,$0.30 each,"https://cdn.metcash.media/image/upload/f_auto,c_limit,w_300,q_auto/igashop/images/190000001360"
LifeStyle Bakery Gluten Free High Fibre Brioche Bun 2 Pack,$3.75,$1.88 each,"https://cdn.metcash.media/image/upload/f_auto,c_limit,w_300,q_auto/igashop/images/20000006885"
Tommee Tippee Kalani Sensory Teether Mini,$10.40,N/A,"https://cdn.metcash.media/image/upload/f_auto,c_limit,w_300,q_auto/igashop/images/321812"
Community Co Creamy Coleslaw Salad 250g,$4.00,$1.60/100g,https://www.igashop.com.au/static/default-product-image.png
Nescafe Coffee Kitkat Mocha 8 Pack,$8.00,$1.00 each,"https://cdn.metcash.media/image/upload/f_auto,c_limit,w_300,q_auto/igashop/images/1800000067730"
Twisties Chicken 152g,$4.50,$2.96/100g,https://www.igashop.com.au/static/default-product-image.png
Sensodyne Toothpaste Daily Care 100g,$9.70,$9.70/100g,"https://cdn.metcash.media/image/upload/f_auto,c_limit,w_300,q_auto/igashop/images/539363"
Optimum Skin & Coat 1+ years Wet Cat Food Salmon Chunks In Jelly 85g,$2.25,$2.65/100g,"https://cdn.metcash.media/image/upload/f_auto,c_limit,w_300,q_auto/igashop/images/796740_1"
Lindt Easter Gold Bunny Milk Chocolate 200g,$20.00,$10.00/100g,"https://cdn.metcash.media/image/upload/f_auto,c_limit,w_300,q_auto/igashop/images/90822"
Dr. Oetker Ristorante Pizza Spinaci 390g,$9.50,$2.44/100g,"https://cdn.metcash.media/image/upload/f_auto,c_limit,w_300,q_auto/igashop/images/137530"
Arnott's Cracker Chips Sea Salt 150g,$3.50,$2.33/100g,"https://cdn.metcash.media/image/upload/f_auto,c_limit,w_300,q_auto/igashop/images/455828"
Cadbury Old Gold Dark Chocolate Easter Egg Gift Box 176g,$10.00,$5.68/100g,"https://cdn.metcash.media/image/upload/f_auto,c_limit,w_300,q_auto/igashop/images/690371"
V Blue Guarana Energy Drink 4 Pack,$11.75,$2.94 each,"https://cdn.metcash.media/image/upload/f_auto,c_limit,w_300,q_auto/igashop/images/190000001919"
Ashgrove Taste of Tassie Cheese Selection 250g,$17.50,$7.00/100g,"https://cdn.metcash.media/image/upload/f_auto,c_limit,w_300,q_auto/igashop/images/190000004886"
Thins Potato Chips Light & Tangy 175g,$5.00,$2.86/100g,"https://cdn.metcash.media/image/upload/f_auto,c_limit,w_300,q_auto/igashop/images/17489"
Rexona Antiperspirant Aerosol Women Advanced Apple 220mL,$10.50,$4.77/100mL,"https://cdn.metcash.media/image/upload/f_auto,c_limit,w_300,q_auto/igashop/images/696929"
Nestle Nesquik Cereal Bar Strawberry Choc Cereal Bar 120g,$2.75,$2.29/100g,https://www.igashop.com.au/static/default-product-image.png
On The Menu Lasagne Beef 260g,$4.50,$1.73/100g,"https://cdn.metcash.media/image/upload/f_auto,c_limit,w_300,q_auto/igashop/images/154480"
Equal Sweetener Tablets 300 Pack,$8.80,$0.03 each,"https://cdn.metcash.media/image/upload/f_auto,c_limit,w_300,q_auto/igashop/images/498114"
Fancy Feast Adult Petit Cuisine Salmon & Chicken and Tuna Grilled Wet Cat Food 6 Pack,$5.50,$0.92 each,"https://cdn.metcash.media/image/upload/f_auto,c_limit,w_300,q_auto/igashop/images/28663"
Community Co Butterscotch Caramel Topping 610g,$3.50,$0.57/100g,"https://cdn.metcash.media/image/upload/f_auto,c_limit,w_300,q_auto/igashop/images/454505"
V.I.P. Adult Dog Food Roll Gourmet Chicken 3kg,$6.75,$2.25/kg,"https://cdn.metcash.media/image/upload/f_auto,c_limit,w_300,q_auto/igashop/images/181246"
San Remo No. 16 Spirals 500g,$2.95,$0.59/100g,"https://cdn.metcash.media/image/upload/f_auto,c_limit,w_300,q_auto/igashop/images/46315"
Indomie Mi Goreng Fried 10 Pack,$7.00,$0.70 each,"https://cdn.metcash.media/image/upload/f_auto,c_limit,w_300,q_auto/igashop/images/313254"
Beerenberg Blueberry Jam 300g,$6.15,$2.05/100g,"https://cdn.metcash.media/image/upload/f_auto,c_limit,w_300,q_auto/igashop/images/709756"
Black & Gold Disposable Latex Gloves 50 Pack,$6.00,$0.12 each,"https://cdn.metcash.media/image/upload/f_auto,c_limit,w_300,q_auto/igashop/images/190000005291"
Community Co Crystal Peak Spring Water Bottles 24 Pack,$9.50,$0.40 each,"https://cdn.metcash.media/image/upload/f_auto,c_limit,w_300,q_auto/igashop/images/671000"
Only Organic Sweet Pot Lamb & Couscous 170g,$2.90,$1.71/100g,"https://cdn.metcash.media/image/upload/f_auto,c_limit,w_300,q_auto/igashop/images/21043"
Eclipse Peppermint Mints Sugar Free Large Tin 40g,$3.60,$9.00/100g,"https://cdn.metcash.media/image/upload/f_auto,c_limit,w_300,q_auto/igashop/images/440878"
Thins Onion Rings Snacks Roast Onion 110g,$5.10,$4.64/100g,"https://cdn.metcash.media/image/upload/f_auto,c_limit,w_300,q_auto/igashop/images/1800000070756"
Bobby Prebiotic Soft Drink Lemon-Lime 330mL,$4.50,$13.64/1L,https://www.igashop.com.au/static/default-product-image.png
Harris Smokehouse Hot Smoked Salmon 150g,$13.50,$9.00/100g,"https://cdn.metcash.media/image/upload/f_auto,c_limit,w_300,q_auto/igashop/images/7970"
Pampas Pie Lemon Meringue 400g,$8.50,$2.13/100g,"https://cdn.metcash.media/image/upload/f_auto,c_limit,w_300,q_auto/igashop/images/125038"
Yellow Nectarines 170g,Final cost based on weight,$0.84/$4.95,"https://cdn.metcash.media/image/upload/f_auto,c_limit,w_300,q_auto/igashop/images/80060090"
Sukin Blemish Control Clearing Facial Wash 125mL,$16.00,$12.80/100mL,"https://cdn.metcash.media/image/upload/f_auto,c_limit,w_300,q_auto/igashop/images/160000012510"
Black & Gold Soda Water 1.25L,$1.15,$0.92/1L,"https://cdn.metcash.media/image/upload/f_auto,c_limit,w_300,q_auto/igashop/images/367363"
Community Co Hazelnuts 130g,$6.00,$4.62/100g,"https://cdn.metcash.media/image/upload/f_auto,c_limit,w_300,q_auto/igashop/images/851168"
Vegemite Cheesybite 270g,$5.20,$1.93/100g,"https://cdn.metcash.media/image/upload/f_auto,c_limit,w_300,q_auto/igashop/images/190000002989"
Ayam Pure Coconut Cream 400mL,$5.00,$1.25/100mL,"https://cdn.metcash.media/image/upload/f_auto,c_limit,w_300,q_auto/igashop/images/180000000462"
Dove Conditioner Nourishing Moisture 820mL,$8.50,$1.04/100mL,"https://cdn.metcash.media/image/upload/f_auto,c_limit,w_300,q_auto/igashop/images/510762"
OGX Nourishing + Coconut Milk Conditioner 385mL,$11.50,$2.99/100mL,"https://cdn.metcash.media/image/upload/f_auto,c_limit,w_300,q_auto/igashop/images/951387"
My Muscle Chef Protein Shake Chocolate 375mL,$5.95,$1.59/100mL,"https://cdn.metcash.media/image/upload/f_auto,c_limit,w_300,q_auto/igashop/images/679846"
Cussons Oatmeal Soap 5 Pack,$5.00,$1.00 each,"https://cdn.metcash.media/image/upload/f_auto,c_limit,w_300,q_auto/igashop/images/351561"
Purina Flea Treatment Total Care Flea Knockdown Cat/Small Dog 3 Pack,$15.50,$5.17 each,"https://cdn.metcash.media/image/upload/f_auto,c_limit,w_300,q_auto/igashop/images/861511"
Schweppes Lemonade 2L,$3.00,$1.50/1L,"https://cdn.metcash.media/image/upload/f_auto,c_limit,w_300,q_auto/igashop/images/21501"
Uncle Tobys Cereal Vita Brits 1kg,$6.30,$6.30/kg,"https://cdn.metcash.media/image/upload/f_auto,c_limit,w_300,q_auto/igashop/images/190000002340"
Bega Simply Nuts Smooth Peanut Butter 325g,$5.90,$1.82/100g,"https://cdn.metcash.media/image/upload/f_auto,c_limit,w_300,q_auto/igashop/images/338856"
Oates Toilet Tidy & Brush Set,$5.60,N/A,"https://cdn.metcash.media/image/upload/f_auto,c_limit,w_300,q_auto/igashop/images/715956"
Aerogard Home Flying Light Trap Starter,$30.00,N/A,"https://cdn.metcash.media/image/upload/f_auto,c_limit,w_300,q_auto/igashop/images/1800000068911"
Clairol Nice'N Easy Permanent Hair Colour 7Cb Natural Dark Champagne Blonde,$10.00,N/A,"https://cdn.metcash.media/image/upload/f_auto,c_limit,w_300,q_auto/igashop/images/581048"
Spice & Co Black Sesame Seeds 60g,$3.75,$6.25/100g,"https://cdn.metcash.media/image/upload/f_auto,c_limit,w_300,q_auto/igashop/images/190000002421"
Purina Fancy Feast Adult Pet Food Gravy Lovers Ocean Whitefish 85g,$0.95,$1.12/100g,"https://cdn.metcash.media/image/upload/f_auto,c_limit,w_300,q_auto/igashop/images/581624"
Schweppes Lemonade Soft Drink 12 Pack,$16.50,$1.37 each,https://www.igashop.com.au/static/default-product-image.png
Carefree Panty Liner Barely There Scented 42 Pack,$5.60,$0.13 each,"https://cdn.metcash.media/image/upload/f_auto,c_limit,w_300,q_auto/igashop/images/44509"
Fitzco Aussie Country Style Burger 500g,$6.20,$1.24/100g,"https://cdn.metcash.media/image/upload/f_auto,c_limit,w_300,q_auto/igashop/images/100541"
White King Bleach Standard 2.5L,$5.00,$2.00/1L,"https://cdn.metcash.media/image/upload/f_auto,c_limit,w_300,q_auto/igashop/images/59449"
Arnott's Jatz Cracked Pepper 225g,$4.00,$1.78/100g,"https://cdn.metcash.media/image/upload/f_auto,c_limit,w_300,q_auto/igashop/images/304996"
Viva Select A Size Paper Towel White 2 Pack,$4.50,$2.25 each,"https://cdn.metcash.media/image/upload/f_auto,c_limit,w_300,q_auto/igashop/images/907354"
Carman's Aussie Oat Clusters Cereal Crunchy Honey 450g,$6.20,$1.38/100g,"https://cdn.metcash.media/image/upload/f_auto,c_limit,w_300,q_auto/igashop/images/410679"
DON Continental Kransky Chilli Cheese 5kg,$22.50,$4.50/kg,https://www.igashop.com.au/static/default-product-image.png
Bertolli Extra Virgin Olive Oil Originale 1.5L,$28.00,$18.67/1L,"https://cdn.metcash.media/image/upload/f_auto,c_limit,w_300,q_auto/igashop/images/1800000069922"
Bulla Creamy Classics Chocolate Vanilla Ice Cream 4 Pack,$8.50,$2.13 each,"https://cdn.metcash.media/image/upload/f_auto,c_limit,w_300,q_auto/igashop/images/190000003323"
T2 Tea Bag French Earl Grey 25 Pack,$17.50,$0.70 each,"https://cdn.metcash.media/image/upload/f_auto,c_limit,w_300,q_auto/igashop/images/160000003396"
Panadol Liquid Caps 16 Pack,$5.40,$0.34 each,"https://cdn.metcash.media/image/upload/f_auto,c_limit,w_300,q_auto/igashop/images/701130"
Three Threes Sweet Mustard Pickles 250g,$2.20,$0.88/100g,"https://cdn.metcash.media/image/upload/f_auto,c_limit,w_300,q_auto/igashop/images/35322"
Weis Ice Cream Sorbet Mango 1L,$10.00,$10.00/1L,"https://cdn.metcash.media/image/upload/f_auto,c_limit,w_300,q_auto/igashop/images/140915"
Mainland Tasty Grated Cheddar Cheese 200g,$5.70,$2.85/100g,"https://cdn.metcash.media/image/upload/f_auto,c_limit,w_300,q_auto/igashop/images/156220"
Community Co BBQ Wagyu Burger 320g,$7.30,$2.28/100g,"https://cdn.metcash.media/image/upload/f_auto,c_limit,w_300,q_auto/igashop/images/190000010641"
Twinings Live Well Defence 18 Pack,$6.50,$0.36 each,"https://cdn.metcash.media/image/upload/f_auto,c_limit,w_300,q_auto/igashop/images/160000005529"
Organic Care Naturals Silky Smooth Shampoo 400mL,$2.90,$0.73/100mL,"https://cdn.metcash.media/image/upload/f_auto,c_limit,w_300,q_auto/igashop/images/160000002402"
Purina Fancy Feast Gravy Lovers Salmon Feast 85g,$0.95,$1.12/100g,"https://cdn.metcash.media/image/upload/f_auto,c_limit,w_300,q_auto/igashop/images/578016"
Orgran Gluten Free Vanilla Cake Mix 375g,$7.50,$2.00/100g,"https://cdn.metcash.media/image/upload/f_auto,c_limit,w_300,q_auto/igashop/images/180000000740"
Baked Provisions Log Black Forest 360g,$9.45,$2.63/100g,"https://cdn.metcash.media/image/upload/f_auto,c_limit,w_300,q_auto/igashop/images/305227"
Black & Gold Custard Cream Biscuits 140g,$0.95,$0.68/100g,"https://cdn.metcash.media/image/upload/f_auto,c_limit,w_300,q_auto/igashop/images/190000005312"
Black & Gold Dog Food Beef & Veg 8kg,$18.50,$2.31/kg,"https://cdn.metcash.media/image/upload/f_auto,c_limit,w_300,q_auto/igashop/images/44423"
Wicked Sister Pudding High Protein Chocolate 170g,$3.30,$1.94/100g,"https://cdn.metcash.media/image/upload/f_auto,c_limit,w_300,q_auto/igashop/images/20000002945"
Snickers Fun Size 180g 12 Pack,$5.25,$0.44 each,"https://cdn.metcash.media/image/upload/f_auto,c_limit,w_300,q_auto/igashop/images/190000011649"
Kiwi Black Instant Polish 75mL,$6.00,$8.00/100mL,"https://cdn.metcash.media/image/upload/f_auto,c_limit,w_300,q_auto/igashop/images/797547"
Shale Point Triple Cream Brie 200g,$11.00,$5.50/100g,"https://cdn.metcash.media/image/upload/f_auto,c_limit,w_300,q_auto/igashop/images/9367"
Mission Salsa Chunky Medium 300g,$4.40,$1.47/100g,"https://cdn.metcash.media/image/upload/f_auto,c_limit,w_300,q_auto/igashop/images/160000012769"
Schweppes Infused Mineral Water With Raspberry Multipack Cans 10 Pack,$18.00,$1.80 each,"https://cdn.metcash.media/image/upload/f_auto,c_limit,w_300,q_auto/igashop/images/480302"
Wattle Valley Chunky Baby Beetroot Dip 150g,$5.15,$3.43/100g,"https://cdn.metcash.media/image/upload/f_auto,c_limit,w_300,q_auto/igashop/images/160000010422"
Tutto Pasta Gluten Free & Vegan Vegetarian Lasagna 300g,$9.99,$3.33/100g,"https://cdn.metcash.media/image/upload/f_auto,c_limit,w_300,q_auto/igashop/images/20000001895"
Barbie Chelsea Doll,$12.50,N/A,"https://cdn.metcash.media/image/upload/f_auto,c_limit,w_300,q_auto/igashop/images/749701"
ViledaAnsell Glove Hyflex Large,$7.00,N/A,"https://cdn.metcash.media/image/upload/f_auto,c_limit,w_300,q_auto/igashop/images/279196"
Old El Paso Mexican Mini Tortillas 10 Pack,$5.00,$0.50 each,"https://cdn.metcash.media/image/upload/f_auto,c_limit,w_300,q_auto/igashop/images/190000004724"
Vitasoy Milky Lite 1L,$2.85,$2.85/1L,https://www.igashop.com.au/static/default-product-image.png
Oral-B Essential Floss Dental Floss 50m 2 Pack,$7.00,$3.50 each,"https://cdn.metcash.media/image/upload/f_auto,c_limit,w_300,q_auto/igashop/images/835426"
AusFresh Mediterranean Olives Mix 150g,$4.10,$2.73/100g,"https://cdn.metcash.media/image/upload/f_auto,c_limit,w_300,q_auto/igashop/images/413054"
Trident Instant Soup Thai Tom Yum Goong With Noodle 50g,$1.25,$2.50/100g,"https://cdn.metcash.media/image/upload/f_auto,c_limit,w_300,q_auto/igashop/images/81072"
Baked Provisions Apple Pie 360g,$7.70,$2.14/100g,"https://cdn.metcash.media/image/upload/f_auto,c_limit,w_300,q_auto/igashop/images/20000000566"
Black & Gold Mosquito Coil 10 Pack,$2.50,$0.25 each,"https://cdn.metcash.media/image/upload/f_auto,c_limit,w_300,q_auto/igashop/images/314409"
Praise Chilli Jam Mayo 250mL,$4.50,$1.80/100mL,"https://cdn.metcash.media/image/upload/f_auto,c_limit,w_300,q_auto/igashop/images/902948"
Primo Turkey Protein Stackers 55g,$4.50,$8.18/100g,"https://cdn.metcash.media/image/upload/f_auto,c_limit,w_300,q_auto/igashop/images/1800000068325"
Vicks Vaporub Baby Balsam 50g,$8.00,$16.00/100g,"https://cdn.metcash.media/image/upload/f_auto,c_limit,w_300,q_auto/igashop/images/432689"
Wokka Singapore Style Wok-Ready Noodles 440g,$3.00,$0.68/100g,"https://cdn.metcash.media/image/upload/f_auto,c_limit,w_300,q_auto/igashop/images/665583"
Bega Peanut Butter Crunchy 470g,$6.90,$1.47/100g,"https://cdn.metcash.media/image/upload/f_auto,c_limit,w_300,q_auto/igashop/images/885340"
Fibre One Big Pack Brownies Chocolate Fudge 240g,$9.00,$3.75/100g,"https://cdn.metcash.media/image/upload/f_auto,c_limit,w_300,q_auto/igashop/images/269811"
Samboy Chicken Potato Chips 175g,$5.00,$2.86/100g,"https://cdn.metcash.media/image/upload/f_auto,c_limit,w_300,q_auto/igashop/images/44083"
Jumpy's Crackers Chicken 140g,$4.00,$2.86/100g,"https://cdn.metcash.media/image/upload/f_auto,c_limit,w_300,q_auto/igashop/images/669464_1"
Dairy Farmers Thick & Creamy Yoghurt Lemon 150g,$1.50,$1.00/100g,"https://cdn.metcash.media/image/upload/f_auto,c_limit,w_300,q_auto/igashop/images/180758"
Darrell Lea Milk Chocolate Orange Crunch BBs 152g,$6.00,$3.95/100g,https://www.igashop.com.au/static/default-product-image.png
CSR Icing Sugar Soft Mixture 1kg,$4.45,$4.45/kg,"https://cdn.metcash.media/image/upload/f_auto,c_limit,w_300,q_auto/igashop/images/404916"
Schweppes Lemonade Multipack Cans 10 Pack,$9.50,$0.95 each,"https://cdn.metcash.media/image/upload/f_auto,c_limit,w_300,q_auto/igashop/images/593749"
Croco Salted Sticks 250g,$1.00,$0.40/100g,"https://cdn.metcash.media/image/upload/f_auto,c_limit,w_300,q_auto/igashop/images/20000006668"
McCain Lil' Pizzas Pizza Cheesy Margherita 380g,$6.50,$1.71/100g,"https://cdn.metcash.media/image/upload/f_auto,c_limit,w_300,q_auto/igashop/images/532688"
Arnott's Tim Tam Biscuits Gluten Free 150g,$5.50,$3.67/100g,"https://cdn.metcash.media/image/upload/f_auto,c_limit,w_300,q_auto/igashop/images/291371"
Redberry Manicure Set 4 Pack,$8.00,$2.00 each,"https://cdn.metcash.media/image/upload/f_auto,c_limit,w_300,q_auto/igashop/images/20000005392"
Dill Herbs 25g,$4.00,$16.00/100g,https://www.igashop.com.au/static/default-product-image.png
Vicks Cough Syrup Dry + Chesty 200mL,$12.00,$6.00/100mL,"https://cdn.metcash.media/image/upload/f_auto,c_limit,w_300,q_auto/igashop/images/803306"
Old El Paso Taco Shells 12 Original 156g,$3.60,$2.31/100g,https://www.igashop.com.au/static/default-product-image.png
Safcol Responsibly Fished Tuna Spicy Chilli 95g,$2.24,$2.36/100g,"https://cdn.metcash.media/image/upload/f_auto,c_limit,w_300,q_auto/igashop/images/190000003270"
McKenzie's Shaved Coconut Resealable 150g,$4.15,$2.77/100g,"https://cdn.metcash.media/image/upload/f_auto,c_limit,w_300,q_auto/igashop/images/218441"
Cadbury Chocolate Bar Lamington Slice 45g,$3.00,$6.67/100g,"https://cdn.metcash.media/image/upload/f_auto,c_limit,w_300,q_auto/igashop/images/508838"
Forrestdale Cage Free Eggs 800g,$8.90,$1.11/100g,"https://cdn.metcash.media/image/upload/f_auto,c_limit,w_300,q_auto/igashop/images/150000007796"
Finish Ultimate Plus Auto Dishwash Tablets Lemon 31 Pack,$19.00,$0.61 each,"https://cdn.metcash.media/image/upload/f_auto,c_limit,w_300,q_auto/igashop/images/244654"
Schar Gluten Free Mini Rolls 130g,$5.95,$4.58/100g,"https://cdn.metcash.media/image/upload/f_auto,c_limit,w_300,q_auto/igashop/images/20000001683"
Vegemite 380g,$7.70,$2.03/100g,"https://cdn.metcash.media/image/upload/f_auto,c_limit,w_300,q_auto/igashop/images/20000000893"
MasterFoods Side Dish Creamy Cheesy Potato Bake 175g,$2.70,$1.54/100g,"https://cdn.metcash.media/image/upload/f_auto,c_limit,w_300,q_auto/igashop/images/76336"
Nutino Hazelnut Spread 750g,$9.00,$1.20/100g,"https://cdn.metcash.media/image/upload/f_auto,c_limit,w_300,q_auto/igashop/images/882169"
SPC Diced Fruit Salad In Juice 4 Pack,$4.70,$1.18 each,"https://cdn.metcash.media/image/upload/f_auto,c_limit,w_300,q_auto/igashop/images/850528"
Arnott's Shapes Vegemite & Cheese Multipack 8 Pack,$5.00,$0.63 each,"https://cdn.metcash.media/image/upload/f_auto,c_limit,w_300,q_auto/igashop/images/68079"
White King Premium Bleach Lavender 2.5L,$3.95,$1.58/1L,"https://cdn.metcash.media/image/upload/f_auto,c_limit,w_300,q_auto/igashop/images/55241"
Happy Cake Co Birthday Rainbow 950g,$33.65,$3.54/100g,https://www.igashop.com.au/static/default-product-image.png
San Remo #14 Bigoli 375g,$2.95,$0.79/100g,"https://cdn.metcash.media/image/upload/f_auto,c_limit,w_300,q_auto/igashop/images/791067"
Majans Infuzions Veggie Straws 90g,$4.50,$5.00/100g,"https://cdn.metcash.media/image/upload/f_auto,c_limit,w_300,q_auto/igashop/images/512913"
KB Seafood Basa Fillets 800g,$9.00,$1.13/100g,https://www.igashop.com.au/static/default-product-image.png
Sam's Pelmeni Traditional Russian Dumplings Chicken 800g,$17.90,$2.24/100g,"https://cdn.metcash.media/image/upload/f_auto,c_limit,w_300,q_auto/igashop/images/20000007002"
Black & Gold Lite Sour Cream 300mL,$3.30,$1.10/100mL,"https://cdn.metcash.media/image/upload/f_auto,c_limit,w_300,q_auto/igashop/images/153887"
Meredith Dairy Natural Sheep Yoghurt 1kg,$13.95,$13.95/kg,"https://cdn.metcash.media/image/upload/f_auto,c_limit,w_300,q_auto/igashop/images/20000001832"
Impulse Women Aerosol Body Spray Deodorant Romantic Spark 75mL,$6.00,$8.00/100mL,"https://cdn.metcash.media/image/upload/f_auto,c_limit,w_300,q_auto/igashop/images/139993"
Cobs Organic Popcorn Sea Salt 80g,$4.95,$6.19/100g,"https://cdn.metcash.media/image/upload/f_auto,c_limit,w_300,q_auto/igashop/images/2463"
Jila Sugar Free Peppermint Mints 34g,$2.30,$6.76/100g,"https://cdn.metcash.media/image/upload/f_auto,c_limit,w_300,q_auto/igashop/images/160000012537"
MasterFoods Mint Jelly Sauce 290g,$3.00,$1.03/100g,"https://cdn.metcash.media/image/upload/f_auto,c_limit,w_300,q_auto/igashop/images/36904"
Philips Tornado Globe CFL 24W ES Warm White,$9.00,N/A,"https://cdn.metcash.media/image/upload/f_auto,c_limit,w_300,q_auto/igashop/images/714586"
Gravox Gravy Brown Onion Mix Tin 120g,$5.00,$4.17/100g,"https://cdn.metcash.media/image/upload/f_auto,c_limit,w_300,q_auto/igashop/images/323351"
Frank's RedHot Xtra Hot Sauce 148mL,$3.50,$2.36/100mL,"https://cdn.metcash.media/image/upload/f_auto,c_limit,w_300,q_auto/igashop/images/190000001337"
Pauls Trim Low Fat Milk 1L,$3.30,$3.30/1L,"https://cdn.metcash.media/image/upload/f_auto,c_limit,w_300,q_auto/igashop/images/159922"
Cold Power Advanced Clean Clean & Fresh Washing Liquid Laundry Detergent 1.8L,$18.00,$10.00/1L,"https://cdn.metcash.media/image/upload/f_auto,c_limit,w_300,q_auto/igashop/images/806574"
Aeroplane Ready To Eat Jelly Raspberry 120g,$1.60,$1.33/100g,"https://cdn.metcash.media/image/upload/f_auto,c_limit,w_300,q_auto/igashop/images/180000000132"
M&M'S Peanut Chocolate Singles Bag 46g,$1.50,$3.26/100g,"https://cdn.metcash.media/image/upload/f_auto,c_limit,w_300,q_auto/igashop/images/10173"
Barossa Fine Foods Nitrite Free Bacon 200g,$8.95,$4.48/100g,"https://cdn.metcash.media/image/upload/f_auto,c_limit,w_300,q_auto/igashop/images/190000005015"
Tatua Mousse Expresso 250g,$7.65,$3.06/100g,https://www.igashop.com.au/static/default-product-image.png
Nestlé Chocolate Coated Scorched Almonds 240g,$11.00,$4.58/100g,"https://cdn.metcash.media/image/upload/f_auto,c_limit,w_300,q_auto/igashop/images/190000002328"
Pandaroo Yaki Nori for Sushi 25g,$3.70,$14.80/100g,"https://cdn.metcash.media/image/upload/f_auto,c_limit,w_300,q_auto/igashop/images/68854"
BIC Correction Pen,$5.00,N/A,"https://cdn.metcash.media/image/upload/f_auto,c_limit,w_300,q_auto/igashop/images/757330"
Nature's Gift Meatballs With Kangaroo Sweet Potato And Peas Adult Dog Food 700g,$6.50,$0.93/100g,https://www.igashop.com.au/static/default-product-image.png
Radiant Fabric Liquid Capsules Active Clean 28 Pack,$13.00,$0.46 each,"https://cdn.metcash.media/image/upload/f_auto,c_limit,w_300,q_auto/igashop/images/538875"
My Muscle Chef Garlic & Herb Chicken Risotto 300g,$11.95,$3.98/100g,"https://cdn.metcash.media/image/upload/f_auto,c_limit,w_300,q_auto/igashop/images/547565"
Robert Timms Coffee Bags Mocha Kenya 28 Pack,$10.00,$0.36 each,"https://cdn.metcash.media/image/upload/f_auto,c_limit,w_300,q_auto/igashop/images/354881"
Green's Maple Syrup Pancake Shake 325g,$3.50,$1.08/100g,"https://cdn.metcash.media/image/upload/f_auto,c_limit,w_300,q_auto/igashop/images/93794"
Mildura Zooper Dooper Cola 500mL,$2.50,$0.50/100mL,"https://cdn.metcash.media/image/upload/f_auto,c_limit,w_300,q_auto/igashop/images/1800000069647"
Sprite Lemonade Soft Drink Multipack Bottles 12 Pack,$12.00,$1.00 each,"https://cdn.metcash.media/image/upload/f_auto,c_limit,w_300,q_auto/igashop/images/381998"
Mentholatum Deep Heat Rub 100g,$8.30,$8.30/100g,"https://cdn.metcash.media/image/upload/f_auto,c_limit,w_300,q_auto/igashop/images/53621"
Cadbury Dairy Milk Crunchie Chocolate Block 180g,$8.00,$4.44/100g,"https://cdn.metcash.media/image/upload/f_auto,c_limit,w_300,q_auto/igashop/images/462922"
The Pet Hub - Squeak Tennis Balls 4 Pack,$9.70,$2.43 each,https://www.igashop.com.au/static/default-product-image.png
Ayam Fish Sauce 210mL,$3.60,$1.71/100mL,"https://cdn.metcash.media/image/upload/f_auto,c_limit,w_300,q_auto/igashop/images/436803"
Whiskas So Fishy Recipes Wet Cat Food Ocean Platter in Jelly 24 Pack,$23.00,$0.96 each,"https://cdn.metcash.media/image/upload/f_auto,c_limit,w_300,q_auto/igashop/images/150000006390"
Dove Women Deodorant Original Clean Alcohol Free 50mL,$4.50,$9.00/100mL,"https://cdn.metcash.media/image/upload/f_auto,c_limit,w_300,q_auto/igashop/images/479055"
Werther's Original Cream Candies Classic 140g,$5.20,$3.71/100g,"https://cdn.metcash.media/image/upload/f_auto,c_limit,w_300,q_auto/igashop/images/52756"
Libra Extra Care Liners 50 Pack,$3.60,$0.07 each,"https://cdn.metcash.media/image/upload/f_auto,c_limit,w_300,q_auto/igashop/images/486353"
Babylove Nappy Pants Size 3 (7-11Kg) 34 Pack,$12.00,$0.35 each,"https://cdn.metcash.media/image/upload/f_auto,c_limit,w_300,q_auto/igashop/images/180000002574"
Smith's Original Salted Mix Multipack 18 Pack,$8.90,$0.49 each,"https://cdn.metcash.media/image/upload/f_auto,c_limit,w_300,q_auto/igashop/images/20000004521"
Griffs Sweet And Sour Pork 400g,$4.50,$1.13/100g,"https://cdn.metcash.media/image/upload/f_auto,c_limit,w_300,q_auto/igashop/images/116699"
Allen's Spearmint Leaves Confectionery 160g,$3.50,$2.19/100g,"https://cdn.metcash.media/image/upload/f_auto,c_limit,w_300,q_auto/igashop/images/658845"
Ingham's Frozen Mixed Chicken Pieces 2 Pack,$24.95,$12.48 each,"https://cdn.metcash.media/image/upload/f_auto,c_limit,w_300,q_auto/igashop/images/311118"
Nestlé After Eight Chocolate Regal Bunny 85g,$6.65,$7.82/100g,"https://cdn.metcash.media/image/upload/f_auto,c_limit,w_300,q_auto/igashop/images/293158"
Hercules Sustain Plant Based Sandwich Bags 30 Pack,$3.30,$0.11 each,https://www.igashop.com.au/static/default-product-image.png
Peters Maxibon S.T. Ice Cream 4 Pack,$7.90,$1.98 each,"https://cdn.metcash.media/image/upload/f_auto,c_limit,w_300,q_auto/igashop/images/1800000068269"
Norsca for Men Instant Adrenalin Anti-Perspirant Deodorant 150g,$7.50,$5.00/100g,"https://cdn.metcash.media/image/upload/f_auto,c_limit,w_300,q_auto/igashop/images/323665"
Vicks VapoRub Easy Applicator 35g,$13.50,$38.57/100g,"https://cdn.metcash.media/image/upload/f_auto,c_limit,w_300,q_auto/igashop/images/160000003631"
Lindt Mini Santa Sleigh 50g,$2.00,$4.00/100g,https://www.igashop.com.au/static/default-product-image.png
Palmolive Ultra Strength Concentrate Dishwashing Liquid Original 750mL,$5.50,$0.73/100mL,"https://cdn.metcash.media/image/upload/f_auto,c_limit,w_300,q_auto/igashop/images/81239"
Pasta Master Beef Lasagne 550g,$8.15,$1.48/100g,"https://cdn.metcash.media/image/upload/f_auto,c_limit,w_300,q_auto/igashop/images/160000000813"
Mogu Mogu Lychee Juice with Nata de Coco 320mL,$2.40,$0.75/100mL,"https://cdn.metcash.media/image/upload/f_auto,c_limit,w_300,q_auto/igashop/images/73278"
Lipton Original English Breakfast Tea Bags 100 Pack,$7.00,$0.07 each,"https://cdn.metcash.media/image/upload/f_auto,c_limit,w_300,q_auto/igashop/images/802685"
Garnier Fructis Hair Food Watermelon Conditioner 350mL,$13.00,$3.71/100mL,"https://cdn.metcash.media/image/upload/f_auto,c_limit,w_300,q_auto/igashop/images/526373"
Old El Paso Quesadilla Kit Mild 365g,$4.25,$1.16/100g,"https://cdn.metcash.media/image/upload/f_auto,c_limit,w_300,q_auto/igashop/images/700529"
Mr Basil Pineapple Drink 290mL,$3.40,$1.17/100mL,"https://cdn.metcash.media/image/upload/f_auto,c_limit,w_300,q_auto/igashop/images/180000000328"
Olay Total Effects Face Cream Moisturiser Gentle 50g,$33.50,$67.00/100g,"https://cdn.metcash.media/image/upload/f_auto,c_limit,w_300,q_auto/igashop/images/363199"
Selleys BBQ Accessory Tough Wipes 12 Pack,$6.50,$0.54 each,"https://cdn.metcash.media/image/upload/f_auto,c_limit,w_300,q_auto/igashop/images/293962"
T2 French Earl Grey Loose Leaf 100g,$20.10,$20.10/100g,"https://cdn.metcash.media/image/upload/f_auto,c_limit,w_300,q_auto/igashop/images/160000014327"
Hercules Sustain Plant Kitchen Tidy Bags Small 30 Pack,$4.00,$0.13 each,https://www.igashop.com.au/static/default-product-image.png
Defiance White Baker's Flour 5kg,$12.50,$2.50/kg,"https://cdn.metcash.media/image/upload/f_auto,c_limit,w_300,q_auto/igashop/images/622349"
Macro Mike Powdered Peanut Butter Chocolate Hazelnut 180g,$15.95,$8.86/100g,"https://cdn.metcash.media/image/upload/f_auto,c_limit,w_300,q_auto/igashop/images/160000013528"
BIC Cascade Markers 12 Pack,$6.00,$0.50 each,"https://cdn.metcash.media/image/upload/f_auto,c_limit,w_300,q_auto/igashop/images/224002"
Dove Body Bar Regular 6 Pack,$8.75,$1.46 each,"https://cdn.metcash.media/image/upload/f_auto,c_limit,w_300,q_auto/igashop/images/673764"
Eureka Tea Tree Solution 200mL,$9.80,$4.90/100mL,"https://cdn.metcash.media/image/upload/f_auto,c_limit,w_300,q_auto/igashop/images/836723"
Wrigley's PK Gold Original Chewing Gum Multipack 5 Pack,$5.00,$1.00 each,"https://cdn.metcash.media/image/upload/f_auto,c_limit,w_300,q_auto/igashop/images/88820"
CSR Jam Setting Sugar 500g,$3.00,$0.60/100g,"https://cdn.metcash.media/image/upload/f_auto,c_limit,w_300,q_auto/igashop/images/341388"
Hot Pot Casserole Base French Onion 80g,$3.00,$3.75/100g,"https://cdn.metcash.media/image/upload/f_auto,c_limit,w_300,q_auto/igashop/images/4999"
Nice & Natural Raspberry & Blueberry Fruit Strings 8 Pack,$4.50,$0.56 each,"https://cdn.metcash.media/image/upload/f_auto,c_limit,w_300,q_auto/igashop/images/190000001902"
Maybelline Fit Me Concealer Fair 6.8mL,$10.50,$154.41/100mL,"https://cdn.metcash.media/image/upload/f_auto,c_limit,w_300,q_auto/igashop/images/349789"
Garnier Pure Active Anti Imperfection Serum 30mL,$18.50,$61.67/100mL,"https://cdn.metcash.media/image/upload/f_auto,c_limit,w_300,q_auto/igashop/images/373144"
Darrell Lea Allsorts Gift Box 850g,$14.00,$1.65/100g,"https://cdn.metcash.media/image/upload/f_auto,c_limit,w_300,q_auto/igashop/images/186152"
Sunbeam Raisins 375g,$6.00,$1.60/100g,"https://cdn.metcash.media/image/upload/f_auto,c_limit,w_300,q_auto/igashop/images/46226"
Energizer 6V Alkaline Lantern Battery,$13.00,N/A,"https://cdn.metcash.media/image/upload/f_auto,c_limit,w_300,q_auto/igashop/images/20000007319"
Vinnies Christmas Gift Tags 10 Pack,$3.30,$0.33 each,"https://cdn.metcash.media/image/upload/f_auto,c_limit,w_300,q_auto/igashop/images/318335"
Primo Trios Mild Salami Pretzels & Tasty Cheese 50g,$3.00,$6.00/100g,"https://cdn.metcash.media/image/upload/f_auto,c_limit,w_300,q_auto/igashop/images/20000006503"
Finish Ultimate Auto Dishwash Tablets Lemon 62 Pack,$30.00,$0.48 each,"https://cdn.metcash.media/image/upload/f_auto,c_limit,w_300,q_auto/igashop/images/180000002441"
Ecostore Dishwasher Powder Lemon 1kg,$9.90,$9.90/kg,"https://cdn.metcash.media/image/upload/f_auto,c_limit,w_300,q_auto/igashop/images/49494"
Optimum Protein Bite Dog Treats with Fish & Spinach 75g,$7.50,$10.00/100g,"https://cdn.metcash.media/image/upload/f_auto,c_limit,w_300,q_auto/igashop/images/210728_1"
Freshly Baked Wholemeal Sandwich Loaf Sliced 700g,$4.30,$0.61/100g,"https://cdn.metcash.media/image/upload/f_auto,c_limit,w_300,q_auto/igashop/images/180000001286"
Musashi P30 Protein Vanilla Low Fat 375mL,$4.95,$1.32/100mL,"https://cdn.metcash.media/image/upload/f_auto,c_limit,w_300,q_auto/igashop/images/190000001772"
Kleenex Soft & Thick Tissues 120 Pack,$3.90,$0.03 each,"https://cdn.metcash.media/image/upload/f_auto,c_limit,w_300,q_auto/igashop/images/150000007970"
Earthwise Fragrance Free Sensitive Laundry Liquid 2L,$10.00,$5.00/1L,"https://cdn.metcash.media/image/upload/f_auto,c_limit,w_300,q_auto/igashop/images/180000002758"
U By Kotex Sport Tampons Regular 16 Pack,$5.90,$0.37 each,"https://cdn.metcash.media/image/upload/f_auto,c_limit,w_300,q_auto/igashop/images/802274"
Wet Ones Be Gentle 40 Pack,$4.60,$0.12 each,"https://cdn.metcash.media/image/upload/f_auto,c_limit,w_300,q_auto/igashop/images/313775"
Big Lolly Halloween Ghost Pops 120g,$2.00,$1.67/100g,https://www.igashop.com.au/static/default-product-image.png
Sheese Cheese Slices Tasty Style Plant Based 200g,$7.65,$3.83/100g,"https://cdn.metcash.media/image/upload/f_auto,c_limit,w_300,q_auto/igashop/images/279688"
Fountain Tomato Sauce 2L,$6.00,$3.00/1L,"https://cdn.metcash.media/image/upload/f_auto,c_limit,w_300,q_auto/igashop/images/37146"
The Cake Shop Christmas Mud Cake 500g,$3.00,$0.60/100g,https://www.igashop.com.au/static/default-product-image.png
Roza's Gourmet Hollandaise Sauce 240mL,$9.95,$4.15/100mL,"https://cdn.metcash.media/image/upload/f_auto,c_limit,w_300,q_auto/igashop/images/190000002452"
BabyLove Cosifit Bulk Nappies Crawler 40 Pack,$18.00,$0.45 each,"https://cdn.metcash.media/image/upload/f_auto,c_limit,w_300,q_auto/igashop/images/902634"
Peters Polar Pie Ice Cream Sticks 6 Pack,$6.75,$1.13 each,"https://cdn.metcash.media/image/upload/f_auto,c_limit,w_300,q_auto/igashop/images/150805"
Real Foods Corn Thins Cheese 125g,$1.50,$1.20/100g,"https://cdn.metcash.media/image/upload/f_auto,c_limit,w_300,q_auto/igashop/images/376260"
Pandaroo Coconut Milk 165mL,$1.30,$0.79/100mL,"https://cdn.metcash.media/image/upload/f_auto,c_limit,w_300,q_auto/igashop/images/20000005349"
Schick Hydro Silk Disposable Razors Touch Up 3 Pack,$9.10,$3.03 each,"https://cdn.metcash.media/image/upload/f_auto,c_limit,w_300,q_auto/igashop/images/305803"
Maggi Noodles Honey Soy Chicken Multipack 5 Pack,$5.00,$1.00 each,"https://cdn.metcash.media/image/upload/f_auto,c_limit,w_300,q_auto/igashop/images/180000006605"
Ashgrove Smoked Cheddar Cheese 140g,$7.95,$5.68/100g,https://www.igashop.com.au/static/default-product-image.png
Schweppes Solo Thirst Crusher Original Lemon Multipack Cans 10 Pack,$9.50,$0.95 each,"https://cdn.metcash.media/image/upload/f_auto,c_limit,w_300,q_auto/igashop/images/593765"
Brownes Dairy Coconut Flavoured Yoghurt 1kg,$6.10,$6.10/kg,"https://cdn.metcash.media/image/upload/f_auto,c_limit,w_300,q_auto/igashop/images/150000008044"
King Oscar Value Sardines In Water 4 Pack,$7.00,$1.75 each,"https://cdn.metcash.media/image/upload/f_auto,c_limit,w_300,q_auto/igashop/images/1800000070959"
Continental Simmer Soup Spring Vegetable 30g,$1.70,$5.67/100g,"https://cdn.metcash.media/image/upload/f_auto,c_limit,w_300,q_auto/igashop/images/17560"
DOVE Beauty Cream Bar Original Soap 400g 4 Pack,$7.50,$1.88 each,"https://cdn.metcash.media/image/upload/f_auto,c_limit,w_300,q_auto/igashop/images/611712"
Cenovis Magnesium Tablets Value Pack 200 Pack,$14.25,$0.07 each,"https://cdn.metcash.media/image/upload/f_auto,c_limit,w_300,q_auto/igashop/images/389145"
Bun Plus Sweet Bun Caramel 75g,$4.30,$5.73/100g,https://www.igashop.com.au/static/default-product-image.png
Black & Gold Mozzarella Shredded Cheese 500g,$8.30,$1.66/100g,"https://cdn.metcash.media/image/upload/f_auto,c_limit,w_300,q_auto/igashop/images/170708"
SPC Apple Strawberry Puree 4 Pack,$2.80,$0.70 each,"https://cdn.metcash.media/image/upload/f_auto,c_limit,w_300,q_auto/igashop/images/850455"
Gravox Sauce Mix Instant Cheese 120g,$5.00,$4.17/100g,"https://cdn.metcash.media/image/upload/f_auto,c_limit,w_300,q_auto/igashop/images/323377"
Decor Tellfresh Storer Oblong 3 Pack,$11.00,$3.67 each,"https://cdn.metcash.media/image/upload/f_auto,c_limit,w_300,q_auto/igashop/images/731774"
Pepsi Cola Soft Drink 2L,$3.80,$1.90/1L,"https://cdn.metcash.media/image/upload/f_auto,c_limit,w_300,q_auto/igashop/images/1800000067779"
Olina's Bakehouse Artisan Crackers Raisin & Pumpkin Seed 100g,$5.00,$5.00/100g,"https://cdn.metcash.media/image/upload/f_auto,c_limit,w_300,q_auto/igashop/images/160000000894"
Surf Laundry Powder Front & Top Sunshine 3kg,$18.45,$6.15/kg,"https://cdn.metcash.media/image/upload/f_auto,c_limit,w_300,q_auto/igashop/images/840031"
Schwarzkopf Taft Power Mousse 200g,$4.40,$2.20/100g,"https://cdn.metcash.media/image/upload/f_auto,c_limit,w_300,q_auto/igashop/images/13809"
Delucas Macaroni and Cheese Bacon 1.1kg,$20.00,$18.18/kg,"https://cdn.metcash.media/image/upload/f_auto,c_limit,w_300,q_auto/igashop/images/190000001727"
Barilla Al Bronzo Spaghetti 400g,$4.00,$1.00/100g,"https://cdn.metcash.media/image/upload/f_auto,c_limit,w_300,q_auto/igashop/images/52581"
Tip Top Sunblest Soft Wholemeal Sandwich 700g,$4.10,$0.59/100g,"https://cdn.metcash.media/image/upload/f_auto,c_limit,w_300,q_auto/igashop/images/809331"
Musashi Deluxe Protein Bar Rocky Road 60g,$2.45,$4.08/100g,"https://cdn.metcash.media/image/upload/f_auto,c_limit,w_300,q_auto/igashop/images/444453"
Farmers Union Iced Coffee 2L,$6.00,$3.00/1L,"https://cdn.metcash.media/image/upload/f_auto,c_limit,w_300,q_auto/igashop/images/20000001720"
Adelaide Hills Double Cream Brie 450g,$20.95,$4.66/100g,"https://cdn.metcash.media/image/upload/f_auto,c_limit,w_300,q_auto/igashop/images/20000002512"
Country Delight Lemon Flavoured Tarts 4 Pack,$4.25,$1.06 each,"https://cdn.metcash.media/image/upload/f_auto,c_limit,w_300,q_auto/igashop/images/441507"
Smith's Crinkle Cut Salt & Vinegar Potato Chips Party Size 380g,$8.50,$2.24/100g,"https://cdn.metcash.media/image/upload/f_auto,c_limit,w_300,q_auto/igashop/images/725896"
Olive Grove Classic Spread 500g,$5.80,$1.16/100g,"https://cdn.metcash.media/image/upload/f_auto,c_limit,w_300,q_auto/igashop/images/156788"
Youfoodz Fuel'd Chipotle Fried Chicken 400g,$10.80,$2.70/100g,"https://cdn.metcash.media/image/upload/f_auto,c_limit,w_300,q_auto/igashop/images/150000007576"
Community Co Satay Chicken With Rice 350g,$10.00,$2.86/100g,https://www.igashop.com.au/static/default-product-image.png
Yarrows Mini Spiced Hot Cross Bun 430g,$4.00,$0.93/100g,"https://cdn.metcash.media/image/upload/f_auto,c_limit,w_300,q_auto/igashop/images/961167"
Werther's Original Cream Candies No Sugar Added 60g,$4.70,$7.83/100g,"https://cdn.metcash.media/image/upload/f_auto,c_limit,w_300,q_auto/igashop/images/460828"
Old El Paso Stand 'N Stuff Mild 10 Taco Kit 295g,$9.50,$3.22/100g,"https://cdn.metcash.media/image/upload/f_auto,c_limit,w_300,q_auto/igashop/images/19978"
Lotus Biscoff Biscuit 8 Pack,$2.65,$0.33 each,"https://cdn.metcash.media/image/upload/f_auto,c_limit,w_300,q_auto/igashop/images/936879"
Slush Puppie Strawberry Pouch 250g,$3.00,$1.20/100g,https://www.igashop.com.au/static/default-product-image.png
Pauls Vanilla Custard 600g,$4.20,$0.70/100g,"https://cdn.metcash.media/image/upload/f_auto,c_limit,w_300,q_auto/igashop/images/144537"
SPC Canned Plums Whole In Juice 825g,$5.30,$0.64/100g,"https://cdn.metcash.media/image/upload/f_auto,c_limit,w_300,q_auto/igashop/images/649427"
Freshly Baked Multigrain Sandwich Loaf Sliced 700g,$4.30,$0.61/100g,"https://cdn.metcash.media/image/upload/f_auto,c_limit,w_300,q_auto/igashop/images/180000001287"
Harris Smokehouse Smoked Sardine Fillets 160g,$9.95,$6.22/100g,"https://cdn.metcash.media/image/upload/f_auto,c_limit,w_300,q_auto/igashop/images/20000002060"
SPC Apricots Halved in Juice 825g,$5.30,$0.64/100g,"https://cdn.metcash.media/image/upload/f_auto,c_limit,w_300,q_auto/igashop/images/403892"
Birds Eye Stir Fry Mix Thai 500g,$4.60,$0.92/100g,"https://cdn.metcash.media/image/upload/f_auto,c_limit,w_300,q_auto/igashop/images/107771"
Latina Fresh Creamy Carbonara Pasta Sauce 425g,$7.50,$1.76/100g,"https://cdn.metcash.media/image/upload/f_auto,c_limit,w_300,q_auto/igashop/images/150520"
Montville Coffee Woodford Blend Coffee Beans 250g,$18.95,$7.58/100g,"https://cdn.metcash.media/image/upload/f_auto,c_limit,w_300,q_auto/igashop/images/190000004141"
Billson's Rainbow Sherbet Cordial 700mL,$11.95,$1.71/100mL,"https://cdn.metcash.media/image/upload/f_auto,c_limit,w_300,q_auto/igashop/images/150000007815"
Finish Ultimate Auto Dishwash Tablets 0% Regular 46 Pack,$21.15,$0.46 each,"https://cdn.metcash.media/image/upload/f_auto,c_limit,w_300,q_auto/igashop/images/180000002860"
Mainland Tasty Cheddar Cheese with Water Crackers 50g,$2.80,$5.60/100g,"https://cdn.metcash.media/image/upload/f_auto,c_limit,w_300,q_auto/igashop/images/136681"
Obela Savoury Garlic Hommus Dip 220g,$4.00,$1.82/100g,"https://cdn.metcash.media/image/upload/f_auto,c_limit,w_300,q_auto/igashop/images/176678"
Nestlé KitKat Ice Cream 61g,$4.50,$7.38/100g,"https://cdn.metcash.media/image/upload/f_auto,c_limit,w_300,q_auto/igashop/images/20000004490"
Lo Bros Kombucha Pine & Lime 750mL,$6.30,$0.84/100mL,"https://cdn.metcash.media/image/upload/f_auto,c_limit,w_300,q_auto/igashop/images/20000005675"
Flying Goose Sriracha Mayo 455mL,$8.50,$1.87/100mL,"https://cdn.metcash.media/image/upload/f_auto,c_limit,w_300,q_auto/igashop/images/600313"
Duracell Button Cell Battery 2032 2 Pack,$9.50,$4.75 each,"https://cdn.metcash.media/image/upload/f_auto,c_limit,w_300,q_auto/igashop/images/921154"
Bundaberg Brewed Raspberry & Pomegranate 4 Pack,$4.95,$1.24 each,https://www.igashop.com.au/static/default-product-image.png
L'Oreal Excellence 4.15 Dark Frosted Brown,$27.00,N/A,"https://cdn.metcash.media/image/upload/f_auto,c_limit,w_300,q_auto/igashop/images/248962"
Philips LED Warm White GU10 4.6W,$12.00,N/A,"https://cdn.metcash.media/image/upload/f_auto,c_limit,w_300,q_auto/igashop/images/20000000473"
Nestlé KitKat Chocolate White Milkybar Funpack 154g,$7.50,$4.87/100g,"https://cdn.metcash.media/image/upload/f_auto,c_limit,w_300,q_auto/igashop/images/370882"
Nestlé KitKat Gold Block 170g,$7.50,$4.41/100g,"https://cdn.metcash.media/image/upload/f_auto,c_limit,w_300,q_auto/igashop/images/745176"
Best Foods Mayonnaise Whole Egg 810g,$8.50,$1.05/100g,"https://cdn.metcash.media/image/upload/f_auto,c_limit,w_300,q_auto/igashop/images/160000018188"
Schick Xtreme Sensitive Shave Foam 250g,$4.55,$1.82/100g,"https://cdn.metcash.media/image/upload/f_auto,c_limit,w_300,q_auto/igashop/images/1800000067838"
McCain Rustica Pizza Sourdough Supreme 450g,$11.00,$2.44/100g,"https://cdn.metcash.media/image/upload/f_auto,c_limit,w_300,q_auto/igashop/images/639223"
Scotch-Brite Handy Sponge 4 Pack,$4.40,$1.10 each,"https://cdn.metcash.media/image/upload/f_auto,c_limit,w_300,q_auto/igashop/images/20000006520"
Thankyou Hand Cream Red Ginger & Blood Orange 70mL,$6.50,$9.29/100mL,"https://cdn.metcash.media/image/upload/f_auto,c_limit,w_300,q_auto/igashop/images/9438"
Yarra Valley Hilltop Marmalade 475g,$5.60,$1.18/100g,https://www.igashop.com.au/static/default-product-image.png
Starbucks Coffee Blend Vanilla Nespresso Compatible Capsules 10 Pack,$6.50,$0.65 each,"https://cdn.metcash.media/image/upload/f_auto,c_limit,w_300,q_auto/igashop/images/232212"
Vaseline Body Lotion Deep Restore 225mL,$3.50,$1.56/100mL,"https://cdn.metcash.media/image/upload/f_auto,c_limit,w_300,q_auto/igashop/images/362287"
Balfours Christmas Fruit Cake Dark 800g,$15.50,$1.94/100g,"https://cdn.metcash.media/image/upload/f_auto,c_limit,w_300,q_auto/igashop/images/223640"
Black & Gold Candle Single Tall Pillar,$4.20,N/A,"https://cdn.metcash.media/image/upload/f_auto,c_limit,w_300,q_auto/igashop/images/190000010100"
Kiddylicious Infant Food Crispie Tiddlers Raspberry 12g,$1.75,$14.58/100g,https://www.igashop.com.au/static/default-product-image.png
Golden Circle Tomato Juice 1L,$3.05,$3.05/1L,"https://cdn.metcash.media/image/upload/f_auto,c_limit,w_300,q_auto/igashop/images/139600"
Kikkoman Sauces & Marinades Soy Sauce Original 150mL,$3.90,$2.60/100mL,"https://cdn.metcash.media/image/upload/f_auto,c_limit,w_300,q_auto/igashop/images/36970"
Papermate Profile Pen Black 2 Pack,$5.75,$2.88 each,"https://cdn.metcash.media/image/upload/f_auto,c_limit,w_300,q_auto/igashop/images/160000013493"
Leggo's Passata Italian Herbs 700g,$4.30,$0.61/100g,"https://cdn.metcash.media/image/upload/f_auto,c_limit,w_300,q_auto/igashop/images/21608"
Macleans Extreme Clean Lasting Fresh Toothpaste 170g,$4.95,$2.91/100g,"https://cdn.metcash.media/image/upload/f_auto,c_limit,w_300,q_auto/igashop/images/706020"
Heinz Plant Proteinz Mexican Style Corn & Black Bean Soup 330g,$4.50,$1.36/100g,"https://cdn.metcash.media/image/upload/f_auto,c_limit,w_300,q_auto/igashop/images/792657"
Sara Lee Dessert Tiramisu 415g,$7.20,$1.73/100g,"https://cdn.metcash.media/image/upload/f_auto,c_limit,w_300,q_auto/igashop/images/362504"
Darlac Tool Classic Shear,$29.95,N/A,"https://cdn.metcash.media/image/upload/f_auto,c_limit,w_300,q_auto/igashop/images/874386"
Eclipse Intense Mints Sugar Free Large Tin 40g,$3.60,$9.00/100g,"https://cdn.metcash.media/image/upload/f_auto,c_limit,w_300,q_auto/igashop/images/440925"
Pandaroo Sweetened Condensed Coconut Milk 320g,$5.20,$1.63/100g,"https://cdn.metcash.media/image/upload/f_auto,c_limit,w_300,q_auto/igashop/images/20000006761"
Jack Hammer Large Sponge,$4.15,N/A,https://www.igashop.com.au/static/default-product-image.png
Weet-Bix Blends Cranberry & Coconut 450g,$5.00,$1.11/100g,"https://cdn.metcash.media/image/upload/f_auto,c_limit,w_300,q_auto/igashop/images/805840"
Rosella Fruit Chutney 525g,$5.00,$0.95/100g,"https://cdn.metcash.media/image/upload/f_auto,c_limit,w_300,q_auto/igashop/images/92950"
Cadbury Cherry Ripe Egg 110g,$7.00,$6.36/100g,"https://cdn.metcash.media/image/upload/f_auto,c_limit,w_300,q_auto/igashop/images/898500"
Indomie Mi Goreng Noodle Cup 75g,$1.90,$2.53/100g,"https://cdn.metcash.media/image/upload/f_auto,c_limit,w_300,q_auto/igashop/images/81433"
Coyo Organic Coconut Yoghurt Vanilla Bean 500mL,$10.50,$2.10/100mL,"https://cdn.metcash.media/image/upload/f_auto,c_limit,w_300,q_auto/igashop/images/888403"
Chicken Tonight Simmer Sauce Creamy Cheese & Bacon Flavour 490g,$3.50,$0.71/100g,"https://cdn.metcash.media/image/upload/f_auto,c_limit,w_300,q_auto/igashop/images/245210"
Cadbury Roses Core 380g,$10.00,$2.63/100g,"https://cdn.metcash.media/image/upload/f_auto,c_limit,w_300,q_auto/igashop/images/1800000067435"
Maggi Fusian Noodles Hot Spicy 5 Pack,$5.00,$1.00 each,"https://cdn.metcash.media/image/upload/f_auto,c_limit,w_300,q_auto/igashop/images/81695"
Scenic Rim 4 Real Full Cream Milk 2L,$5.00,$2.50/1L,"https://cdn.metcash.media/image/upload/f_auto,c_limit,w_300,q_auto/igashop/images/416882"
Handee Ultra Paper Towel Double Length White 2 Pack,$5.25,$2.63 each,"https://cdn.metcash.media/image/upload/f_auto,c_limit,w_300,q_auto/igashop/images/383589"
Gravox Supreme Chicken Gravy 200g,$4.20,$2.10/100g,"https://cdn.metcash.media/image/upload/f_auto,c_limit,w_300,q_auto/igashop/images/325777"
Carman's Aussie Oat Bar Honey Joy 150g,$5.90,$3.93/100g,"https://cdn.metcash.media/image/upload/f_auto,c_limit,w_300,q_auto/igashop/images/467464"
Western Star Original Spreadable 375g,$5.00,$1.33/100g,"https://cdn.metcash.media/image/upload/f_auto,c_limit,w_300,q_auto/igashop/images/145444"
Kiddylicious Infant Food Straws Veggie 12g,$7.20,$60.00/100g,"https://cdn.metcash.media/image/upload/f_auto,c_limit,w_300,q_auto/igashop/images/1800000067657"
Eclipse Chewy Mints Peppermint Bottle 93g,$4.70,$5.05/100g,"https://cdn.metcash.media/image/upload/f_auto,c_limit,w_300,q_auto/igashop/images/762123"
Proper Handcooked Tortilla Chips Cheeza-Peno 150g,$6.80,$4.53/100g,"https://cdn.metcash.media/image/upload/f_auto,c_limit,w_300,q_auto/igashop/images/190000001757"
Neutrogena Youthful Boost Smoothing Hydrogel Mask 30g,$7.00,$23.33/100g,"https://cdn.metcash.media/image/upload/f_auto,c_limit,w_300,q_auto/igashop/images/921146"
Duck Deep Action Gel Pine 750mL,$7.40,$0.99/100mL,"https://cdn.metcash.media/image/upload/f_auto,c_limit,w_300,q_auto/igashop/images/16598"
Robert Timms Instant Granulated Coffee 200g,$12.50,$6.25/100g,"https://cdn.metcash.media/image/upload/f_auto,c_limit,w_300,q_auto/igashop/images/455687"
Bickford's Cordial Creamy Soda 750mL,$5.50,$7.33/1L,"https://cdn.metcash.media/image/upload/f_auto,c_limit,w_300,q_auto/igashop/images/489628"
Coco Earth Mexican Chicken Burrito Bowl 385g,$8.00,$2.08/100g,"https://cdn.metcash.media/image/upload/f_auto,c_limit,w_300,q_auto/igashop/images/1800000067466"
Banana Boat Ultra Sunscreen SPF 50+ 400g,$30.00,$7.50/100g,"https://cdn.metcash.media/image/upload/f_auto,c_limit,w_300,q_auto/igashop/images/190000000070"
Campbell's Chunky Chilli Beef 505g,$4.50,$0.89/100g,"https://cdn.metcash.media/image/upload/f_auto,c_limit,w_300,q_auto/igashop/images/795859"
Maxiblock Sunscreen SPF50 200mL,$13.45,$6.73/100mL,"https://cdn.metcash.media/image/upload/f_auto,c_limit,w_300,q_auto/igashop/images/933850"
Buttercup Country Split White Sliced Bread 450g,$4.30,$0.96/100g,"https://cdn.metcash.media/image/upload/f_auto,c_limit,w_300,q_auto/igashop/images/467927"
Multix ReuseMe Bake Sheet 1m,$6.50,N/A,"https://cdn.metcash.media/image/upload/f_auto,c_limit,w_300,q_auto/igashop/images/676712"
Schweppes Solo Thirst Crusher Original Lemon Multipack Cans 24 Pack,$20.00,$0.83 each,"https://cdn.metcash.media/image/upload/f_auto,c_limit,w_300,q_auto/igashop/images/460446"
DON Italian Style Salami Shaved 160g,$5.90,$3.69/100g,"https://cdn.metcash.media/image/upload/f_auto,c_limit,w_300,q_auto/igashop/images/20000006975"
Mount Franklin Lightly Sparkling Water Raspberry Bottle 1.25L,$2.00,$1.60/1L,"https://cdn.metcash.media/image/upload/f_auto,c_limit,w_300,q_auto/igashop/images/236957"
Fussy Cat Chicken Crunchers Dry Cat Food 100g,$3.80,$3.80/100g,"https://cdn.metcash.media/image/upload/f_auto,c_limit,w_300,q_auto/igashop/images/414241"
Meander Valley Clotted Cream 100g,$6.60,$6.60/100g,"https://cdn.metcash.media/image/upload/f_auto,c_limit,w_300,q_auto/igashop/images/20000000732"
MasterFoods Aussie Farmers Tomato Sauce Squeeze Bottle 500mL,$4.90,$0.98/100mL,"https://cdn.metcash.media/image/upload/f_auto,c_limit,w_300,q_auto/igashop/images/377520"
Carman's Dark Choc Blueberry Superfood Bars 6 Pack,$5.00,$0.83 each,"https://cdn.metcash.media/image/upload/f_auto,c_limit,w_300,q_auto/igashop/images/317923"
Smith's Double Crunch Potato Chips Ultimate BBQ Ribs 150g,$3.50,$2.33/100g,"https://cdn.metcash.media/image/upload/f_auto,c_limit,w_300,q_auto/igashop/images/20000006583"
Nobby's Crispy Bacon Bites 40g,$2.50,$6.25/100g,"https://cdn.metcash.media/image/upload/f_auto,c_limit,w_300,q_auto/igashop/images/778221"
Red Washed Potatoes 170g,Final cost based on weight,$1.01/$5.95,"https://cdn.metcash.media/image/upload/f_auto,c_limit,w_300,q_auto/igashop/images/80060058"
John West Yellowfin Tuna Chilli 90g,$2.50,$2.78/100g,"https://cdn.metcash.media/image/upload/f_auto,c_limit,w_300,q_auto/igashop/images/1800000067643"
Massel Organic Liquid Stock Vegetable 1L,$4.20,$4.20/1L,"https://cdn.metcash.media/image/upload/f_auto,c_limit,w_300,q_auto/igashop/images/640805"
Vannella Buffalo Mozzarella 125g,$7.95,$6.36/100g,"https://cdn.metcash.media/image/upload/f_auto,c_limit,w_300,q_auto/igashop/images/160000017722"
Dash Sparkling Spring Water with Lemons 330mL,$2.19,$0.66/100mL,"https://cdn.metcash.media/image/upload/f_auto,c_limit,w_300,q_auto/igashop/images/190000002073"
Tek Toothbrush Soft New Single,$2.25,N/A,"https://cdn.metcash.media/image/upload/f_auto,c_limit,w_300,q_auto/igashop/images/20000001688"
Dare Iced Coffee Mocha 750mL,$5.40,$0.72/100mL,"https://cdn.metcash.media/image/upload/f_auto,c_limit,w_300,q_auto/igashop/images/920014"
GAIA Natural Baby Wipes 80 Pack,$6.65,$0.08 each,"https://cdn.metcash.media/image/upload/f_auto,c_limit,w_300,q_auto/igashop/images/952406"
Fantastic Rice Crackers Honey & Soy 100g,$2.50,$2.50/100g,"https://cdn.metcash.media/image/upload/f_auto,c_limit,w_300,q_auto/igashop/images/726261"
JC'S Choc Coated Almond 225g,$11.50,$5.11/100g,"https://cdn.metcash.media/image/upload/f_auto,c_limit,w_300,q_auto/igashop/images/180000000614"
Rexona Men Antiperspirant Deodorant Spray Adventure 250mL,$6.00,$2.40/100mL,"https://cdn.metcash.media/image/upload/f_auto,c_limit,w_300,q_auto/igashop/images/54326"
Chobani Flip Greek Yoghurt Triple Choc Brownie 140g,$4.00,$2.86/100g,"https://cdn.metcash.media/image/upload/f_auto,c_limit,w_300,q_auto/igashop/images/160000018288"
Decor Microsafe Rice Cooker & Veg Steamer,$12.50,N/A,"https://cdn.metcash.media/image/upload/f_auto,c_limit,w_300,q_auto/igashop/images/214675"
Werther's Original Toffee Eclairs 100g,$5.20,$5.20/100g,"https://cdn.metcash.media/image/upload/f_auto,c_limit,w_300,q_auto/igashop/images/40712"
Vitasoy Soy Milk Original 1L,$3.00,$3.00/1L,"https://cdn.metcash.media/image/upload/f_auto,c_limit,w_300,q_auto/igashop/images/352059"
Nestle Kit Kat Chocolate Aero Mint 155g,$5.25,$3.39/100g,"https://cdn.metcash.media/image/upload/f_auto,c_limit,w_300,q_auto/igashop/images/1800000068052"
Lenny & Larry's The Complete Cookie Birthday Cake 113g,$6.50,$5.75/100g,"https://cdn.metcash.media/image/upload/f_auto,c_limit,w_300,q_auto/igashop/images/160000013639"
Isocol Antiseptic Rub 345mL,$13.50,$3.91/100mL,"https://cdn.metcash.media/image/upload/f_auto,c_limit,w_300,q_auto/igashop/images/491269"
Cadbury Dairy Milk Egg 136g,$9.00,$6.62/100g,"https://cdn.metcash.media/image/upload/f_auto,c_limit,w_300,q_auto/igashop/images/1800000069024"
Cobs Lightly Salted Slightly Sweet Popcorn 120g,$2.80,$2.33/100g,"https://cdn.metcash.media/image/upload/f_auto,c_limit,w_300,q_auto/igashop/images/160000012145"
Energizer Max Plus Advanced AA Batteries 10 Pack,$14.00,$1.40 each,"https://cdn.metcash.media/image/upload/f_auto,c_limit,w_300,q_auto/igashop/images/296664"
Old El Paso Enchilada Kit Mild 8 Pack,$8.50,$1.06 each,"https://cdn.metcash.media/image/upload/f_auto,c_limit,w_300,q_auto/igashop/images/357261"
Lindt Santa Boot 90g,$5.00,$5.56/100g,"https://cdn.metcash.media/image/upload/f_auto,c_limit,w_300,q_auto/igashop/images/384530"
Nutrisoy Organic Silken Tofu 300g,$3.70,$1.23/100g,"https://cdn.metcash.media/image/upload/f_auto,c_limit,w_300,q_auto/igashop/images/190000002929"
Manuka Doctor Multifloral Honey 375g,$8.25,$2.20/100g,"https://cdn.metcash.media/image/upload/f_auto,c_limit,w_300,q_auto/igashop/images/190000001608"
Old El Paso Fajita Kit Mild 485g,$8.50,$1.75/100g,"https://cdn.metcash.media/image/upload/f_auto,c_limit,w_300,q_auto/igashop/images/160000014005"
Fantastic Rice Crackers Original 100g,$2.50,$2.50/100g,"https://cdn.metcash.media/image/upload/f_auto,c_limit,w_300,q_auto/igashop/images/11051"
Bluebird Curlies 150g,$4.80,$3.20/100g,"https://cdn.metcash.media/image/upload/f_auto,c_limit,w_300,q_auto/igashop/images/160000013164"
Gourmet Granny Mushroom Sauce Mix 42g,$3.95,$9.40/100g,"https://cdn.metcash.media/image/upload/f_auto,c_limit,w_300,q_auto/igashop/images/180000006349"
Grinders Espresso Ground 1kg,$40.80,$40.80/kg,"https://cdn.metcash.media/image/upload/f_auto,c_limit,w_300,q_auto/igashop/images/253593"
Mortein Mozzie Zapper Mosquito & Fly Control 25mL,$12.50,$50.00/100mL,"https://cdn.metcash.media/image/upload/f_auto,c_limit,w_300,q_auto/igashop/images/917723"
Cashmere Bouquet Talcum Powder With A Fresh Scent Of Lavender 250g,$4.00,$1.60/100g,"https://cdn.metcash.media/image/upload/f_auto,c_limit,w_300,q_auto/igashop/images/62337"
Nescafe Dolce Gusto Coffee Capsules Ristretto Ardenza 16 Pack,$12.00,$0.75 each,"https://cdn.metcash.media/image/upload/f_auto,c_limit,w_300,q_auto/igashop/images/473436"
Capi Classic Tonic 750mL,$4.60,$6.13/1L,"https://cdn.metcash.media/image/upload/f_auto,c_limit,w_300,q_auto/igashop/images/389514"
Up & Go Liquid Breakfast Vanilla Ice 3 Pack,$7.00,$2.33 each,"https://cdn.metcash.media/image/upload/f_auto,c_limit,w_300,q_auto/igashop/images/997948"
Purina Felix Sensations Pet Food Jelly Favourites Menu Combipack 85g,$8.50,$10.00/100g,"https://cdn.metcash.media/image/upload/f_auto,c_limit,w_300,q_auto/igashop/images/331980"
Kinder Bueno Chocolate Bar 43g,$1.50,$3.49/100g,"https://cdn.metcash.media/image/upload/f_auto,c_limit,w_300,q_auto/igashop/images/691089"
Daily Juice Company Juice Orange Pulp Free 3L,$8.95,$2.98/1L,"https://cdn.metcash.media/image/upload/f_auto,c_limit,w_300,q_auto/igashop/images/180000005931"
White Wings Crumb In One 200g,$2.45,$1.23/100g,"https://cdn.metcash.media/image/upload/f_auto,c_limit,w_300,q_auto/igashop/images/346553"
Optimum Senior With Chicken And Rice 100g,$10.50,$10.50/100g,https://www.igashop.com.au/static/default-product-image.png
Pump Lime Rush Water Bottle 750mL,$2.75,$0.37/100mL,"https://cdn.metcash.media/image/upload/f_auto,c_limit,w_300,q_auto/igashop/images/339116_1"
Will Studd Aphrodite Kefalotyri 170g,$14.80,$8.71/100g,https://www.igashop.com.au/static/default-product-image.png
Youfoodz White Choc Blondie Bites 80g,$5.00,$6.25/100g,"https://cdn.metcash.media/image/upload/f_auto,c_limit,w_300,q_auto/igashop/images/485616"
Nescafe Coffee 98% Sugar Free Hazelnut 10 Pack,$8.00,$0.80 each,"https://cdn.metcash.media/image/upload/f_auto,c_limit,w_300,q_auto/igashop/images/619493"
Community Co Spinach & Ricotta Tortellini 1kg,$13.95,$13.95/kg,"https://cdn.metcash.media/image/upload/f_auto,c_limit,w_300,q_auto/igashop/images/180000004990"
Sunbeam Nuts Australian Natural Almonds 450g,$15.30,$3.40/100g,"https://cdn.metcash.media/image/upload/f_auto,c_limit,w_300,q_auto/igashop/images/160000018196"
Marcel's Happy Pancakes 6 Pack,$5.20,$0.87 each,"https://cdn.metcash.media/image/upload/f_auto,c_limit,w_300,q_auto/igashop/images/160000013118"
Whittaker's Block Coconut 33% Cocoa 250g,$9.00,$3.60/100g,"https://cdn.metcash.media/image/upload/f_auto,c_limit,w_300,q_auto/igashop/images/343097"
MasterFoods Coriander Leaves 5g,$3.50,$70.00/100g,"https://cdn.metcash.media/image/upload/f_auto,c_limit,w_300,q_auto/igashop/images/442668"
Carman's Protein Nut Butter Bars Peanut Butter 180g,$7.90,$4.39/100g,"https://cdn.metcash.media/image/upload/f_auto,c_limit,w_300,q_auto/igashop/images/596132"
Peters Maxibon That's Mint 4 Pack,$7.90,$1.98 each,"https://cdn.metcash.media/image/upload/f_auto,c_limit,w_300,q_auto/igashop/images/209727"
Maybelline Fast Gel Top Coat 7g,$7.50,$107.14/100g,"https://cdn.metcash.media/image/upload/f_auto,c_limit,w_300,q_auto/igashop/images/346655"
Twisties Cheese 152g,$4.50,$2.96/100g,https://www.igashop.com.au/static/default-product-image.png
Community Co Cordial Orange 1L,$2.85,$2.85/1L,"https://cdn.metcash.media/image/upload/f_auto,c_limit,w_300,q_auto/igashop/images/696466"
D'Orsogna Cacciatora Mild 120g,$9.00,$7.50/100g,"https://cdn.metcash.media/image/upload/f_auto,c_limit,w_300,q_auto/igashop/images/180000001578"
Sensory Lab Coffee Beans Stellar 250g,$16.90,$6.76/100g,https://www.igashop.com.au/static/default-product-image.png
Nuttelex Buttery Plant-Based Butter Alternative 1kg,$8.00,$8.00/kg,"https://cdn.metcash.media/image/upload/f_auto,c_limit,w_300,q_auto/igashop/images/202212"
Pauls Milky Max Custard Strawberry 70g,$2.00,$2.86/100g,"https://cdn.metcash.media/image/upload/f_auto,c_limit,w_300,q_auto/igashop/images/728394"
M&M's Peanut Chocolate Pouch 180g,$7.00,$3.89/100g,"https://cdn.metcash.media/image/upload/f_auto,c_limit,w_300,q_auto/igashop/images/622580"
Community Co Diced Tomatoes 400g,$1.30,$0.33/100g,"https://cdn.metcash.media/image/upload/f_auto,c_limit,w_300,q_auto/igashop/images/190000004754"
OurEco Air Freshener Zesty Rose 250mL,$11.99,$4.80/100mL,"https://cdn.metcash.media/image/upload/f_auto,c_limit,w_300,q_auto/igashop/images/20000005206"
Edgell Sliced Mushrooms In Butter Sauce 220g,$2.40,$1.09/100g,"https://cdn.metcash.media/image/upload/f_auto,c_limit,w_300,q_auto/igashop/images/23040"
Gumption Multi-Purpose Cleaner Lemon 500g,$5.40,$1.08/100g,"https://cdn.metcash.media/image/upload/f_auto,c_limit,w_300,q_auto/igashop/images/63820"
L'Oreal Revitalift Filler Eye Serum 20mL,$55.00,$275.00/100mL,"https://cdn.metcash.media/image/upload/f_auto,c_limit,w_300,q_auto/igashop/images/376935"
Delucas Chicken Penne With Pesto & Sundried Tomato 1.1kg,$20.00,$18.18/kg,"https://cdn.metcash.media/image/upload/f_auto,c_limit,w_300,q_auto/igashop/images/190000005010"
Red Rock Deli Classics Sweet Chilli & Sour Cream Dip 190g,$5.00,$2.63/100g,"https://cdn.metcash.media/image/upload/f_auto,c_limit,w_300,q_auto/igashop/images/329399"
Majans Bhuja Beer Mi 50g,$2.55,$5.10/100g,"https://cdn.metcash.media/image/upload/f_auto,c_limit,w_300,q_auto/igashop/images/245980"
Stock Merchant Chicken Bone Broth 500g,$12.95,$2.59/100g,"https://cdn.metcash.media/image/upload/f_auto,c_limit,w_300,q_auto/igashop/images/180000000659"
Mildura Orange & Mango Fruit Drink 3L,$5.95,$1.98/1L,"https://cdn.metcash.media/image/upload/f_auto,c_limit,w_300,q_auto/igashop/images/166607"
Heinz Big Red Tomato Sauce 500mL,$2.80,$0.56/100mL,"https://cdn.metcash.media/image/upload/f_auto,c_limit,w_300,q_auto/igashop/images/410035"
Daily Roast Coffee Caps Signature Blend 10 Pack,$8.00,$0.80 each,https://www.igashop.com.au/static/default-product-image.png
Marathon Puffy Dogs 500g,$9.20,$1.84/100g,"https://cdn.metcash.media/image/upload/f_auto,c_limit,w_300,q_auto/igashop/images/190000004766"
Colgate Pulse Electric Brush Whitening,$80.00,N/A,"https://cdn.metcash.media/image/upload/f_auto,c_limit,w_300,q_auto/igashop/images/189684"
U By Kotex Feminine Reusable High Waisted Super,$25.75,N/A,"https://cdn.metcash.media/image/upload/f_auto,c_limit,w_300,q_auto/igashop/images/654312"
Lakanto Monkfruit Sweetener Golden 200g,$10.95,$5.48/100g,"https://cdn.metcash.media/image/upload/f_auto,c_limit,w_300,q_auto/igashop/images/160000013236"
Thins Onion Rings Roast Onion 85g,$3.00,$3.53/100g,"https://cdn.metcash.media/image/upload/f_auto,c_limit,w_300,q_auto/igashop/images/522926"
Pauls Zymil Lactose Free Chocolate Flavoured Milk 400mL,$4.00,$1.00/100mL,"https://cdn.metcash.media/image/upload/f_auto,c_limit,w_300,q_auto/igashop/images/986777"
Dine Desire Succulent Chicken Grain Free Wet Cat Food Can 85g,$2.00,$2.35/100g,"https://cdn.metcash.media/image/upload/f_auto,c_limit,w_300,q_auto/igashop/images/25128"
The Olive Branch Heavenly Sundried Tomato & Basil Dip 250g,$7.50,$3.00/100g,"https://cdn.metcash.media/image/upload/f_auto,c_limit,w_300,q_auto/igashop/images/190000004005"
Sustagen Vanilla Flavour 550g,$10.20,$1.85/100g,"https://cdn.metcash.media/image/upload/f_auto,c_limit,w_300,q_auto/igashop/images/879522"
Decor Tellfresh Storer Oblong Tall 3L,$10.00,N/A,"https://cdn.metcash.media/image/upload/f_auto,c_limit,w_300,q_auto/igashop/images/253378"
Old El Paso Mild Crispy Chicken Soft Taco Kit 10 Pack,$8.50,$0.85 each,"https://cdn.metcash.media/image/upload/f_auto,c_limit,w_300,q_auto/igashop/images/612530"
Beerenberg Pink Gum Honey 335g,$9.70,$2.90/100g,"https://cdn.metcash.media/image/upload/f_auto,c_limit,w_300,q_auto/igashop/images/947838"
Elmer's Gue Glassy Clear Premade Slime 236.5mL,$8.00,$3.38/100mL,"https://cdn.metcash.media/image/upload/f_auto,c_limit,w_300,q_auto/igashop/images/872978"
Peters Oreo Sandwich 118mL,$5.60,$4.75/100mL,"https://cdn.metcash.media/image/upload/f_auto,c_limit,w_300,q_auto/igashop/images/20000004899"
Aerogard Insect Repellent Tropical 150g,$12.00,$8.00/100g,"https://cdn.metcash.media/image/upload/f_auto,c_limit,w_300,q_auto/igashop/images/65440"
"Lo Bros Kombucha Soda, Lemon, Lime & Bitters 330mL",$3.60,$1.09/100mL,"https://cdn.metcash.media/image/upload/f_auto,c_limit,w_300,q_auto/igashop/images/9340784003585"
Uncle Tobys Le Snak Snacks Cheese & Bacon 132g,$5.50,$4.17/100g,"https://cdn.metcash.media/image/upload/f_auto,c_limit,w_300,q_auto/igashop/images/180000006285"
Norco Real Iced Chocolate 500mL,$3.20,$0.64/100mL,"https://cdn.metcash.media/image/upload/f_auto,c_limit,w_300,q_auto/igashop/images/180000000327"
Palmolive Body Wash Gold 450mL,$7.50,$1.67/100mL,"https://cdn.metcash.media/image/upload/f_auto,c_limit,w_300,q_auto/igashop/images/180000006258"
Mojo Activated Kombucha Turmeric & Ginger 330mL,$4.44,$1.35/100mL,"https://cdn.metcash.media/image/upload/f_auto,c_limit,w_300,q_auto/igashop/images/784968"
Valcom Thai Style Massaman Curry Paste 210g,$4.30,$2.05/100g,"https://cdn.metcash.media/image/upload/f_auto,c_limit,w_300,q_auto/igashop/images/2963"
SUKIN Antibacterial Hand Sanitiser Spray 125mL,$10.20,$8.16/100mL,"https://cdn.metcash.media/image/upload/f_auto,c_limit,w_300,q_auto/igashop/images/876095"
Celsius Energy Drink Sparkling Kiwi Strawberry 330mL,$2.80,$0.85/100mL,"https://cdn.metcash.media/image/upload/f_auto,c_limit,w_300,q_auto/igashop/images/180000004964"
Gatorade Blue Bolt Sports Drink 600mL,$2.10,$0.35/100mL,"https://cdn.metcash.media/image/upload/f_auto,c_limit,w_300,q_auto/igashop/images/658112"
Youfoodz Youjuice Paradise Punch 350mL,$4.40,$1.26/100mL,https://www.igashop.com.au/static/default-product-image.png
Bega Almond Spread Crunchy 325g,$6.90,$2.12/100g,"https://cdn.metcash.media/image/upload/f_auto,c_limit,w_300,q_auto/igashop/images/808584"
Colgate Zig Zag Deep Interdental Clean Toothbrush Soft 3 Pack,$8.50,$2.83 each,"https://cdn.metcash.media/image/upload/f_auto,c_limit,w_300,q_auto/igashop/images/609383"
Dove Advanced Care Antiperspirant Roll On Coconut And Jasmine 50mL,$5.00,$10.00/100mL,"https://cdn.metcash.media/image/upload/f_auto,c_limit,w_300,q_auto/igashop/images/324857"
Decor Tellfresh Pastry Storer 2.5L,$11.55,N/A,"https://cdn.metcash.media/image/upload/f_auto,c_limit,w_300,q_auto/igashop/images/278255"
San Remo No. 15 Wide Fettuccine 500g,$2.95,$0.59/100g,"https://cdn.metcash.media/image/upload/f_auto,c_limit,w_300,q_auto/igashop/images/415611"
Paws Chicken Mince 1kg,$7.00,$7.00/kg,https://www.igashop.com.au/static/default-product-image.png
Selleys Adhesive Liquid Nails 100g,$9.60,$9.60/100g,"https://cdn.metcash.media/image/upload/f_auto,c_limit,w_300,q_auto/igashop/images/207068"
The Australian Tuesday,$4.50,N/A,https://www.igashop.com.au/static/default-product-image.png
Beerenberg Australian Corn Relish 260g,$6.00,$2.31/100g,"https://cdn.metcash.media/image/upload/f_auto,c_limit,w_300,q_auto/igashop/images/150000008190"
Cadbury Twirl Bites 140g,$3.50,$2.50/100g,"https://cdn.metcash.media/image/upload/f_auto,c_limit,w_300,q_auto/igashop/images/158065"
Boneless Pork Striploin Roast 1kg,Final cost based on weight,$12.00/$12.00,"https://cdn.metcash.media/image/upload/f_auto,c_limit,w_300,q_auto/igashop/images/80080116"
Sirena Ready To Eat Meal Pesto Pasta With Tuna 170g,$3.40,$2.00/100g,"https://cdn.metcash.media/image/upload/f_auto,c_limit,w_300,q_auto/igashop/images/447647"
Community Co Garlic Tortillas 8 Pack,$3.45,$0.43 each,"https://cdn.metcash.media/image/upload/f_auto,c_limit,w_300,q_auto/igashop/images/812622"
Angas Park Mixed Peel 200g,$4.00,$2.00/100g,"https://cdn.metcash.media/image/upload/f_auto,c_limit,w_300,q_auto/igashop/images/94928"
Golden Circle Cordial Apple Blackcurrant 2L,$4.50,$2.25/1L,"https://cdn.metcash.media/image/upload/f_auto,c_limit,w_300,q_auto/igashop/images/1800000067590"
Guylian Chocolate Praline Hearts 168g,$16.00,$9.52/100g,https://www.igashop.com.au/static/default-product-image.png
Beerenberg Chilli Sauce 300mL,$6.55,$2.18/100mL,"https://cdn.metcash.media/image/upload/f_auto,c_limit,w_300,q_auto/igashop/images/964084"
Pataks Simmer Sauce Medium Butter Chicken 450g,$5.50,$1.22/100g,"https://cdn.metcash.media/image/upload/f_auto,c_limit,w_300,q_auto/igashop/images/1800000071441"
Libra Invisible Pads Regular with Wings 12 Pack,$6.40,$0.53 each,"https://cdn.metcash.media/image/upload/f_auto,c_limit,w_300,q_auto/igashop/images/607967"
The Natural Confectionery Co. Low Sugar 50% Berry 130g,$5.00,$3.85/100g,"https://cdn.metcash.media/image/upload/f_auto,c_limit,w_300,q_auto/igashop/images/619977"
Golden Circle Pear Nectar Fruit Drink 1L,$3.25,$3.25/1L,"https://cdn.metcash.media/image/upload/f_auto,c_limit,w_300,q_auto/igashop/images/218603"
"Viva With Bamboo Fibre Paper Towel, Double Length, Multi-Use 2 Pack",$6.00,$3.00 each,"https://cdn.metcash.media/image/upload/f_auto,c_limit,w_300,q_auto/igashop/images/346883"
Honest Sesame Seaweed 5g,$2.30,$46.00/100g,"https://cdn.metcash.media/image/upload/f_auto,c_limit,w_300,q_auto/igashop/images/20000002026"
Mike & Ike Confectionery Mega Mix V Box 120g,$4.95,$4.13/100g,https://www.igashop.com.au/static/default-product-image.png
Indomie Noodles Special Chicken 75g,$1.00,$1.33/100g,"https://cdn.metcash.media/image/upload/f_auto,c_limit,w_300,q_auto/igashop/images/190000000997"
Oral-B Sensitive Clean Electric Toothbrush Replacement Heads 2 Pack,$9.60,$4.80 each,"https://cdn.metcash.media/image/upload/f_auto,c_limit,w_300,q_auto/igashop/images/831906"
Lo Bros Organic Kombucha Peach & Ginger 750mL,$7.00,$0.93/100mL,"https://cdn.metcash.media/image/upload/f_auto,c_limit,w_300,q_auto/igashop/images/415828"
United Organics Baby Spinach 100g,$3.29,$3.29/100g,https://www.igashop.com.au/static/default-product-image.png
Black & Gold Cocoa Powder 255g,$6.30,$2.47/100g,"https://cdn.metcash.media/image/upload/f_auto,c_limit,w_300,q_auto/igashop/images/3299"
Cobram Estate Extra Light & Delicate Olive Oil Spray 225g,$9.50,$4.22/100g,"https://cdn.metcash.media/image/upload/f_auto,c_limit,w_300,q_auto/igashop/images/160000013706"
Campbell's Real Vegetable Liquid Stock Salt Reduced 1L,$3.50,$3.50/1L,"https://cdn.metcash.media/image/upload/f_auto,c_limit,w_300,q_auto/igashop/images/469377"
Allen's Killer Pythons Confectionery 23g,$1.85,$8.04/100g,https://www.igashop.com.au/static/default-product-image.png
Bundaberg Brewed Ginger Beer 4 Pack,$7.70,$1.93 each,"https://cdn.metcash.media/image/upload/f_auto,c_limit,w_300,q_auto/igashop/images/63799"
Pine O Cleen Antibacterial Disinfectant 500mL,$4.10,$0.82/100mL,"https://cdn.metcash.media/image/upload/f_auto,c_limit,w_300,q_auto/igashop/images/64054"
Allen's Frogs Alive Lollies Bag 190g,$3.50,$1.84/100g,"https://cdn.metcash.media/image/upload/f_auto,c_limit,w_300,q_auto/igashop/images/22183"
Crystal Premium Pool Salt 20kg,$12.00,$0.60/kg,"https://cdn.metcash.media/image/upload/f_auto,c_limit,w_300,q_auto/igashop/images/209895"
Blue Ribbon Non-Dairy Frozen Dessert Plant Based Vanilla 2L,$6.50,$3.25/1L,https://www.igashop.com.au/static/default-product-image.png
Diego's GoMex Yellow Corn Tortillas 12 Pack,$4.00,$0.33 each,"https://cdn.metcash.media/image/upload/f_auto,c_limit,w_300,q_auto/igashop/images/150000008062"
Heinz Pickle Ketchup 500mL,$4.00,$0.80/100mL,"https://cdn.metcash.media/image/upload/f_auto,c_limit,w_300,q_auto/igashop/images/684773"
Quick-Eze Tablet Original Stick Pack 25g,$3.50,$14.00/100g,"https://cdn.metcash.media/image/upload/f_auto,c_limit,w_300,q_auto/igashop/images/94562"
Toni&Guy Shampoo Purple 250mL,$19.00,$7.60/100mL,"https://cdn.metcash.media/image/upload/f_auto,c_limit,w_300,q_auto/igashop/images/360015"
Rexona Men Antiperspirant Aerosol Advance Sport On Go 100mL,$4.10,$4.10/100mL,"https://cdn.metcash.media/image/upload/f_auto,c_limit,w_300,q_auto/igashop/images/889056"
Dettol Parents Approved Shower Gel Body Wash Anti-bacterial Citrus 950mL,$7.65,$0.81/100mL,"https://cdn.metcash.media/image/upload/f_auto,c_limit,w_300,q_auto/igashop/images/847648"
Oreo Double Stuff Cinnamon Bun 131g,$3.00,$2.29/100g,"https://cdn.metcash.media/image/upload/f_auto,c_limit,w_300,q_auto/igashop/images/335612"
Green's Traditional Golden Butter Cake Mix 440g,$3.00,$0.68/100g,"https://cdn.metcash.media/image/upload/f_auto,c_limit,w_300,q_auto/igashop/images/319894"
Proper Crisps Core Crisp Dill Pickle 140g,$6.80,$4.86/100g,https://www.igashop.com.au/static/default-product-image.png
Dairy Farmers Classic Chocolate Milk 500mL,$3.20,$0.64/100mL,"https://cdn.metcash.media/image/upload/f_auto,c_limit,w_300,q_auto/igashop/images/796216"
Vo5 Style Wax Mega Hold Hairspray 200mL,$5.50,$2.75/100mL,"https://cdn.metcash.media/image/upload/f_auto,c_limit,w_300,q_auto/igashop/images/698926"
OAK Strawberry Flavoured Milk 600mL,$4.20,$0.70/100mL,"https://cdn.metcash.media/image/upload/f_auto,c_limit,w_300,q_auto/igashop/images/877871"
Tonik Pro Chocolate Flavoured Protein Shake 375mL,$4.40,$1.17/100mL,"https://cdn.metcash.media/image/upload/f_auto,c_limit,w_300,q_auto/igashop/images/190000001804"
Tommee Tippee Milk Feeding Bib 2 Pack,$14.25,$7.13 each,"https://cdn.metcash.media/image/upload/f_auto,c_limit,w_300,q_auto/igashop/images/454607"
Musashi Protein Cookie Choc Chip 58g,$4.90,$8.45/100g,"https://cdn.metcash.media/image/upload/f_auto,c_limit,w_300,q_auto/igashop/images/588618"
Beerenberg Bbq Onion Mustard 165g,$4.95,$3.00/100g,"https://cdn.metcash.media/image/upload/f_auto,c_limit,w_300,q_auto/igashop/images/190000000990"
Temptations Cat Treats Tasty Chicken Bag 180g,$8.00,$4.44/100g,"https://cdn.metcash.media/image/upload/f_auto,c_limit,w_300,q_auto/igashop/images/655902"
Beerenberg Minute Meal Base Moroccan Chicken 240mL,$6.50,$2.71/100mL,https://www.igashop.com.au/static/default-product-image.png
Scholl Blister Shield Plaster Waterproof Instant Pain Relief Large 5 Pack,$9.80,$1.96 each,"https://cdn.metcash.media/image/upload/f_auto,c_limit,w_300,q_auto/igashop/images/355743"
Nestlé Kit Kat Breakfast Cereal Breakfast Cereal 330g,$7.50,$2.27/100g,"https://cdn.metcash.media/image/upload/f_auto,c_limit,w_300,q_auto/igashop/images/664375"
Purina Fancy Feast Gravy Lovers Chicken Feast 85g,$0.95,$1.12/100g,"https://cdn.metcash.media/image/upload/f_auto,c_limit,w_300,q_auto/igashop/images/578100"
Mill Lane Waffles English 6 Pack,$5.00,$0.83 each,https://www.igashop.com.au/static/default-product-image.png
ETA Generic Margarine 5 Star 500g,$3.00,$0.60/100g,"https://cdn.metcash.media/image/upload/f_auto,c_limit,w_300,q_auto/igashop/images/100004"
Calippo Mini Water Ice Raspberry & Pineapple 10 Pack,$7.00,$0.70 each,"https://cdn.metcash.media/image/upload/f_auto,c_limit,w_300,q_auto/igashop/images/159532"
John West Mackerel Fillets In Brine 125g,$4.20,$3.36/100g,"https://cdn.metcash.media/image/upload/f_auto,c_limit,w_300,q_auto/igashop/images/354768"
Community Co Garlic & Cheese Pull Apart Bread 350g,$5.50,$1.57/100g,"https://cdn.metcash.media/image/upload/f_auto,c_limit,w_300,q_auto/igashop/images/982278"
Farmers Market Beef & Farm Vegetables Dry Dog Food 2.7kg,$21.00,$7.78/kg,"https://cdn.metcash.media/image/upload/f_auto,c_limit,w_300,q_auto/igashop/images/732649"
GARNIER Pure Skin Facial Cleanser Deep Pore Wash 150mL,$13.50,$9.00/100mL,"https://cdn.metcash.media/image/upload/f_auto,c_limit,w_300,q_auto/igashop/images/927228"
Saxa Pepper White Picnic Pack 50g,$4.60,$9.20/100g,"https://cdn.metcash.media/image/upload/f_auto,c_limit,w_300,q_auto/igashop/images/41852"
Cheer Cheese Tasty Cheese Shredded 750g,$15.00,$2.00/100g,"https://cdn.metcash.media/image/upload/f_auto,c_limit,w_300,q_auto/igashop/images/630559"
Clairol Nice'N Easy Permanent Hair Colour 6Rb Natural Light Chestnut Brown,$9.00,N/A,"https://cdn.metcash.media/image/upload/f_auto,c_limit,w_300,q_auto/igashop/images/581373"
Old El Paso Hot Taco Sauce 200g,$4.50,$2.25/100g,"https://cdn.metcash.media/image/upload/f_auto,c_limit,w_300,q_auto/igashop/images/48634"
Fever-Tree Natural Light Tonic Water Bottle 500mL,$4.50,$0.90/100mL,"https://cdn.metcash.media/image/upload/f_auto,c_limit,w_300,q_auto/igashop/images/6601618"
V Guarana Energy Drink Sugarfree 4 Pack,$11.75,$2.94 each,"https://cdn.metcash.media/image/upload/f_auto,c_limit,w_300,q_auto/igashop/images/190000001920"
Glen 20 On The Go Disinfectant Spray Citrus Notes 100mL,$5.25,$5.25/100mL,"https://cdn.metcash.media/image/upload/f_auto,c_limit,w_300,q_auto/igashop/images/160000011476"
Bennetto Organic Amaranth & Sea Salt Dark Chocolate 100g,$8.50,$8.50/100g,"https://cdn.metcash.media/image/upload/f_auto,c_limit,w_300,q_auto/igashop/images/190000001782"
Eveready Torch Brilliant Beam with 2 D Batteries,$13.00,N/A,"https://cdn.metcash.media/image/upload/f_auto,c_limit,w_300,q_auto/igashop/images/214536"
Trident Noodle Rice Stick 250g,$3.05,$1.22/100g,https://www.igashop.com.au/static/default-product-image.png
Schweppes Traditionals Raspberry Zero Sugar 1.1L,$1.25,$1.14/1L,"https://cdn.metcash.media/image/upload/f_auto,c_limit,w_300,q_auto/igashop/images/871642"
Clairol Nice 'N Easy 6 Natural Light Brown,$9.00,N/A,"https://cdn.metcash.media/image/upload/f_auto,c_limit,w_300,q_auto/igashop/images/190000002200"
Fancy Feast Adult Savory Centers Patè With Tuna And A Gourmet Gravy Center Wet Cat Food 85g,$2.60,$3.06/100g,"https://cdn.metcash.media/image/upload/f_auto,c_limit,w_300,q_auto/igashop/images/190000000318"
Organic Care Naturals Kids 3in1 Conditioning Shampoo & Body Wash Berry Bliss 400mL,$3.60,$0.90/100mL,"https://cdn.metcash.media/image/upload/f_auto,c_limit,w_300,q_auto/igashop/images/52502"
Red Bull Energy Drink Can 473mL,$4.50,$0.95/100mL,"https://cdn.metcash.media/image/upload/f_auto,c_limit,w_300,q_auto/igashop/images/150000000719"
Sunbeam Pine Nuts 70g,$5.90,$8.43/100g,"https://cdn.metcash.media/image/upload/f_auto,c_limit,w_300,q_auto/igashop/images/6857"
Black & Gold Vegetable Oil 4L,$12.50,$3.13/1L,"https://cdn.metcash.media/image/upload/f_auto,c_limit,w_300,q_auto/igashop/images/39978"
Pears Body Wash Natural Oils 500mL,$5.00,$1.00/100mL,"https://cdn.metcash.media/image/upload/f_auto,c_limit,w_300,q_auto/igashop/images/405111"
Global Cafe Direct Espresso Coffee 250g,$11.65,$4.66/100g,"https://cdn.metcash.media/image/upload/f_auto,c_limit,w_300,q_auto/igashop/images/752194"
Cobram Estate Chilli & Coriander Oil Meal Starter 375mL,$10.50,$2.80/100mL,"https://cdn.metcash.media/image/upload/f_auto,c_limit,w_300,q_auto/igashop/images/160000013707"
Nice & Natural Chocolate Nut Bars Coconut 180g,$5.50,$3.06/100g,"https://cdn.metcash.media/image/upload/f_auto,c_limit,w_300,q_auto/igashop/images/180000004821"
Jarrah Extra Special Dark Hot Choc 8 Pack,$8.50,$1.06 each,"https://cdn.metcash.media/image/upload/f_auto,c_limit,w_300,q_auto/igashop/images/160000011151"
Earth Choice Kitchen Cleaner 600mL,$4.63,$0.77/100mL,"https://cdn.metcash.media/image/upload/f_auto,c_limit,w_300,q_auto/igashop/images/243292"
Smith's Crackers Cheddar Cheese 160g,$2.50,$1.56/100g,"https://cdn.metcash.media/image/upload/f_auto,c_limit,w_300,q_auto/igashop/images/1800000068064"
Dolmio Extra Red Wine and Italian Herbs Pasta Sauce 500g,$4.60,$0.92/100g,"https://cdn.metcash.media/image/upload/f_auto,c_limit,w_300,q_auto/igashop/images/390206"
McKenzie's Cornflour Resealable 5 Pack,$4.30,$0.86 each,"https://cdn.metcash.media/image/upload/f_auto,c_limit,w_300,q_auto/igashop/images/526441"
Green's Classic Banana Bread Mix 400g,$3.00,$0.75/100g,"https://cdn.metcash.media/image/upload/f_auto,c_limit,w_300,q_auto/igashop/images/160000012887"
The Olive Branch Heavenly Nachos Dip 250g,$7.50,$3.00/100g,"https://cdn.metcash.media/image/upload/f_auto,c_limit,w_300,q_auto/igashop/images/190000003978"
Darrell Lea Milk Chocolate Coated Original Liquorice Twists 200g,$6.00,$3.00/100g,"https://cdn.metcash.media/image/upload/f_auto,c_limit,w_300,q_auto/igashop/images/160000012172"
Heinz Seriously Good Garlic Aioli Squeezy Bottle 295mL,$5.50,$1.86/100mL,"https://cdn.metcash.media/image/upload/f_auto,c_limit,w_300,q_auto/igashop/images/666518"
Cadbury Old Gold Dark Chocolate Old Jamaica Rum N Raisin 315g,$8.50,$2.70/100g,"https://cdn.metcash.media/image/upload/f_auto,c_limit,w_300,q_auto/igashop/images/160000011334"
Musashi High Protein Bar Peanut Butter 90g,$6.90,$7.67/100g,"https://cdn.metcash.media/image/upload/f_auto,c_limit,w_300,q_auto/igashop/images/866870"
Chobani Flip Greek Yogurt Caramel Slice 140g,$4.00,$2.86/100g,"https://cdn.metcash.media/image/upload/f_auto,c_limit,w_300,q_auto/igashop/images/180000006176"
Gravox Gravy Mix Lamb With Rosemary 29g,$1.50,$5.17/100g,"https://cdn.metcash.media/image/upload/f_auto,c_limit,w_300,q_auto/igashop/images/456120"
South Cape Cream Cheese Apricot And Almond 80g,$4.50,$5.63/100g,"https://cdn.metcash.media/image/upload/f_auto,c_limit,w_300,q_auto/igashop/images/517243"
Capilano Original Squeezable Honey 375g,$7.60,$2.03/100g,"https://cdn.metcash.media/image/upload/f_auto,c_limit,w_300,q_auto/igashop/images/11543"
Trill Mix In Veggies Bird Treat 120g,$4.00,$3.33/100g,"https://cdn.metcash.media/image/upload/f_auto,c_limit,w_300,q_auto/igashop/images/941683"
BSc Body Science High Protein Bar Choc Mint 60g,$5.00,$8.33/100g,"https://cdn.metcash.media/image/upload/f_auto,c_limit,w_300,q_auto/igashop/images/655428"
Energizer Max AA Batteries 10 Pack,$15.40,$1.54 each,"https://cdn.metcash.media/image/upload/f_auto,c_limit,w_300,q_auto/igashop/images/212534"
Optimum Wet Dog Food With Chicken & Rice Trays 6 Pack,$10.50,$1.75 each,"https://cdn.metcash.media/image/upload/f_auto,c_limit,w_300,q_auto/igashop/images/961659"
Real Foods Corn Thins Sesame 150g,$1.50,$1.00/100g,"https://cdn.metcash.media/image/upload/f_auto,c_limit,w_300,q_auto/igashop/images/410344"
Community Co Mini Pizza Bases 600g,$5.35,$0.89/100g,"https://cdn.metcash.media/image/upload/f_auto,c_limit,w_300,q_auto/igashop/images/965844"
Twinings Live Well Refresh 12 Pack,$6.50,$0.54 each,"https://cdn.metcash.media/image/upload/f_auto,c_limit,w_300,q_auto/igashop/images/160000005528"
White King Sink & Drain Sanitiser 750mL,$6.00,$0.80/100mL,"https://cdn.metcash.media/image/upload/f_auto,c_limit,w_300,q_auto/igashop/images/190000001703"
Masterfoods Herbs And Spices Paprika Ground 105g,$5.50,$5.24/100g,"https://cdn.metcash.media/image/upload/f_auto,c_limit,w_300,q_auto/igashop/images/180000005923"
Powerade ION4 Mountain Blast Sports Drink Sipper Cap 600mL,$2.70,$0.45/100mL,"https://cdn.metcash.media/image/upload/f_auto,c_limit,w_300,q_auto/igashop/images/477346"
Maggi Oriental Noodle Cup 60g,$1.25,$2.08/100g,"https://cdn.metcash.media/image/upload/f_auto,c_limit,w_300,q_auto/igashop/images/81768"
Nutty Bruce Peanut Butter Cacao Nut Butter Balls 70g,$2.99,$4.27/100g,"https://cdn.metcash.media/image/upload/f_auto,c_limit,w_300,q_auto/igashop/images/7275"
Pandaroo Vietnamese Pho Beef Noodle Soup Base 200mL,$3.95,$1.98/100mL,"https://cdn.metcash.media/image/upload/f_auto,c_limit,w_300,q_auto/igashop/images/190000003136"
Aunty Kath's Cookie Dough M&Ms 450g,$7.00,$1.56/100g,"https://cdn.metcash.media/image/upload/f_auto,c_limit,w_300,q_auto/igashop/images/191089"
Dr. Oetker Ristorante Pizza Pepperoni 310g,$9.50,$3.06/100g,"https://cdn.metcash.media/image/upload/f_auto,c_limit,w_300,q_auto/igashop/images/137789"
Jazz Apples 160g,Final cost based on weight,$1.27/$7.95,"https://cdn.metcash.media/image/upload/f_auto,c_limit,w_300,q_auto/igashop/images/80060108"
Aunt Betty's Golden Syrup Steamy Puds 2 Pack,$4.90,$2.45 each,"https://cdn.metcash.media/image/upload/f_auto,c_limit,w_300,q_auto/igashop/images/794133"
Chux Heavy Duty Scourer 6 Pack,$4.00,$0.67 each,"https://cdn.metcash.media/image/upload/f_auto,c_limit,w_300,q_auto/igashop/images/243284"
Maggi Chilli Con Carne Recipe Base 41g,$1.85,$4.51/100g,"https://cdn.metcash.media/image/upload/f_auto,c_limit,w_300,q_auto/igashop/images/624859"
Peters Drumstick Ice Cream Vanilla 24 Pack,$36.70,$1.53 each,"https://cdn.metcash.media/image/upload/f_auto,c_limit,w_300,q_auto/igashop/images/20000003636"
Altimate Multi Colored Wafer Cups 21 Pack,$5.70,$0.27 each,https://www.igashop.com.au/static/default-product-image.png
Golden Circle Pineapple Pieces In Natural Juice 440g,$3.90,$0.89/100g,"https://cdn.metcash.media/image/upload/f_auto,c_limit,w_300,q_auto/igashop/images/33100"
Black & Gold Wet Dog Food Meat With Beef 700g,$2.50,$0.36/100g,"https://cdn.metcash.media/image/upload/f_auto,c_limit,w_300,q_auto/igashop/images/20000004755"
Kirks Dry Ginger Ale Can Soft Drink 375mL,$2.00,$0.53/100mL,"https://cdn.metcash.media/image/upload/f_auto,c_limit,w_300,q_auto/igashop/images/20000001436"
Branston Small Chunk Pickle 360g,$9.20,$2.56/100g,"https://cdn.metcash.media/image/upload/f_auto,c_limit,w_300,q_auto/igashop/images/20000000265"
Gotzinger New Yorker Hot Dog 350g,$50.00,$14.29/100g,"https://cdn.metcash.media/image/upload/f_auto,c_limit,w_300,q_auto/igashop/images/20000001322"
Jasper Coffee Nuigini Beans 250g,$15.95,$6.38/100g,https://www.igashop.com.au/static/default-product-image.png
Sukin Paw Paw Ointment 25g,$6.50,$26.00/100g,"https://cdn.metcash.media/image/upload/f_auto,c_limit,w_300,q_auto/igashop/images/160000012522"
Celsius Energy Drink Green Apple Cherry 330mL,$2.80,$0.85/100mL,"https://cdn.metcash.media/image/upload/f_auto,c_limit,w_300,q_auto/igashop/images/180000004965"
Destination Italy Tiramisu Italian Gelato 500mL,$12.75,$2.55/100mL,https://www.igashop.com.au/static/default-product-image.png
Ultrafresh Breath Fresheners Cool Mint Spray 12mL,$5.60,$46.67/100mL,"https://cdn.metcash.media/image/upload/f_auto,c_limit,w_300,q_auto/igashop/images/427480"
My Muscle Chef Protein Cookie Salted Caramel Macadamia 92g,$5.95,$6.47/100g,"https://cdn.metcash.media/image/upload/f_auto,c_limit,w_300,q_auto/igashop/images/180000000701"
Black & Gold Raw Sugar 1kg,$1.80,$1.80/kg,"https://cdn.metcash.media/image/upload/f_auto,c_limit,w_300,q_auto/igashop/images/42557"
Community Co Honey 500g,$7.90,$1.58/100g,"https://cdn.metcash.media/image/upload/f_auto,c_limit,w_300,q_auto/igashop/images/606686"
Funday Strawberry & Cream Gummies 50g,$4.20,$8.40/100g,https://www.igashop.com.au/static/default-product-image.png
Primo Stackers Spicy Chorizo Cheddar Cheese & Crackers 50g,$3.00,$6.00/100g,"https://cdn.metcash.media/image/upload/f_auto,c_limit,w_300,q_auto/igashop/images/115910"
McKenzie's Cream Of Tartar 125g,$4.00,$3.20/100g,"https://cdn.metcash.media/image/upload/f_auto,c_limit,w_300,q_auto/igashop/images/361812"
Nestlé Bakers' Choice Milk Chocolate Bits 200g,$7.00,$3.50/100g,"https://cdn.metcash.media/image/upload/f_auto,c_limit,w_300,q_auto/igashop/images/625805"
Vitawerx Protein White Chocolate Bar 100g,$10.25,$10.25/100g,"https://cdn.metcash.media/image/upload/f_auto,c_limit,w_300,q_auto/igashop/images/190000005155"
Tub Orange Choc Balls 90g,$3.60,$4.00/100g,"https://cdn.metcash.media/image/upload/f_auto,c_limit,w_300,q_auto/igashop/images/20000006881"
Kan Tong Honey Soy & Garlic Meal Base Pouch 175g,$3.00,$1.71/100g,"https://cdn.metcash.media/image/upload/f_auto,c_limit,w_300,q_auto/igashop/images/442435"
Somat Gold 3-In-1 Machine Dishwasher Gel Tablets 51 Pack,$36.00,$0.71 each,"https://cdn.metcash.media/image/upload/f_auto,c_limit,w_300,q_auto/igashop/images/278446"
Leggo's Stir Through Tomato Garlic & Caramelised Onion 350g,$5.30,$1.51/100g,"https://cdn.metcash.media/image/upload/f_auto,c_limit,w_300,q_auto/igashop/images/443054"
Berocca Energy Vitamin B & C Original Berry Flavour Effervescent Tablets 30 Pack,$19.00,$0.63 each,"https://cdn.metcash.media/image/upload/f_auto,c_limit,w_300,q_auto/igashop/images/545709"
John West Rainbow Trout Smoked Fillets 115g,$5.30,$4.61/100g,"https://cdn.metcash.media/image/upload/f_auto,c_limit,w_300,q_auto/igashop/images/60181"
Dove Conditioner Serum Intensive Repair 180mL,$8.15,$4.53/100mL,"https://cdn.metcash.media/image/upload/f_auto,c_limit,w_300,q_auto/igashop/images/184493"
Whiskas Adult Wet Cat Food Jellymeat Loaf Can 400g,$2.10,$0.53/100g,"https://cdn.metcash.media/image/upload/f_auto,c_limit,w_300,q_auto/igashop/images/402820"
ViledaAnsell Super Protector Gloves Large,$3.90,N/A,"https://cdn.metcash.media/image/upload/f_auto,c_limit,w_300,q_auto/igashop/images/283593"
Heinz Spaghetti Extra Cheesy Sauce 300g,$2.90,$0.97/100g,"https://cdn.metcash.media/image/upload/f_auto,c_limit,w_300,q_auto/igashop/images/891244"
Mrs Mac's Microwave Beef Pie 175g,$4.00,$2.29/100g,"https://cdn.metcash.media/image/upload/f_auto,c_limit,w_300,q_auto/igashop/images/551938"
Whittaker's 62% Cocoa Dark Almond Chocolate Block 200g,$9.00,$4.50/100g,"https://cdn.metcash.media/image/upload/f_auto,c_limit,w_300,q_auto/igashop/images/160000013071"
Nestlé Reduced Cream Kiwi Dip 250mL,$4.98,$1.99/100mL,"https://cdn.metcash.media/image/upload/f_auto,c_limit,w_300,q_auto/igashop/images/190000004712"
Palmolive Dishwashing Liquid Ultra Original 400mL,$3.50,$0.88/100mL,"https://cdn.metcash.media/image/upload/f_auto,c_limit,w_300,q_auto/igashop/images/81289"
Dine Creamy Treats Tuna Selection 4 Pack,$4.00,$1.00 each,"https://cdn.metcash.media/image/upload/f_auto,c_limit,w_300,q_auto/igashop/images/974589"
Ridiculously Delicious Peanut Butter Bar Original 50g,$3.80,$7.60/100g,"https://cdn.metcash.media/image/upload/f_auto,c_limit,w_300,q_auto/igashop/images/5382"
Purina Total Care Classic Nylon Collar Large,$9.35,N/A,"https://cdn.metcash.media/image/upload/f_auto,c_limit,w_300,q_auto/igashop/images/685766"
Cadbury Milk Chocolate Coated Almonds 150g,$5.00,$3.33/100g,"https://cdn.metcash.media/image/upload/f_auto,c_limit,w_300,q_auto/igashop/images/1800000071696"
Purina Total Care Medicated Shampoo for Dogs 350mL,$17.00,$4.86/100mL,"https://cdn.metcash.media/image/upload/f_auto,c_limit,w_300,q_auto/igashop/images/392402"
Oreo Chocolate 128g,$2.00,$1.56/100g,"https://cdn.metcash.media/image/upload/f_auto,c_limit,w_300,q_auto/igashop/images/294955"
Rafferty's Garden Snack Blueberry Banana Apple 8 Pack,$4.50,$0.56 each,"https://cdn.metcash.media/image/upload/f_auto,c_limit,w_300,q_auto/igashop/images/393848"
Astra Scourer Scrub Heavy Duty 3 Pack,$2.25,$0.75 each,"https://cdn.metcash.media/image/upload/f_auto,c_limit,w_300,q_auto/igashop/images/369789"
MasterFoods Cloves Whole 20g,$3.50,$17.50/100g,"https://cdn.metcash.media/image/upload/f_auto,c_limit,w_300,q_auto/igashop/images/363490"
Smith's Tasty Mix 20 Pack,$8.00,$0.40 each,"https://cdn.metcash.media/image/upload/f_auto,c_limit,w_300,q_auto/igashop/images/150000007678"
Meiji Yan Yan Strawberry Biscuit 50g,$2.09,$4.18/100g,https://www.igashop.com.au/static/default-product-image.png
Ayam Pure Sesame Oil 210mL,$6.95,$3.31/100mL,"https://cdn.metcash.media/image/upload/f_auto,c_limit,w_300,q_auto/igashop/images/604896"
Northern Lights Smoked Salmon 100g,$10.20,$10.20/100g,"https://cdn.metcash.media/image/upload/f_auto,c_limit,w_300,q_auto/igashop/images/20000001533"
Laucke Spelt Bread Mix 1kg,$7.25,$7.25/kg,"https://cdn.metcash.media/image/upload/f_auto,c_limit,w_300,q_auto/igashop/images/778250"
Gillette PURE Shaving Gel for Men 170g,$10.00,$5.88/100g,"https://cdn.metcash.media/image/upload/f_auto,c_limit,w_300,q_auto/igashop/images/929348"
Raw C Chocolate Coconut Milk 1L,$6.50,$6.50/1L,"https://cdn.metcash.media/image/upload/f_auto,c_limit,w_300,q_auto/igashop/images/6046"
Lemnos Fetta Cheese Traditional 2 Pack,$7.30,$3.65 each,"https://cdn.metcash.media/image/upload/f_auto,c_limit,w_300,q_auto/igashop/images/597638"
Yates Dynamic Lifter Plant Food 2.5kg,$15.60,$6.24/kg,"https://cdn.metcash.media/image/upload/f_auto,c_limit,w_300,q_auto/igashop/images/204939"
Penfield Olives Extra Virgin Olive Oil 500mL,$17.50,$3.50/100mL,"https://cdn.metcash.media/image/upload/f_auto,c_limit,w_300,q_auto/igashop/images/20000005371"
Quilton Classic White Toilet Tissue 9 Pack,$6.50,$0.72 each,"https://cdn.metcash.media/image/upload/f_auto,c_limit,w_300,q_auto/igashop/images/431112"
Bellamy's Organic Pear & Apple 20g,$3.95,$19.75/100g,"https://cdn.metcash.media/image/upload/f_auto,c_limit,w_300,q_auto/igashop/images/396074"
Primo Reserve Hungarian Salami 80g,$5.80,$7.25/100g,"https://cdn.metcash.media/image/upload/f_auto,c_limit,w_300,q_auto/igashop/images/180000004935"
Country Delight Raspberry Tarts 4 Pack,$3.00,$0.75 each,"https://cdn.metcash.media/image/upload/f_auto,c_limit,w_300,q_auto/igashop/images/441476"
Earth Choice Antibacterial All Purpose 600mL,$4.00,$0.67/100mL,"https://cdn.metcash.media/image/upload/f_auto,c_limit,w_300,q_auto/igashop/images/170000003974"
Maui Moisture Curl Quench + Coconut Oil Shampoo 385mL,$26.00,$6.75/100mL,"https://cdn.metcash.media/image/upload/f_auto,c_limit,w_300,q_auto/igashop/images/160000002555"
Aeroplane Jelly Reduced Sugar Strawberry 85g,$1.65,$1.94/100g,"https://cdn.metcash.media/image/upload/f_auto,c_limit,w_300,q_auto/igashop/images/16000001497"
Musashi High Protein Bar Cookies & Cream 90g,$6.90,$7.67/100g,"https://cdn.metcash.media/image/upload/f_auto,c_limit,w_300,q_auto/igashop/images/103748"
SodaKING Raspberry Syrup 250mL,$3.60,$1.44/100mL,"https://cdn.metcash.media/image/upload/f_auto,c_limit,w_300,q_auto/igashop/images/160000012313"
My Muscle Chef Protein Crisp Bar Raspberry & White Chocolate 50g,$5.50,$11.00/100g,"https://cdn.metcash.media/image/upload/f_auto,c_limit,w_300,q_auto/igashop/images/574237"
Flora Margarine Spread Light 500g,$4.50,$0.90/100g,"https://cdn.metcash.media/image/upload/f_auto,c_limit,w_300,q_auto/igashop/images/160000011649"
Yates Tomato & Veg Dust 500g,$13.80,$2.76/100g,"https://cdn.metcash.media/image/upload/f_auto,c_limit,w_300,q_auto/igashop/images/635884"
Masterfoods Herbs And Spices Oregano Leaves 26g,$6.50,$25.00/100g,"https://cdn.metcash.media/image/upload/f_auto,c_limit,w_300,q_auto/igashop/images/180000005697"
Farmers Union Yoghurt Honey 950g,$6.95,$0.73/100g,"https://cdn.metcash.media/image/upload/f_auto,c_limit,w_300,q_auto/igashop/images/550411"
Will Studd Brillat-Savarin Affine 200g,$27.00,$13.50/100g,"https://cdn.metcash.media/image/upload/f_auto,c_limit,w_300,q_auto/igashop/images/160000013780"
Aerogard Insect Repellent Tropical Strength 20% Free 300g,$13.45,$4.48/100g,"https://cdn.metcash.media/image/upload/f_auto,c_limit,w_300,q_auto/igashop/images/12298"
Perfect Italiano 4 Cheese Melt Grated Cheese 150g,$4.00,$2.67/100g,"https://cdn.metcash.media/image/upload/f_auto,c_limit,w_300,q_auto/igashop/images/937731"
Ben & Jerry's Ice Cream Chocolate Fudge Brownie 458mL,$14.50,$3.17/100mL,"https://cdn.metcash.media/image/upload/f_auto,c_limit,w_300,q_auto/igashop/images/268108"
Palmolive Naturals Shea Butter Body Wash With Moisturising Milk 1L,$12.00,$12.00/1L,"https://cdn.metcash.media/image/upload/f_auto,c_limit,w_300,q_auto/igashop/images/321312"
Global Seafoods Gourmet Ready Prawns Cooked & Peeled 300g,$12.40,$4.13/100g,"https://cdn.metcash.media/image/upload/f_auto,c_limit,w_300,q_auto/igashop/images/102718"
Dine Pulled Menu Gravy Indulgence Chicken 85g,$12.00,$14.12/100g,https://www.igashop.com.au/static/default-product-image.png
Uncle Tobys Plus Iron 710g,$8.80,$1.24/100g,"https://cdn.metcash.media/image/upload/f_auto,c_limit,w_300,q_auto/igashop/images/775820"
Whiskas 1+ Years Favourites Tuna In Jelly Wet Cat Food Pouch 12 Pack,$10.40,$0.87 each,"https://cdn.metcash.media/image/upload/f_auto,c_limit,w_300,q_auto/igashop/images/845950"
Arnott's Malt O' Milk 250g,$2.90,$1.16/100g,"https://cdn.metcash.media/image/upload/f_auto,c_limit,w_300,q_auto/igashop/images/344373"
BIC Kids Colouring Pencils 12 Pack,$2.75,$0.23 each,"https://cdn.metcash.media/image/upload/f_auto,c_limit,w_300,q_auto/igashop/images/735079"
Masterfoods Herbs And Spices Onion Powder 44g,$3.50,$7.95/100g,"https://cdn.metcash.media/image/upload/f_auto,c_limit,w_300,q_auto/igashop/images/180000005703"
Organic Care Naturals Normal Balance Shampoo 725mL,$5.95,$0.82/100mL,"https://cdn.metcash.media/image/upload/f_auto,c_limit,w_300,q_auto/igashop/images/34119"
TRESemmé Shampoo Silky Brunette 500mL,$17.00,$3.40/100mL,"https://cdn.metcash.media/image/upload/f_auto,c_limit,w_300,q_auto/igashop/images/177108"
Health Lab Holy Hazelnut Ball Nut Butter Filled Balls 3 Pack,$10.50,$3.50 each,"https://cdn.metcash.media/image/upload/f_auto,c_limit,w_300,q_auto/igashop/images/190000001840"
Atkins Chocolate Caramel Nut Roll 5 Pack,$19.00,$3.80 each,"https://cdn.metcash.media/image/upload/f_auto,c_limit,w_300,q_auto/igashop/images/590259"
Arnott's Shapes Fully Loaded Flame Grilled Chicken 130g,$4.00,$3.08/100g,"https://cdn.metcash.media/image/upload/f_auto,c_limit,w_300,q_auto/igashop/images/681495"
Eeeeet Apricot Easter Egg Jam Drops 200g,$5.40,$2.70/100g,https://www.igashop.com.au/static/default-product-image.png
SPC Pears Sliced in Juice 825g,$5.30,$0.64/100g,"https://cdn.metcash.media/image/upload/f_auto,c_limit,w_300,q_auto/igashop/images/486010"
Tabasco Chilli Sauce Buffalo 256mL,$6.00,$2.34/100mL,"https://cdn.metcash.media/image/upload/f_auto,c_limit,w_300,q_auto/igashop/images/1800000068731"
Multix Sandwich Bag Reusable 3 Pack,$4.15,$1.38 each,"https://cdn.metcash.media/image/upload/f_auto,c_limit,w_300,q_auto/igashop/images/676770"
Sonoma Hot Cross Fruit Buns 320g,$6.50,$2.03/100g,https://www.igashop.com.au/static/default-product-image.png
Kirks Club Dry Ginger Ale Bottle 1.25L,$1.95,$1.56/1L,"https://cdn.metcash.media/image/upload/f_auto,c_limit,w_300,q_auto/igashop/images/307795"
The Goods Chicken Bone Broth 400mL,$10.50,$2.63/100mL,"https://cdn.metcash.media/image/upload/f_auto,c_limit,w_300,q_auto/igashop/images/894747"
Nestlé Reduced Fat Cream 230mL,$4.00,$1.74/100mL,"https://cdn.metcash.media/image/upload/f_auto,c_limit,w_300,q_auto/igashop/images/190000002920"
Barossa Fine Foods Smoked Turkey 100g,$7.50,$7.50/100g,"https://cdn.metcash.media/image/upload/f_auto,c_limit,w_300,q_auto/igashop/images/660685"
Rokeby Protein Smoothie Choc Honeycomb 425mL,$4.40,$1.04/100mL,"https://cdn.metcash.media/image/upload/f_auto,c_limit,w_300,q_auto/igashop/images/180000000296"
Raid Multi Purpose Insect Killer One Shot Odourless 220g,$7.05,$3.20/100g,"https://cdn.metcash.media/image/upload/f_auto,c_limit,w_300,q_auto/igashop/images/57434"
Mortein NaturGard Fly & Mosquito Killer Eucalyptus Scent 320g,$5.75,$1.80/100g,"https://cdn.metcash.media/image/upload/f_auto,c_limit,w_300,q_auto/igashop/images/280613"
Blue Ribbon Delicious Duos Frozen Dessert Chocolate Affair 2L,$10.00,$5.00/1L,"https://cdn.metcash.media/image/upload/f_auto,c_limit,w_300,q_auto/igashop/images/976866"
Gravox Gravy Mix Traditional 425g,$6.00,$1.41/100g,"https://cdn.metcash.media/image/upload/f_auto,c_limit,w_300,q_auto/igashop/images/473392"
LifeStyles Bliss Massage Roller 120mL,$12.00,$10.00/100mL,"https://cdn.metcash.media/image/upload/f_auto,c_limit,w_300,q_auto/igashop/images/166445"
Chobani Yoghurt Fit X Vanilla Cookie Crush 140g,$3.00,$2.14/100g,"https://cdn.metcash.media/image/upload/f_auto,c_limit,w_300,q_auto/igashop/images/180000000042"
Purina Fancy Feast Classic Chicken Feast 85g,$1.60,$1.88/100g,"https://cdn.metcash.media/image/upload/f_auto,c_limit,w_300,q_auto/igashop/images/580393"
Colgate Optic White High Impact Teeth Whitening Toothpaste 85g,$10.00,$11.76/100g,"https://cdn.metcash.media/image/upload/f_auto,c_limit,w_300,q_auto/igashop/images/600067"
Steggles Chicken Crumbed Nuggets 1kg,$13.50,$13.50/kg,"https://cdn.metcash.media/image/upload/f_auto,c_limit,w_300,q_auto/igashop/images/945792"
Baked Provisions Ham & Cheese Quiche 360g,$8.50,$2.36/100g,https://www.igashop.com.au/static/default-product-image.png
MILKLAB Oat 250mL,$2.05,$8.20/1L,"https://cdn.metcash.media/image/upload/f_auto,c_limit,w_300,q_auto/igashop/images/278357"
Community Co Gluten Free Triple Choc Brownies 180g,$6.40,$3.56/100g,"https://cdn.metcash.media/image/upload/f_auto,c_limit,w_300,q_auto/igashop/images/439929"
Purina Fancy Feast Adult Pet Food Petite Delights Chicken 50g,$1.05,$2.10/100g,"https://cdn.metcash.media/image/upload/f_auto,c_limit,w_300,q_auto/igashop/images/189244"
Prime100 Kangaroo & Potato Dog Roll 2kg,$20.95,$10.48/kg,"https://cdn.metcash.media/image/upload/f_auto,c_limit,w_300,q_auto/igashop/images/20000002880"
Solo Zero Sugar Lemon & Pineapple Soft Drink 10 Pack,$19.00,$1.90 each,"https://cdn.metcash.media/image/upload/f_auto,c_limit,w_300,q_auto/igashop/images/180000005486"
Four 'N Twenty Meat Pies 4 Pack,$8.00,$2.00 each,"https://cdn.metcash.media/image/upload/f_auto,c_limit,w_300,q_auto/igashop/images/106709"
Peters Light & Creamy Classic Vanilla Ice Cream 1.8L,$6.50,$3.61/1L,"https://cdn.metcash.media/image/upload/f_auto,c_limit,w_300,q_auto/igashop/images/103489"
Smith's Original Crinkle Cut Potato Chips 170g,$3.75,$2.21/100g,"https://cdn.metcash.media/image/upload/f_auto,c_limit,w_300,q_auto/igashop/images/298946"
Deep Heat Lower Back Belt & Hip,$10.00,N/A,"https://cdn.metcash.media/image/upload/f_auto,c_limit,w_300,q_auto/igashop/images/795964"
Dilmah Ceylon Chai Spice Tea Bag 20 Pack,$5.30,$0.27 each,"https://cdn.metcash.media/image/upload/f_auto,c_limit,w_300,q_auto/igashop/images/935292"
Parmasean 1kg,Final cost based on weight,$69.99/$69.99,"https://cdn.metcash.media/image/upload/f_auto,c_limit,w_300,q_auto/igashop/images/80072132"
Schweppes Dry Ginger Ale 4 Pack,$3.50,$0.88 each,"https://cdn.metcash.media/image/upload/f_auto,c_limit,w_300,q_auto/igashop/images/302591"
Sirena Ready To Eat Meal Vegetarian Napoli Pasta 190g,$4.30,$2.26/100g,"https://cdn.metcash.media/image/upload/f_auto,c_limit,w_300,q_auto/igashop/images/383173"
Fairy Platinum All In One Lemon Automatic Dishwasher Tablets 52 Pack,$37.00,$0.71 each,"https://cdn.metcash.media/image/upload/f_auto,c_limit,w_300,q_auto/igashop/images/170000004446"
Dove Antiperspirant Aerosol Fresh 250mL,$9.50,$3.80/100mL,https://www.igashop.com.au/static/default-product-image.png
Ashgrove Beer Lovers Cheese Selection 250g,$17.50,$7.00/100g,"https://cdn.metcash.media/image/upload/f_auto,c_limit,w_300,q_auto/igashop/images/160000018078"
Mr Basil Kiwi 290mL,$3.40,$1.17/100mL,"https://cdn.metcash.media/image/upload/f_auto,c_limit,w_300,q_auto/igashop/images/180000000371"
Lynx Men Antiperspirant Roll On Deodorant Black 50mL,$4.50,$9.00/100mL,"https://cdn.metcash.media/image/upload/f_auto,c_limit,w_300,q_auto/igashop/images/292547"
Willow Vale Gourmet Food Co. Lemon Myrtle Olive Oil 250mL,$15.95,$6.38/100mL,"https://cdn.metcash.media/image/upload/f_auto,c_limit,w_300,q_auto/igashop/images/190000002287"
Undivided Food Co. Good Bones Organic Chicken Bone Broth 500g,$14.00,$2.80/100g,"https://cdn.metcash.media/image/upload/f_auto,c_limit,w_300,q_auto/igashop/images/160000013661"
Fantastic Cup Noodles Crispy Bacon 70g,$2.50,$3.57/100g,"https://cdn.metcash.media/image/upload/f_auto,c_limit,w_300,q_auto/igashop/images/328945"
Pauls Zymil Low Fat Longlife Milk 1L,$3.00,$3.00/1L,"https://cdn.metcash.media/image/upload/f_auto,c_limit,w_300,q_auto/igashop/images/937265"
OC Kids 3in1 Conditioning Shampoo & Body Wash Fruit Blast 400mL,$3.60,$0.90/100mL,"https://cdn.metcash.media/image/upload/f_auto,c_limit,w_300,q_auto/igashop/images/52507"
Cadbury Milk Chocolate Coated Peanuts and Raspberry Bites 280g,$9.00,$3.21/100g,"https://cdn.metcash.media/image/upload/f_auto,c_limit,w_300,q_auto/igashop/images/180000002382"
Maffra Mature Cheddar 150g,$8.00,$5.33/100g,"https://cdn.metcash.media/image/upload/f_auto,c_limit,w_300,q_auto/igashop/images/900483"
Felix Sensations Cat Food Favourites Menu 12 Pack,$10.00,$0.83 each,"https://cdn.metcash.media/image/upload/f_auto,c_limit,w_300,q_auto/igashop/images/630313"
Community Co For U Pad Ultra Thin 10 Pack,$2.75,$0.28 each,"https://cdn.metcash.media/image/upload/f_auto,c_limit,w_300,q_auto/igashop/images/1800000068462"
Jen's Traditional Anzac Biscuits 300g,$10.50,$3.50/100g,https://www.igashop.com.au/static/default-product-image.png
GARNIER Fructis Full & Luscious Shampoo 315mL,$8.00,$2.54/100mL,"https://cdn.metcash.media/image/upload/f_auto,c_limit,w_300,q_auto/igashop/images/271826"
Frantelle Still Spring Water 24 Pack,$12.00,$0.50 each,"https://cdn.metcash.media/image/upload/f_auto,c_limit,w_300,q_auto/igashop/images/7829"
Oral-B Pro-Health Advanced All Around Protection Toothpaste 110g,$6.00,$5.45/100g,"https://cdn.metcash.media/image/upload/f_auto,c_limit,w_300,q_auto/igashop/images/160000001779"
Fab Fresh Blossoms Liquid Laundry Washing Detergent 2L,$9.00,$4.50/1L,"https://cdn.metcash.media/image/upload/f_auto,c_limit,w_300,q_auto/igashop/images/826773"
GAIA Baby Hair & Body Wash 500mL,$16.99,$3.40/100mL,"https://cdn.metcash.media/image/upload/f_auto,c_limit,w_300,q_auto/igashop/images/999377"
Red Grapes Cluster 700g,Final cost based on weight,$4.55/$6.50,"https://cdn.metcash.media/image/upload/f_auto,c_limit,w_300,q_auto/igashop/images/80060075"
Darrell Lea Life Savers Fruit Tingles & Raspberry Jellies Milk Chocolate Block 160g,$5.75,$3.59/100g,"https://cdn.metcash.media/image/upload/f_auto,c_limit,w_300,q_auto/igashop/images/490205"
Spice & Co Madras Curry Spice Mix 45g,$3.75,$8.33/100g,"https://cdn.metcash.media/image/upload/f_auto,c_limit,w_300,q_auto/igashop/images/190000002397"
Belladotti Garlic & Zucchini Salad Topper 120g,$3.99,$3.33/100g,https://www.igashop.com.au/static/default-product-image.png
Dettol Healthy Touch Liquid Antibacterial Instant Hand Sanitiser 200mL,$9.20,$4.60/100mL,"https://cdn.metcash.media/image/upload/f_auto,c_limit,w_300,q_auto/igashop/images/170000003453"
Pukara Estate Caramelised Balsamic Vinegar 250mL,$24.50,$9.80/100mL,"https://cdn.metcash.media/image/upload/f_auto,c_limit,w_300,q_auto/igashop/images/150000007682"
Sfoglia D'Oro Marina Biscuit 225g,$7.95,$3.53/100g,https://www.igashop.com.au/static/default-product-image.png
Maille L'Original Cornichons Gherkin 400g,$7.20,$1.80/100g,"https://cdn.metcash.media/image/upload/f_auto,c_limit,w_300,q_auto/igashop/images/20000003075"
On The Menu Power Bowl Slow Cooked Lamb In Red Wine 450g,$7.50,$1.67/100g,"https://cdn.metcash.media/image/upload/f_auto,c_limit,w_300,q_auto/igashop/images/492676"
Black & Gold Cream Cheese 250g,$2.60,$1.04/100g,"https://cdn.metcash.media/image/upload/f_auto,c_limit,w_300,q_auto/igashop/images/155504"
DJ&A Broccoli Florets 25g,$3.40,$13.60/100g,"https://cdn.metcash.media/image/upload/f_auto,c_limit,w_300,q_auto/igashop/images/160000013290"
Beerenberg Tomato Chutney 260g,$6.45,$2.48/100g,"https://cdn.metcash.media/image/upload/f_auto,c_limit,w_300,q_auto/igashop/images/930629"
BabyBoo Nappy Bags 200 Pack,$3.20,$0.02 each,https://www.igashop.com.au/static/default-product-image.png
Dynamo Professional Oxiplus Laundry Detergent Liquid 2L,$14.50,$7.25/1L,"https://cdn.metcash.media/image/upload/f_auto,c_limit,w_300,q_auto/igashop/images/351163"
Pauls Butterscotch Custard 1kg,$2.00,$2.00/kg,"https://cdn.metcash.media/image/upload/f_auto,c_limit,w_300,q_auto/igashop/images/178125"
New Chinese Garden Sweet & Sour Pork Gluten Free 490g,$13.50,$2.76/100g,"https://cdn.metcash.media/image/upload/f_auto,c_limit,w_300,q_auto/igashop/images/20000005927"
Yes You Can Pizza & Focaccia Bread Mix 320g,$6.20,$1.94/100g,"https://cdn.metcash.media/image/upload/f_auto,c_limit,w_300,q_auto/igashop/images/160000017874"
Rokeby Protein Smoothie Double Espresso 425mL,$4.40,$1.04/100mL,"https://cdn.metcash.media/image/upload/f_auto,c_limit,w_300,q_auto/igashop/images/2113"
Darrell Lea Milk Chocolate Orange Crunch BBs 152g,$3.00,$1.97/100g,https://www.igashop.com.au/static/default-product-image.png
Birds Eye Cauliflower Rice 500g,$4.40,$0.88/100g,"https://cdn.metcash.media/image/upload/f_auto,c_limit,w_300,q_auto/igashop/images/128138"
Goodnessme Fruit Sticks Strawberry & Blueberry 120g,$6.00,$5.00/100g,"https://cdn.metcash.media/image/upload/f_auto,c_limit,w_300,q_auto/igashop/images/641416"
Cadbury Freddo Strawberry Chocolate 15g,$0.65,$4.33/100g,"https://cdn.metcash.media/image/upload/f_auto,c_limit,w_300,q_auto/igashop/images/398270"
Pana Organic Boysenberry & Cheesecake Dairy Free Frozen Dessert Tub 475mL,$11.99,$2.52/100mL,"https://cdn.metcash.media/image/upload/f_auto,c_limit,w_300,q_auto/igashop/images/190000001269"
Pepsi Cola Soda Bottle 600mL,$3.50,$0.58/100mL,"https://cdn.metcash.media/image/upload/f_auto,c_limit,w_300,q_auto/igashop/images/407626"
Cheezels Original Cheese 190g,$4.00,$2.11/100g,"https://cdn.metcash.media/image/upload/f_auto,c_limit,w_300,q_auto/igashop/images/338021"
Twinings French Earl Grey Tea Bags 80 Pack,$13.50,$0.17 each,"https://cdn.metcash.media/image/upload/f_auto,c_limit,w_300,q_auto/igashop/images/229874"
Mainland Tasty Cheddar Cheese 250g,$7.00,$2.80/100g,"https://cdn.metcash.media/image/upload/f_auto,c_limit,w_300,q_auto/igashop/images/182218_1"
Ausfresh Australian Marinated Feta Cheese 300g,$7.15,$2.38/100g,https://www.igashop.com.au/static/default-product-image.png
Maggie Beer Fig Vino Cotto 250mL,$26.95,$10.78/100mL,"https://cdn.metcash.media/image/upload/f_auto,c_limit,w_300,q_auto/igashop/images/876338"
Norco Cape Byron Cookie Dough 4 Pack,$12.50,$3.13 each,"https://cdn.metcash.media/image/upload/f_auto,c_limit,w_300,q_auto/igashop/images/1800000067745"
Forager Fruits Apple & Blackcurrant 20g,$4.65,$23.25/100g,https://www.igashop.com.au/static/default-product-image.png
Vanish Preen Gold Carpet Cleaner 3 In 1 410mL,$11.50,$2.80/100mL,"https://cdn.metcash.media/image/upload/f_auto,c_limit,w_300,q_auto/igashop/images/160000014014"
Cancer Council SPF 50 Sunscreen Ultra 75mL,$11.00,$14.67/100mL,"https://cdn.metcash.media/image/upload/f_auto,c_limit,w_300,q_auto/igashop/images/397135"
Darlac Tool Sabre Tooth Folding Saw,$24.95,N/A,"https://cdn.metcash.media/image/upload/f_auto,c_limit,w_300,q_auto/igashop/images/874263"
Cottee's Cordial Orange Cordial 1L,$5.50,$5.50/1L,"https://cdn.metcash.media/image/upload/f_auto,c_limit,w_300,q_auto/igashop/images/624121"
Vegemite Squeezy 350g,$6.20,$1.77/100g,"https://cdn.metcash.media/image/upload/f_auto,c_limit,w_300,q_auto/igashop/images/9376"
Optimum Natural Defences Wet Cat Food Chicken Chunks In Jelly 85g,$2.10,$2.47/100g,"https://cdn.metcash.media/image/upload/f_auto,c_limit,w_300,q_auto/igashop/images/804072"
Frantelle Still Water 12 Pack,$9.15,$0.76 each,"https://cdn.metcash.media/image/upload/f_auto,c_limit,w_300,q_auto/igashop/images/68668"
Simson's Pantry Wraps Wholemeal 210g,$5.50,$2.62/100g,https://www.igashop.com.au/static/default-product-image.png
Baked Provisions Steak Curry Pie 440g,$8.50,$1.93/100g,"https://cdn.metcash.media/image/upload/f_auto,c_limit,w_300,q_auto/igashop/images/1800000068796"
Colgate 360° Optic White Power toothbrush Medium with vibrating & polishing bristles,$9.00,N/A,"https://cdn.metcash.media/image/upload/f_auto,c_limit,w_300,q_auto/igashop/images/87837"
Decor Thermoglass Baking Dish Realseal 3L,$19.95,N/A,"https://cdn.metcash.media/image/upload/f_auto,c_limit,w_300,q_auto/igashop/images/220582"
Kellogg's Nutri-Grain Vanilla Malt 25% Less Sugar 450g,$9.00,$2.00/100g,"https://cdn.metcash.media/image/upload/f_auto,c_limit,w_300,q_auto/igashop/images/273501"
Trolli Candy Britecrawlers 500g,$10.00,$2.00/100g,https://www.igashop.com.au/static/default-product-image.png
F. Whitlock & Sons Yakitori Style Marinade 400mL,$4.70,$1.18/100mL,"https://cdn.metcash.media/image/upload/f_auto,c_limit,w_300,q_auto/igashop/images/160000012245"
Yarra Valley Hilltop Heritage Strawberry Conserve 300g,$5.60,$1.87/100g,https://www.igashop.com.au/static/default-product-image.png
Dencorub Gels Extra Strength Heat 100g,$6.00,$6.00/100g,"https://cdn.metcash.media/image/upload/f_auto,c_limit,w_300,q_auto/igashop/images/390528_1"
Lucia's Tomato and Fresh Basil Sauce 500g,$9.95,$1.99/100g,"https://cdn.metcash.media/image/upload/f_auto,c_limit,w_300,q_auto/igashop/images/160000012475"
Long Rays Original Soda 275mL,$11.95,$43.45/1L,https://www.igashop.com.au/static/default-product-image.png
Kingland Variety Selection Soy Yoghurt 4 Pack,$8.53,$2.13 each,"https://cdn.metcash.media/image/upload/f_auto,c_limit,w_300,q_auto/igashop/images/923135"
Extra White Spearmint 27g,$2.50,$9.26/100g,"https://cdn.metcash.media/image/upload/f_auto,c_limit,w_300,q_auto/igashop/images/495941"
Nescafe Coffee Mixer Sachets Cappuccino 10 Pack,$7.60,$0.76 each,"https://cdn.metcash.media/image/upload/f_auto,c_limit,w_300,q_auto/igashop/images/05011546451466_C1N1"
Powerade Berry Ice Zero Sports Drink Sipper Cap 600mL,$2.70,$0.45/100mL,"https://cdn.metcash.media/image/upload/f_auto,c_limit,w_300,q_auto/igashop/images/339145_1"
McCormick Slow Cookers Beef & Red Wine 40g,$1.80,$4.50/100g,"https://cdn.metcash.media/image/upload/f_auto,c_limit,w_300,q_auto/igashop/images/190000002888"
Hellmann's Real Mayo Jar Real Mayonnaise 400g,$5.50,$1.38/100g,"https://cdn.metcash.media/image/upload/f_auto,c_limit,w_300,q_auto/igashop/images/190000002244"
Gatorade Fast Twitch Strawberry Lemonade Energy 350mL,$4.20,$1.20/100mL,https://www.igashop.com.au/static/default-product-image.png
Supercoat Adult Dog Food Large Breed 7.5kg,$25.00,$3.33/kg,"https://cdn.metcash.media/image/upload/f_auto,c_limit,w_300,q_auto/igashop/images/656806"
Woodside Lemon Myrtle Chevre 150g,$12.90,$8.60/100g,"https://cdn.metcash.media/image/upload/f_auto,c_limit,w_300,q_auto/igashop/images/447891"
Palmolive Naturals Liquid Hand Wash Soap Aloe Vera & Chamomile with Moisturising Milk Refill & Save Recyclable 1L,$6.00,$6.00/1L,"https://cdn.metcash.media/image/upload/f_auto,c_limit,w_300,q_auto/igashop/images/317826"
Cobs Natural Popcorn Sweet & Salty Multipack 5 Pack,$3.50,$0.70 each,"https://cdn.metcash.media/image/upload/f_auto,c_limit,w_300,q_auto/igashop/images/190000003921"
Kids Smart Vita Gummies Omega-3 Fish Oil 60 Pack,$16.50,$0.28 each,"https://cdn.metcash.media/image/upload/f_auto,c_limit,w_300,q_auto/igashop/images/160000001586"
Suprima Grab & Go Cinnamon Scrolls 105g,$3.55,$3.38/100g,https://www.igashop.com.au/static/default-product-image.png
Your Bakery Rocky Road Slices 6 Pack,$7.45,$1.24 each,https://www.igashop.com.au/static/default-product-image.png
Big Lou's Donuts Biscoff Filled 200g,$6.00,$3.00/100g,https://www.igashop.com.au/static/default-product-image.png
Optimum Healthy Weight Wet Cat Food with Chicken Chunks In Jelly 12 Pack,$17.90,$1.49 each,"https://cdn.metcash.media/image/upload/f_auto,c_limit,w_300,q_auto/igashop/images/413101_1"
Leggo's Tomato Paste Sachets No Added Salt 200g,$3.20,$1.60/100g,"https://cdn.metcash.media/image/upload/f_auto,c_limit,w_300,q_auto/igashop/images/11043"
Cottee's Marmalade Ginger 375g,$3.50,$0.93/100g,"https://cdn.metcash.media/image/upload/f_auto,c_limit,w_300,q_auto/igashop/images/267000"
Breaka Milk Iced Coffee 500mL,$3.10,$0.62/100mL,"https://cdn.metcash.media/image/upload/f_auto,c_limit,w_300,q_auto/igashop/images/185779"
Vicks Kids Pops Berry 8 Pack,$9.90,$1.24 each,"https://cdn.metcash.media/image/upload/f_auto,c_limit,w_300,q_auto/igashop/images/180000005499"
"Sensodyne Repair & Protect Extra Fresh, Sensitive Toothpaste 100g",$12.30,$12.30/100g,"https://cdn.metcash.media/image/upload/f_auto,c_limit,w_300,q_auto/igashop/images/367025"
"Ivan's Spinach, Sundried Tomato and Feta Tart 800g",$29.95,$3.74/100g,"https://cdn.metcash.media/image/upload/f_auto,c_limit,w_300,q_auto/igashop/images/190000004896"
Black & Gold Guinea Pig & Rabbit Mix 3kg,$10.65,$3.55/kg,"https://cdn.metcash.media/image/upload/f_auto,c_limit,w_300,q_auto/igashop/images/346715"
MasterFoods Savoury Mince Recipe Base 175g,$2.70,$1.54/100g,"https://cdn.metcash.media/image/upload/f_auto,c_limit,w_300,q_auto/igashop/images/229578"
Sandhurst Sandwich Stackers 500g,$3.00,$0.60/100g,https://www.igashop.com.au/static/default-product-image.png
Herbal Essences Shampoo Hello Hydration 300mL,$6.00,$2.00/100mL,"https://cdn.metcash.media/image/upload/f_auto,c_limit,w_300,q_auto/igashop/images/499607"
San Remo Fresh Ravioli Beef Family Pack 625g,$10.20,$1.63/100g,"https://cdn.metcash.media/image/upload/f_auto,c_limit,w_300,q_auto/igashop/images/144082"
Heinz Tomato Sauce Ketchup 500mL,$4.50,$0.90/100mL,"https://cdn.metcash.media/image/upload/f_auto,c_limit,w_300,q_auto/igashop/images/475328"
Hershey's Kisses Chocolate Milk Chocolate 146g,$10.20,$6.99/100g,https://www.igashop.com.au/static/default-product-image.png
My Muscle Chef Creamy Beef Tortellini 415g,$11.95,$2.88/100g,https://www.igashop.com.au/static/default-product-image.png
Nutty Bay Classic Cashew Cheese 270g,$14.95,$5.54/100g,"https://cdn.metcash.media/image/upload/f_auto,c_limit,w_300,q_auto/igashop/images/160000013557"
Praise Mayonnaise Squeeze Garlic Aioli 470g,$7.00,$1.49/100g,"https://cdn.metcash.media/image/upload/f_auto,c_limit,w_300,q_auto/igashop/images/375345"
Bonox Beef Stock 230g,$5.30,$2.30/100g,"https://cdn.metcash.media/image/upload/f_auto,c_limit,w_300,q_auto/igashop/images/10047"
Purina Total Care Flea & Tick Control Plus For Medium Dogs 1.34mL,$15.40,"$1,149.25/100mL","https://cdn.metcash.media/image/upload/f_auto,c_limit,w_300,q_auto/igashop/images/160000002789"
Always Fresh Piquillo Peppers 285g,$3.70,$1.30/100g,"https://cdn.metcash.media/image/upload/f_auto,c_limit,w_300,q_auto/igashop/images/603620"
Only Organic Baby Food Coconut Banana & Acai Smoothie 100g,$2.85,$2.85/100g,https://www.igashop.com.au/static/default-product-image.png
Vanish NapiSan Oxi Action Powder Fabric Stain Remover & Whitener Crystal White 1kg,$10.50,$10.50/kg,"https://cdn.metcash.media/image/upload/f_auto,c_limit,w_300,q_auto/igashop/images/67992"
Raid Control Bombs 160g,$12.50,$7.81/100g,"https://cdn.metcash.media/image/upload/f_auto,c_limit,w_300,q_auto/igashop/images/444403"
Gillette Mach 3 Starter Pack H6 6 Pack,$37.50,$6.25 each,"https://cdn.metcash.media/image/upload/f_auto,c_limit,w_300,q_auto/igashop/images/252534"
Primo Reserve Mild Sopressa Salami Gouda Cheese & Water Cracker 45g,$4.50,$10.00/100g,"https://cdn.metcash.media/image/upload/f_auto,c_limit,w_300,q_auto/igashop/images/736143"
Samboy Potato Chips Max Atomic Tomato 150g,$5.00,$3.33/100g,https://www.igashop.com.au/static/default-product-image.png
Celebrate Health BBQ Sauce 430mL,$5.70,$1.33/100mL,"https://cdn.metcash.media/image/upload/f_auto,c_limit,w_300,q_auto/igashop/images/160928"
The Yoghurt Shop Vanilla Bean Greek Yoghurt 190g,$4.50,$2.37/100g,"https://cdn.metcash.media/image/upload/f_auto,c_limit,w_300,q_auto/igashop/images/560343"
Fountain Plum Sauce 250mL,$1.00,$0.40/100mL,"https://cdn.metcash.media/image/upload/f_auto,c_limit,w_300,q_auto/igashop/images/324577"
Nerada Organic Peppermint Tea 40 Pack,$6.00,$0.15 each,"https://cdn.metcash.media/image/upload/f_auto,c_limit,w_300,q_auto/igashop/images/3611"
Orgran Crispbread Corn 125g,$4.95,$3.96/100g,"https://cdn.metcash.media/image/upload/f_auto,c_limit,w_300,q_auto/igashop/images/20000005052"
Bisolvon Cough Syrup Duo 100mL,$16.05,$16.05/100mL,"https://cdn.metcash.media/image/upload/f_auto,c_limit,w_300,q_auto/igashop/images/796512"
My Life BioCheese Cheddar Flavour Slices 200g,$7.50,$3.75/100g,"https://cdn.metcash.media/image/upload/f_auto,c_limit,w_300,q_auto/igashop/images/160000002341"
Cadbury Cherry Ripe Sharepack 12 Pack,$5.00,$0.42 each,"https://cdn.metcash.media/image/upload/f_auto,c_limit,w_300,q_auto/igashop/images/307371"
Cadbury Humpty Dumpty Egg Gift Box 130g,$7.00,$5.38/100g,"https://cdn.metcash.media/image/upload/f_auto,c_limit,w_300,q_auto/igashop/images/104639"
Queen Pillar Box Red Food Colour 50mL,$1.20,$2.40/100mL,"https://cdn.metcash.media/image/upload/f_auto,c_limit,w_300,q_auto/igashop/images/467024"
Community Co Gluten Free Muffins Double Choc 160g,$4.00,$2.50/100g,"https://cdn.metcash.media/image/upload/f_auto,c_limit,w_300,q_auto/igashop/images/439893"
Redberry Ponytail Thick Large Elastics Black Brown 12 Pack,$3.49,$0.29 each,"https://cdn.metcash.media/image/upload/f_auto,c_limit,w_300,q_auto/igashop/images/248221"
Ardmona Rich & Thick Canned Tomatoes Garlic 410g,$2.50,$0.61/100g,"https://cdn.metcash.media/image/upload/f_auto,c_limit,w_300,q_auto/igashop/images/565741"
Nice & Natural Chocolate Nut Bars Salted Caramel 6 Pack,$5.50,$0.92 each,"https://cdn.metcash.media/image/upload/f_auto,c_limit,w_300,q_auto/igashop/images/160000013166"
TRESemmé Conditioner Botanique Restore & Shine 675mL,$13.00,$1.93/100mL,"https://cdn.metcash.media/image/upload/f_auto,c_limit,w_300,q_auto/igashop/images/809763"
Nestlé Milo 1.1kg,$18.25,$16.59/kg,"https://cdn.metcash.media/image/upload/f_auto,c_limit,w_300,q_auto/igashop/images/427265"
Carman's 5 Grain & Seed Granola Almond Vanilla & Cinnamon 450g,$8.90,$1.98/100g,"https://cdn.metcash.media/image/upload/f_auto,c_limit,w_300,q_auto/igashop/images/480069"
San Remo Filled Gnocchi Ricotta & Chives 400g,$5.40,$1.35/100g,https://www.igashop.com.au/static/default-product-image.png
Connoisseur Pistachio 1L,$9.00,$9.00/1L,"https://cdn.metcash.media/image/upload/f_auto,c_limit,w_300,q_auto/igashop/images/1800000068096"
Deep Spring Mineral Water Sparkling Drink Orange Mango Cans 6 Pack,$10.20,$1.70 each,"https://cdn.metcash.media/image/upload/f_auto,c_limit,w_300,q_auto/igashop/images/696665"
Kiddylicious Wafers Blueberry 16g,$3.50,$21.88/100g,"https://cdn.metcash.media/image/upload/f_auto,c_limit,w_300,q_auto/igashop/images/294565"
Primo Chicken Dippers with Mild Sweet Chilli Sauce 85g,$4.25,$5.00/100g,"https://cdn.metcash.media/image/upload/f_auto,c_limit,w_300,q_auto/igashop/images/150000000233"
Singer Sewing Machine Oil Multicoloured 100mL,$5.80,$5.80/100mL,"https://cdn.metcash.media/image/upload/f_auto,c_limit,w_300,q_auto/igashop/images/216180"
Birds Eye Fresh Caught Barramundi Original Crumb 270g,$12.50,$4.63/100g,"https://cdn.metcash.media/image/upload/f_auto,c_limit,w_300,q_auto/igashop/images/174100"
4Legs Angus Beef Meatballs 1.3kg,$8.50,$6.54/kg,"https://cdn.metcash.media/image/upload/f_auto,c_limit,w_300,q_auto/igashop/images/343152"
Latina Fresh Protein Pasta Tomato & Mozzarella 400g,$8.10,$2.03/100g,"https://cdn.metcash.media/image/upload/f_auto,c_limit,w_300,q_auto/igashop/images/180000004578"
M&M's Bubblegum Flavour Bag 160g,$5.00,$3.13/100g,"https://cdn.metcash.media/image/upload/f_auto,c_limit,w_300,q_auto/igashop/images/190000004722"
Black & Gold Household Wipes Roll 50 Pack,$4.80,$0.10 each,"https://cdn.metcash.media/image/upload/f_auto,c_limit,w_300,q_auto/igashop/images/315921"
Ofood Gochujang Hot Pepper Paste 170g,$2.80,$1.65/100g,https://www.igashop.com.au/static/default-product-image.png
Maggi Noodles 2 Minute Vegemite 325g,$5.00,$1.54/100g,"https://cdn.metcash.media/image/upload/f_auto,c_limit,w_300,q_auto/igashop/images/180000003098"
McCain Pub Style Broccoli Fries Broccoli 500g,$6.50,$1.30/100g,https://www.igashop.com.au/static/default-product-image.png
Maggi Culinary Airfryer Japanese Style 45g,$2.55,$5.67/100g,"https://cdn.metcash.media/image/upload/f_auto,c_limit,w_300,q_auto/igashop/images/679728"
Simply Clean Healthy Clean Bathroom Spray 500mL,$10.00,$2.00/100mL,"https://cdn.metcash.media/image/upload/f_auto,c_limit,w_300,q_auto/igashop/images/150000008098"
Voltaren Muscle And Back Pain Relief Emulgel 50g,$15.00,$30.00/100g,"https://cdn.metcash.media/image/upload/f_auto,c_limit,w_300,q_auto/igashop/images/978509"
Vegie Delights Plant Based Hot Dogs 300g,$6.75,$2.25/100g,"https://cdn.metcash.media/image/upload/f_auto,c_limit,w_300,q_auto/igashop/images/567882"
Bragg Organic Sprinkle Seasoning Herbs and Spices 42.5g,$15.95,$37.53/100g,"https://cdn.metcash.media/image/upload/f_auto,c_limit,w_300,q_auto/igashop/images/190000001498"
Ardmona Crushed Vine Ripened Tomatoes 810g,$3.90,$0.48/100g,"https://cdn.metcash.media/image/upload/f_auto,c_limit,w_300,q_auto/igashop/images/387224"
Mutti Sugo Napoletana Pasta Sauce 400g,$4.80,$1.20/100g,"https://cdn.metcash.media/image/upload/f_auto,c_limit,w_300,q_auto/igashop/images/578003"
Purina Total Care Allwormer & Flea Control Chew Medium Dogs,$23.00,N/A,"https://cdn.metcash.media/image/upload/f_auto,c_limit,w_300,q_auto/igashop/images/863204"
Continental Rice Fried 180g,$2.75,$1.53/100g,https://www.igashop.com.au/static/default-product-image.png
Kirks Olde Stoney Ginger Beer Soft Drink Bottle 1.25L,$2.85,$2.28/1L,"https://cdn.metcash.media/image/upload/f_auto,c_limit,w_300,q_auto/igashop/images/621539"
My Dog Jerky Real Beef Strips 100g,$8.00,$8.00/100g,https://www.igashop.com.au/static/default-product-image.png
Cleaver's Organic Beef Sausage 450g,$12.50,$2.78/100g,"https://cdn.metcash.media/image/upload/f_auto,c_limit,w_300,q_auto/igashop/images/920763"
Palmolive Naturals Bar Soap Balanced & Mild Chamomile Extracts 4 Pack,$5.00,$1.25 each,"https://cdn.metcash.media/image/upload/f_auto,c_limit,w_300,q_auto/igashop/images/350078"
L'Oreal Men Expert Hydra Energetic SPF15 Moisturiser 50mL,$20.00,$40.00/100mL,"https://cdn.metcash.media/image/upload/f_auto,c_limit,w_300,q_auto/igashop/images/254162"
Alula Advance+ Stage 1 Newborn Infant Formula 0-6 Months 800g,$33.65,$4.21/100g,"https://cdn.metcash.media/image/upload/f_auto,c_limit,w_300,q_auto/igashop/images/647080"
Youfoodz Fuel'd Choc Crunch High Protein Bar 70g,$5.00,$7.14/100g,"https://cdn.metcash.media/image/upload/f_auto,c_limit,w_300,q_auto/igashop/images/665957"
Cadbury Picnic Tub 1.2L,$10.00,$8.33/1L,"https://cdn.metcash.media/image/upload/f_auto,c_limit,w_300,q_auto/igashop/images/132572"
Bickford's Lime Cordial 750mL,$5.00,$0.67/100mL,"https://cdn.metcash.media/image/upload/f_auto,c_limit,w_300,q_auto/igashop/images/359598"
The Market Grocer Turkish Delight Choc 200g,$14.95,$7.48/100g,"https://cdn.metcash.media/image/upload/f_auto,c_limit,w_300,q_auto/igashop/images/4784"
Tandaco Coating Mix Fried Chicken 75g,$2.30,$3.07/100g,"https://cdn.metcash.media/image/upload/f_auto,c_limit,w_300,q_auto/igashop/images/36912"
Palmolive Ultra Strength Antibacterial Dishwashing Liquid Lemon 400mL,$3.50,$0.88/100mL,"https://cdn.metcash.media/image/upload/f_auto,c_limit,w_300,q_auto/igashop/images/81255"
Rafferty's Garden Fruit Snack Bar 12 Months+ Apple & Raspberry 128g,$4.50,$3.52/100g,"https://cdn.metcash.media/image/upload/f_auto,c_limit,w_300,q_auto/igashop/images/662831"
Greenies Original Dental Dog Treat 4 Pack,$15.20,$3.80 each,"https://cdn.metcash.media/image/upload/f_auto,c_limit,w_300,q_auto/igashop/images/945496"
Community Co Yoghurt Strawberry Pouch 70g,$0.80,$1.14/100g,"https://cdn.metcash.media/image/upload/f_auto,c_limit,w_300,q_auto/igashop/images/456565"
Community Co Light Rye Sourdough,$7.00,N/A,"https://cdn.metcash.media/image/upload/f_auto,c_limit,w_300,q_auto/igashop/images/190000010633"
V Guarana Energy Drink Original 4 Pack,$14.90,$3.73 each,"https://cdn.metcash.media/image/upload/f_auto,c_limit,w_300,q_auto/igashop/images/329072"
SodaStream Gas Cylinder 60L,$35.00,$0.58/1L,"https://cdn.metcash.media/image/upload/f_auto,c_limit,w_300,q_auto/igashop/images/150000007618"
Palmolive Ultra Strength Antibacterial Dishwashing Liquid Lemon 750mL,$4.00,$0.53/100mL,"https://cdn.metcash.media/image/upload/f_auto,c_limit,w_300,q_auto/igashop/images/14876"
Felix Adult Sensations Jellies Fish Selection Wet Cat Food 12 Pack,$10.00,$0.83 each,"https://cdn.metcash.media/image/upload/f_auto,c_limit,w_300,q_auto/igashop/images/630321"
Just Sweets Sour Worms 170g,$5.95,$3.50/100g,"https://cdn.metcash.media/image/upload/f_auto,c_limit,w_300,q_auto/igashop/images/190000005042"
Maggie Beer's Natural Vegetable Stock 1L,$9.30,$9.30/1L,"https://cdn.metcash.media/image/upload/f_auto,c_limit,w_300,q_auto/igashop/images/645232"
San Remo Gluten Free Penne 350g,$4.65,$1.33/100g,"https://cdn.metcash.media/image/upload/f_auto,c_limit,w_300,q_auto/igashop/images/903038"
Marinated Feta 1kg,Final cost based on weight,$17.99/$17.99,"https://cdn.metcash.media/image/upload/f_auto,c_limit,w_300,q_auto/igashop/images/80072055"
Sprite Lemonade Soft Drink Multipack Mini Cans 6 Pack,$6.00,$1.00 each,"https://cdn.metcash.media/image/upload/f_auto,c_limit,w_300,q_auto/igashop/images/673031"
Nerada Loose Leaf Tea 250g,$3.60,$1.44/100g,"https://cdn.metcash.media/image/upload/f_auto,c_limit,w_300,q_auto/igashop/images/180000000156"
Only Organic Banana Berry Yogurt 120g,$2.15,$1.79/100g,"https://cdn.metcash.media/image/upload/f_auto,c_limit,w_300,q_auto/igashop/images/391252"
Brasilia Coffee Beans Italian Espresso 500g,$14.00,$2.80/100g,"https://cdn.metcash.media/image/upload/f_auto,c_limit,w_300,q_auto/igashop/images/63011"
Fruity Burst Batman Apple 250g,$2.85,$1.14/100g,"https://cdn.metcash.media/image/upload/f_auto,c_limit,w_300,q_auto/igashop/images/20000002259"
Willow Vale Gourmet Food Co. Blood Orange Olive Oil 250mL,$15.50,$6.20/100mL,"https://cdn.metcash.media/image/upload/f_auto,c_limit,w_300,q_auto/igashop/images/190000002290"
Kellogg's LCMs Treatz Choc 130g,$6.00,$4.62/100g,"https://cdn.metcash.media/image/upload/f_auto,c_limit,w_300,q_auto/igashop/images/638324"
Cadbury Baking Dark Chocolate 70% Cacao 180g,$6.00,$3.33/100g,"https://cdn.metcash.media/image/upload/f_auto,c_limit,w_300,q_auto/igashop/images/454791"
Aunty Kath's 100s & 1000s Cookie Dough 450g,$7.65,$1.70/100g,"https://cdn.metcash.media/image/upload/f_auto,c_limit,w_300,q_auto/igashop/images/228852"
Dettol Anti-Bacterial Liquid Handwash Grapefruit 500mL,$4.50,$0.90/100mL,"https://cdn.metcash.media/image/upload/f_auto,c_limit,w_300,q_auto/igashop/images/233124"
Cheer Tasty Cheese Slices 16 Pack 250g,$6.00,$2.40/100g,"https://cdn.metcash.media/image/upload/f_auto,c_limit,w_300,q_auto/igashop/images/535597"
OurEco Home Multi Purpose Spray Lemon Myrtle 500mL,$12.00,$2.40/100mL,"https://cdn.metcash.media/image/upload/f_auto,c_limit,w_300,q_auto/igashop/images/20000005211"
Undivided Food Co. Good Sauce BBQ 270g,$9.00,$3.33/100g,"https://cdn.metcash.media/image/upload/f_auto,c_limit,w_300,q_auto/igashop/images/160000013659"
Little Giant South Australia Grenache 750mL,$0.99,$0.13/100mL,"https://cdn.metcash.media/image/upload/f_auto,c_limit,w_300,q_auto/igashop/images/6601800"
Norco Skim Milk 1L,$3.00,$3.00/1L,"https://cdn.metcash.media/image/upload/f_auto,c_limit,w_300,q_auto/igashop/images/8339"
Rexona Women Advanced Protection Antiperspirant Bright Bouquet 220mL,$4.80,$2.18/100mL,"https://cdn.metcash.media/image/upload/f_auto,c_limit,w_300,q_auto/igashop/images/719280"
Annabel Karmel Pasta Bake Bolognese 200g,$4.30,$2.15/100g,"https://cdn.metcash.media/image/upload/f_auto,c_limit,w_300,q_auto/igashop/images/431502"
BabyLove Cosifit Bulk Nappies Walker 28 Pack,$18.00,$0.64 each,"https://cdn.metcash.media/image/upload/f_auto,c_limit,w_300,q_auto/igashop/images/902257"
Rexona Advanced Antiperspirant Aerosol Energise 220mL,$5.25,$2.39/100mL,https://www.igashop.com.au/static/default-product-image.png
Doritos Original Salted Corn Chips Party Pack 380g,$8.50,$2.24/100g,"https://cdn.metcash.media/image/upload/f_auto,c_limit,w_300,q_auto/igashop/images/726253"
Yarra Valley Hilltop Heritage Raspberry Conserve 300g,$5.60,$1.87/100g,https://www.igashop.com.au/static/default-product-image.png
Taylors Of Harrogate Yorkshire Extra Strong Tea Bags 100 Pack,$7.50,$0.08 each,"https://cdn.metcash.media/image/upload/f_auto,c_limit,w_300,q_auto/igashop/images/797660"
"Lo Bros Kombucha Gut Shot, Green Power 50mL",$3.50,$7.00/100mL,"https://cdn.metcash.media/image/upload/f_auto,c_limit,w_300,q_auto/igashop/images/9340784007460"
Christmas Serviettes Dinner 20 Pack,$0.50,$0.03 each,"https://cdn.metcash.media/image/upload/f_auto,c_limit,w_300,q_auto/igashop/images/279374"
The Goods Vegan Mayonnaise 475g,$5.50,$1.16/100g,"https://cdn.metcash.media/image/upload/f_auto,c_limit,w_300,q_auto/igashop/images/190000002526"
BIC Two Colour Pen 2 Pack,$2.65,$1.33 each,"https://cdn.metcash.media/image/upload/f_auto,c_limit,w_300,q_auto/igashop/images/240951"
Harris Strong Ground Coffee 200g,$9.90,$4.95/100g,"https://cdn.metcash.media/image/upload/f_auto,c_limit,w_300,q_auto/igashop/images/858542"
Buontempo Gluten & Wheat Free Pasta Penne Pasta 500g,$3.99,$0.80/100g,"https://cdn.metcash.media/image/upload/f_auto,c_limit,w_300,q_auto/igashop/images/190000004649"
WHISKAS Cat Kitten Treat Milk Plus Carton 1L,$5.65,$5.65/1L,"https://cdn.metcash.media/image/upload/f_auto,c_limit,w_300,q_auto/igashop/images/692831"
Reese's Chocolate Mini Bites 120g,$6.00,$5.00/100g,"https://cdn.metcash.media/image/upload/f_auto,c_limit,w_300,q_auto/igashop/images/236038"
Moccona Double Shot Latte Sachets 30 Pack,$13.00,$0.43 each,"https://cdn.metcash.media/image/upload/f_auto,c_limit,w_300,q_auto/igashop/images/1800000067711"
Earth Choice Dishwasher Powder Lemon 1kg,$9.90,$9.90/kg,"https://cdn.metcash.media/image/upload/f_auto,c_limit,w_300,q_auto/igashop/images/394242"
Edgell Chick Pea Olive Oil & Sea Salt 70g,$1.60,$2.29/100g,"https://cdn.metcash.media/image/upload/f_auto,c_limit,w_300,q_auto/igashop/images/127975"
Nestlé Rolo Chocolate Block 200g,$7.50,$3.75/100g,"https://cdn.metcash.media/image/upload/f_auto,c_limit,w_300,q_auto/igashop/images/45903"
Lite n' Easy Spaghetti Bolognaise 420g,$13.25,$3.15/100g,"https://cdn.metcash.media/image/upload/f_auto,c_limit,w_300,q_auto/igashop/images/450239"
Greens Gingerbread Cake Roll 300g,$5.50,$1.83/100g,https://www.igashop.com.au/static/default-product-image.png
Magnum Classic Dairy Free Frozen Dessert Sticks 3 Pack,$10.00,$3.33 each,"https://cdn.metcash.media/image/upload/f_auto,c_limit,w_300,q_auto/igashop/images/253221"
Decor Match-Ups Oblong Container 3L,$11.50,N/A,"https://cdn.metcash.media/image/upload/f_auto,c_limit,w_300,q_auto/igashop/images/855159"
MasterFoods Green Tomato Relish 250g,$3.60,$1.44/100g,"https://cdn.metcash.media/image/upload/f_auto,c_limit,w_300,q_auto/igashop/images/27293"
Schwarzkopf Live Colour Chocolate 75mL,$14.00,$18.67/100mL,"https://cdn.metcash.media/image/upload/f_auto,c_limit,w_300,q_auto/igashop/images/254785"
Ocean Spray Fruit Sauce Cranberry Whole Berry 275g,$4.20,$1.53/100g,"https://cdn.metcash.media/image/upload/f_auto,c_limit,w_300,q_auto/igashop/images/662666"
Colgate Total Advanced Whitening Antibacterial Toothpaste 115g,$6.00,$5.22/100g,"https://cdn.metcash.media/image/upload/f_auto,c_limit,w_300,q_auto/igashop/images/32670"
Schar Pane Casereccio Bread 240g,$11.50,$4.79/100g,"https://cdn.metcash.media/image/upload/f_auto,c_limit,w_300,q_auto/igashop/images/20000000411"
From Basque With Love Indian Dhal 325g,$12.95,$3.98/100g,"https://cdn.metcash.media/image/upload/f_auto,c_limit,w_300,q_auto/igashop/images/20000007143"
Fibre One Apple Pie Flavoured Squares 120g,$4.20,$3.50/100g,https://www.igashop.com.au/static/default-product-image.png
ZoOSh Potato Dressing 300mL,$2.80,$0.93/100mL,"https://cdn.metcash.media/image/upload/f_auto,c_limit,w_300,q_auto/igashop/images/901337"
Ivan's Pie Chicken & Vegetable 900g,$29.95,$3.33/100g,https://www.igashop.com.au/static/default-product-image.png
Cornetto Frozen Dessert Triple Chocolate 6 Pack,$6.75,$1.13 each,"https://cdn.metcash.media/image/upload/f_auto,c_limit,w_300,q_auto/igashop/images/1800000068355"
MasterFoods San Choy Bow Recipe Base 175g,$2.70,$1.54/100g,"https://cdn.metcash.media/image/upload/f_auto,c_limit,w_300,q_auto/igashop/images/824899"
Organic Care Conditioner Dry Moist 400mL,$3.45,$0.86/100mL,"https://cdn.metcash.media/image/upload/f_auto,c_limit,w_300,q_auto/igashop/images/428185"
Ayam Coconut Cream Light 270mL,$4.00,$1.48/100mL,"https://cdn.metcash.media/image/upload/f_auto,c_limit,w_300,q_auto/igashop/images/436887"
Kellogg's Coco Pops Chex 500g,$10.00,$2.00/100g,"https://cdn.metcash.media/image/upload/f_auto,c_limit,w_300,q_auto/igashop/images/99274"
Earth Choice Laundry Lavender And Boronia 1L,$10.00,$10.00/1L,"https://cdn.metcash.media/image/upload/f_auto,c_limit,w_300,q_auto/igashop/images/980158"
Pauls Chocolate Custard 70g,$2.00,$2.86/100g,"https://cdn.metcash.media/image/upload/f_auto,c_limit,w_300,q_auto/igashop/images/172920"
Big Lous Choc Jam Ball Twin Pack 200g,$6.90,$3.45/100g,https://www.igashop.com.au/static/default-product-image.png
John West Salmon Fillets 100g,$2.00,$2.00/100g,"https://cdn.metcash.media/image/upload/f_auto,c_limit,w_300,q_auto/igashop/images/180000003429"
Duck Liquid Rim Block Citrus Fresh 50mL,$3.70,$7.40/100mL,"https://cdn.metcash.media/image/upload/f_auto,c_limit,w_300,q_auto/igashop/images/52125"
Indomie Mi Goreng Hot and Spicy Cup Noodles 70g,$2.25,$3.21/100g,"https://cdn.metcash.media/image/upload/f_auto,c_limit,w_300,q_auto/igashop/images/20000000164"
Decor Match-Ups Oblong Container 1L,$6.50,N/A,"https://cdn.metcash.media/image/upload/f_auto,c_limit,w_300,q_auto/igashop/images/855183"
Turban Chopsticks Curry Paste Thai Red Curry 230g,$11.75,$5.11/100g,"https://cdn.metcash.media/image/upload/f_auto,c_limit,w_300,q_auto/igashop/images/190000002433"
Jack Hammer Magnetic L Plate,$3.95,N/A,"https://cdn.metcash.media/image/upload/f_auto,c_limit,w_300,q_auto/igashop/images/234594"
VitaPet Dog Treats Chicken Tenders 200g,$14.90,$7.45/100g,"https://cdn.metcash.media/image/upload/f_auto,c_limit,w_300,q_auto/igashop/images/947867"
Community Co Reusable Tumblers 4 Pack,$4.60,$1.15 each,"https://cdn.metcash.media/image/upload/f_auto,c_limit,w_300,q_auto/igashop/images/1800000068413"
Pascoes Drain Clean Liquid 1L,$7.95,$7.95/1L,"https://cdn.metcash.media/image/upload/f_auto,c_limit,w_300,q_auto/igashop/images/707092"
Chobani No Sugar Added Greek Yoghurt Mango Passion Fruit 150g,$2.80,$1.87/100g,"https://cdn.metcash.media/image/upload/f_auto,c_limit,w_300,q_auto/igashop/images/160000018307"
WA Farmers First Free Range Eggs XLarge 6 Pack 300g,$3.40,$1.13/100g,"https://cdn.metcash.media/image/upload/f_auto,c_limit,w_300,q_auto/igashop/images/160000013027"
Connoisseur Gourmet Ice Cream Mini Cookies & Cream Sticks 6 Pack,$5.50,$0.92 each,"https://cdn.metcash.media/image/upload/f_auto,c_limit,w_300,q_auto/igashop/images/164930"
Nestlé KitKat Chocolate Bunny 85g,$6.65,$7.82/100g,"https://cdn.metcash.media/image/upload/f_auto,c_limit,w_300,q_auto/igashop/images/777429"
Coco Earth Ghee Butter Grass Fed 250mL,$5.50,$2.20/100mL,"https://cdn.metcash.media/image/upload/f_auto,c_limit,w_300,q_auto/igashop/images/20000006654"
Beef Burger 500g,$11.00,$2.20/100g,"https://cdn.metcash.media/image/upload/f_auto,c_limit,w_300,q_auto/igashop/images/180000000636"
Dove Men Deodorant Roll On Classic 50mL,$5.00,$10.00/100mL,https://www.igashop.com.au/static/default-product-image.png
Cadbury Caramello 46g,$1.50,$3.26/100g,"https://cdn.metcash.media/image/upload/f_auto,c_limit,w_300,q_auto/igashop/images/180000002379"
Community Co Kids Extra Tasty Cheese & Crackers Multipack 4 Pack,$4.40,$1.10 each,"https://cdn.metcash.media/image/upload/f_auto,c_limit,w_300,q_auto/igashop/images/502447"
Polident Denture Adhesive Cream Max Seal 40g,$11.50,$28.75/100g,"https://cdn.metcash.media/image/upload/f_auto,c_limit,w_300,q_auto/igashop/images/228679"
Hershey's Strawberry Syrup Squeeze 623g,$6.00,$0.96/100g,"https://cdn.metcash.media/image/upload/f_auto,c_limit,w_300,q_auto/igashop/images/16000001586"
Schwarzkopf Live Colour Permanent 1.0 Black,$15.00,N/A,"https://cdn.metcash.media/image/upload/f_auto,c_limit,w_300,q_auto/igashop/images/988169"
Arnott's Tiny Teddy Biscuits Gluten Free Choc Chip 120g,$4.00,$3.33/100g,"https://cdn.metcash.media/image/upload/f_auto,c_limit,w_300,q_auto/igashop/images/190000003463"
Jarritos Lime 370mL,$4.85,$1.31/100mL,"https://cdn.metcash.media/image/upload/f_auto,c_limit,w_300,q_auto/igashop/images/190000001234"
Uncle Tobys Plus Antioxidant Breakfast Cereal 675g,$7.50,$1.11/100g,"https://cdn.metcash.media/image/upload/f_auto,c_limit,w_300,q_auto/igashop/images/301024"
Combat Ant Rid Bait Ant Bait Destroys The Nest 4 Pack,$7.00,$1.75 each,"https://cdn.metcash.media/image/upload/f_auto,c_limit,w_300,q_auto/igashop/images/94978"
Amazon Power Frozen Acai Raw Pulp 500g,$12.95,$2.59/100g,"https://cdn.metcash.media/image/upload/f_auto,c_limit,w_300,q_auto/igashop/images/20000005169"
Maggi Mince Chow Mein Recipe Base 32g,$1.85,$5.78/100g,"https://cdn.metcash.media/image/upload/f_auto,c_limit,w_300,q_auto/igashop/images/769769"
Stayfree Regular with Wings 14 Pack,$6.10,$0.44 each,"https://cdn.metcash.media/image/upload/f_auto,c_limit,w_300,q_auto/igashop/images/484424"
Nature Valley Bar Oaty & Crispy Chocolate 5 Pack,$5.60,$1.12 each,"https://cdn.metcash.media/image/upload/f_auto,c_limit,w_300,q_auto/igashop/images/180000004599"
Fab Fresh Blossom Laundry Triple Capsules 312g,$9.00,$2.88/100g,"https://cdn.metcash.media/image/upload/f_auto,c_limit,w_300,q_auto/igashop/images/180000002752"
Schweppes Solo Thirst Crusher Original Lemon Multipack Cans 30 Pack,$25.00,$0.83 each,"https://cdn.metcash.media/image/upload/f_auto,c_limit,w_300,q_auto/igashop/images/313636"
The Meet Co Meetballs 320g,$8.99,$2.81/100g,"https://cdn.metcash.media/image/upload/f_auto,c_limit,w_300,q_auto/igashop/images/160000013190"
Nature's Gift Sustain Chicken & Fish Dry Dog Food 2.5kg,$14.95,$5.98/kg,"https://cdn.metcash.media/image/upload/f_auto,c_limit,w_300,q_auto/igashop/images/635737"
Aunty Barbs Neapolitan Cake 280g,$6.00,$2.14/100g,"https://cdn.metcash.media/image/upload/f_auto,c_limit,w_300,q_auto/igashop/images/180000001812"
Maggie Beer Products Cheese Mbp Mbf 600G X 1 600G X 4 600g,$24.00,$4.00/100g,https://www.igashop.com.au/static/default-product-image.png
Nestle Milkybar Chocolate Crunch Block 170g,$5.25,$3.09/100g,"https://cdn.metcash.media/image/upload/f_auto,c_limit,w_300,q_auto/igashop/images/180000006294"
Fluffy Fabric Softener Conditioner Sachet Summer Breeze 250mL,$2.50,$1.00/100mL,"https://cdn.metcash.media/image/upload/f_auto,c_limit,w_300,q_auto/igashop/images/351451"
Cadbury Easter Bunny Tin Gift Box 164g,$18.35,$11.19/100g,"https://cdn.metcash.media/image/upload/f_auto,c_limit,w_300,q_auto/igashop/images/190000009679"
MasterFoods Seasoning Thai 35g,$3.35,$9.57/100g,"https://cdn.metcash.media/image/upload/f_auto,c_limit,w_300,q_auto/igashop/images/683206"
Berocca Energy Vitamin B & C Original Berry Flavour Twist N Go Energy Drink 250mL,$5.60,$2.24/100mL,"https://cdn.metcash.media/image/upload/f_auto,c_limit,w_300,q_auto/igashop/images/139590"
Nescafe Cappuccino Coffee Mixes Strong Multipack 10 Pack,$8.00,$0.80 each,"https://cdn.metcash.media/image/upload/f_auto,c_limit,w_300,q_auto/igashop/images/180000005238"
Gillette Venus Smooth Women's Razor Blade Refills 4 Pack,$18.00,$4.50 each,"https://cdn.metcash.media/image/upload/f_auto,c_limit,w_300,q_auto/igashop/images/160000006069"
Nescafe Espresso Coffee Concentrate Black 500mL,$5.50,$1.10/100mL,"https://cdn.metcash.media/image/upload/f_auto,c_limit,w_300,q_auto/igashop/images/180000003337"
Schick Silk Disposable Razors Sensitive 8 Pack,$11.75,$1.47 each,https://www.igashop.com.au/static/default-product-image.png
Lean Cuisine Malaysian Chicken Noodles 375g,$7.00,$1.87/100g,https://www.igashop.com.au/static/default-product-image.png
Mortein Powergard Insecticides Ais Indoor Outdoor Odourless 154g,$40.00,$25.97/100g,https://www.igashop.com.au/static/default-product-image.png
Pandaroo Vermicelli Brown Rice 200g,$2.19,$1.10/100g,"https://cdn.metcash.media/image/upload/f_auto,c_limit,w_300,q_auto/igashop/images/20000005347"
D'Orsogna Streaky Bacon 500g,$16.25,$3.25/100g,"https://cdn.metcash.media/image/upload/f_auto,c_limit,w_300,q_auto/igashop/images/190000004164"
Tony's Chocolate Milk Chocolate 180g,$10.75,$5.97/100g,https://www.igashop.com.au/static/default-product-image.png
Sunbeam Mixed Fruit 1kg,$12.75,$12.75/kg,"https://cdn.metcash.media/image/upload/f_auto,c_limit,w_300,q_auto/igashop/images/97829"
Snack HQ Pick Me Up Caramel Fudge Snack Bar 29g,$7.50,$25.86/100g,https://www.igashop.com.au/static/default-product-image.png
Gotzinger Kabana Pepperoni 400g,$10.00,$2.50/100g,"https://cdn.metcash.media/image/upload/f_auto,c_limit,w_300,q_auto/igashop/images/100601"
Optimum Skin & Coat Dry Dog Food With Turkey 3kg,$18.40,$6.13/kg,"https://cdn.metcash.media/image/upload/f_auto,c_limit,w_300,q_auto/igashop/images/208080_1"
Pepsi Cola Soft Drink 250mL,$6.00,$2.40/100mL,"https://cdn.metcash.media/image/upload/f_auto,c_limit,w_300,q_auto/igashop/images/1800000067773"
Colgate 360 Degrees Advanced Active Plaque Removal Toothbrush Soft,$6.00,N/A,"https://cdn.metcash.media/image/upload/f_auto,c_limit,w_300,q_auto/igashop/images/759874"
United Organics Organic Brushed White Potatoes 1kg,$8.50,$8.50/kg,"https://cdn.metcash.media/image/upload/f_auto,c_limit,w_300,q_auto/igashop/images/180000001584"
Vaalia Kids Probiotic Yoghurt Pouch Banana 140g,$2.50,$1.79/100g,"https://cdn.metcash.media/image/upload/f_auto,c_limit,w_300,q_auto/igashop/images/131521"
TRESemmé Conditioner Nourish & Shine 350mL,$8.50,$2.43/100mL,https://www.igashop.com.au/static/default-product-image.png
Red Tractor Creamy Style Protein Porridge Oats 750g,$7.70,$1.03/100g,"https://cdn.metcash.media/image/upload/f_auto,c_limit,w_300,q_auto/igashop/images/9724"
Massel Ultracubes Beef 105g,$4.00,$3.81/100g,"https://cdn.metcash.media/image/upload/f_auto,c_limit,w_300,q_auto/igashop/images/300696"
Warheads Xtreme Sour Juniors 49g,$3.50,$7.14/100g,"https://cdn.metcash.media/image/upload/f_auto,c_limit,w_300,q_auto/igashop/images/20000003146"
Marmite Yeast Spread 250g,$5.20,$2.08/100g,"https://cdn.metcash.media/image/upload/f_auto,c_limit,w_300,q_auto/igashop/images/39944"
Community Co Baby Spinach Big Bag 260g,$4.80,$1.85/100g,"https://cdn.metcash.media/image/upload/f_auto,c_limit,w_300,q_auto/igashop/images/688272"
Fluffy In Wash Cloud Nine Scent Boost 250g,$9.00,$3.60/100g,"https://cdn.metcash.media/image/upload/f_auto,c_limit,w_300,q_auto/igashop/images/541593"
Optimum Oral Care Dry Cat Food with Chicken 2kg,$21.50,$10.75/kg,"https://cdn.metcash.media/image/upload/f_auto,c_limit,w_300,q_auto/igashop/images/177983_1"
Huggies Ultra Dry Nappies Boys Size 3 (6-11kg) 90 Pack,$39.00,$0.43 each,"https://cdn.metcash.media/image/upload/f_auto,c_limit,w_300,q_auto/igashop/images/343534"
Farmers Union Greek Style High Protein Vanilla Yogurt 150g,$2.50,$1.67/100g,"https://cdn.metcash.media/image/upload/f_auto,c_limit,w_300,q_auto/igashop/images/1800000069607"
Ratsak Clean Kill Mouse Trap 2 Pack,$10.35,$5.18 each,"https://cdn.metcash.media/image/upload/f_auto,c_limit,w_300,q_auto/igashop/images/20000005386"
Trill Budgie Mix 1.8kg,$6.00,$3.33/kg,"https://cdn.metcash.media/image/upload/f_auto,c_limit,w_300,q_auto/igashop/images/824556"
Frantelle Spring Water 600mL,$1.95,$0.33/100mL,"https://cdn.metcash.media/image/upload/f_auto,c_limit,w_300,q_auto/igashop/images/632718"
River Gum Free Range Eggs XLarge 700g,$10.50,$1.50/100g,"https://cdn.metcash.media/image/upload/f_auto,c_limit,w_300,q_auto/igashop/images/190000005306"
Twinings English Breakfast Decaf Tea Bags 80 Pack,$13.50,$0.17 each,"https://cdn.metcash.media/image/upload/f_auto,c_limit,w_300,q_auto/igashop/images/229882"
Chobani FiT High Protein Greek Yoghurt Passion Fruit 160g,$3.00,$1.88/100g,"https://cdn.metcash.media/image/upload/f_auto,c_limit,w_300,q_auto/igashop/images/160000018279"
Nescafe Blend 43 Original 500g,$32.00,$6.40/100g,"https://cdn.metcash.media/image/upload/f_auto,c_limit,w_300,q_auto/igashop/images/10869"
Ausfresh Olive Mix Mediterranean 2kg,$25.50,$12.75/kg,https://www.igashop.com.au/static/default-product-image.png
Wonderbao BBQ Pork Bao Buns 405g,$14.95,$3.69/100g,"https://cdn.metcash.media/image/upload/f_auto,c_limit,w_300,q_auto/igashop/images/20000005754"
Nature Valley Protein Bar Salted Caramel Nut 152g,$6.00,$3.95/100g,"https://cdn.metcash.media/image/upload/f_auto,c_limit,w_300,q_auto/igashop/images/639134"
Simply Clean Lemon Myrtle Laundry Liquid 1L,$13.50,$13.50/1L,"https://cdn.metcash.media/image/upload/f_auto,c_limit,w_300,q_auto/igashop/images/150000008099"
Hershey Cookies N Creme Chocolate Flat White Bar 38g,$1.50,$3.95/100g,https://www.igashop.com.au/static/default-product-image.png
Golden Bakery Goods Banana Bread Flavoured Crumpets 6 Pack,$5.60,$0.93 each,https://www.igashop.com.au/static/default-product-image.png
Dolmio Classic Tomato Pasta Sauce 500g,$2.50,$0.50/100g,"https://cdn.metcash.media/image/upload/f_auto,c_limit,w_300,q_auto/igashop/images/390086"
Gluten Free Bakehouse Muffin Date & Walnut 2 Pack,$11.50,$5.75 each,https://www.igashop.com.au/static/default-product-image.png
Kiddylicious Infant Food Mini Coconut Rolls 6.8g,$5.85,$86.03/100g,"https://cdn.metcash.media/image/upload/f_auto,c_limit,w_300,q_auto/igashop/images/180000006220"
Eit Mould Cleaning Products Trigger 500mL,$9.50,$1.90/100mL,"https://cdn.metcash.media/image/upload/f_auto,c_limit,w_300,q_auto/igashop/images/63472"
Jack Hammer Aluminium Padlock 40mm,$11.55,N/A,https://www.igashop.com.au/static/default-product-image.png
D'Orsogna Premium Leg Ham Sliced 180g,$8.00,$4.44/100g,"https://cdn.metcash.media/image/upload/f_auto,c_limit,w_300,q_auto/igashop/images/150000007900"
Ardmona Organic Finely Crushed Tomatoes 400g,$2.20,$0.55/100g,"https://cdn.metcash.media/image/upload/f_auto,c_limit,w_300,q_auto/igashop/images/779426"
MasterFoods Traditional Tartare Sauce 220g,$3.80,$1.73/100g,"https://cdn.metcash.media/image/upload/f_auto,c_limit,w_300,q_auto/igashop/images/37235"
Lavazza Qualita Oro Ground Coffee 2 Pack,$14.00,$7.00 each,"https://cdn.metcash.media/image/upload/f_auto,c_limit,w_300,q_auto/igashop/images/190000004253"
JC's Sesh Snacks Drovers 130g,$3.60,$2.77/100g,"https://cdn.metcash.media/image/upload/f_auto,c_limit,w_300,q_auto/igashop/images/524834"
Continental Cup A Soup Hearty Pea & Ham 2 Pack,$2.80,$1.40 each,"https://cdn.metcash.media/image/upload/f_auto,c_limit,w_300,q_auto/igashop/images/407642"
Simple Daily Skin Detox Facial Cleanser Purifying 150mL,$5.75,$3.83/100mL,"https://cdn.metcash.media/image/upload/f_auto,c_limit,w_300,q_auto/igashop/images/160000010743"
Community Co Nibble Mix 350g,$5.60,$1.60/100g,"https://cdn.metcash.media/image/upload/f_auto,c_limit,w_300,q_auto/igashop/images/799206"
Prolive Probiotic Drink Original 5 Pack,$4.30,$0.86 each,"https://cdn.metcash.media/image/upload/f_auto,c_limit,w_300,q_auto/igashop/images/180000002738"
Samboy Potato Chips Max Barbecue 150g,$5.00,$3.33/100g,https://www.igashop.com.au/static/default-product-image.png
Barambah Organics Full Cream Milk 2L,$5.50,$2.75/1L,"https://cdn.metcash.media/image/upload/f_auto,c_limit,w_300,q_auto/igashop/images/161393"
Canon Chicken Southern Style Dippers 550g,$8.00,$1.45/100g,"https://cdn.metcash.media/image/upload/f_auto,c_limit,w_300,q_auto/igashop/images/Canon_Chicken_Southern_Style_Dippers"
McCain Air Fryer Chips Steak Cut 750g,$5.50,$0.73/100g,https://www.igashop.com.au/static/default-product-image.png
Primo Short Cut Bacon 750g,$8.40,$1.12/100g,"https://cdn.metcash.media/image/upload/f_auto,c_limit,w_300,q_auto/igashop/images/102386"
Harpic Fresh Power Toilet Cleaner Itb Tropical Blossom,$7.00,N/A,"https://cdn.metcash.media/image/upload/f_auto,c_limit,w_300,q_auto/igashop/images/898628"
Remedy Kombucha Lemon Lime Mint 330mL,$2.50,$0.76/100mL,"https://cdn.metcash.media/image/upload/f_auto,c_limit,w_300,q_auto/igashop/images/180000000122"
Thursday Plantation Eucalyptus Oil 100% Pure 50mL,$8.25,$16.50/100mL,"https://cdn.metcash.media/image/upload/f_auto,c_limit,w_300,q_auto/igashop/images/412320"
Vegie Delights Nutolene 415g,$5.65,$1.36/100g,"https://cdn.metcash.media/image/upload/f_auto,c_limit,w_300,q_auto/igashop/images/338217"
Rexona Men Antiperspirant Aerosol Quantum 250mL,$6.00,$2.40/100mL,"https://cdn.metcash.media/image/upload/f_auto,c_limit,w_300,q_auto/igashop/images/97235"
Four 'N Twenty Angus Beef Cheese and Bacon Pie 4 Pack,$5.50,$1.38 each,"https://cdn.metcash.media/image/upload/f_auto,c_limit,w_300,q_auto/igashop/images/170000000728"
Cornwell's Lancashire Relish 500mL,$6.00,$1.20/100mL,"https://cdn.metcash.media/image/upload/f_auto,c_limit,w_300,q_auto/igashop/images/37120"
Poppin Snickers Popcorn 110g,$5.50,$5.00/100g,https://www.igashop.com.au/static/default-product-image.png
Arnott's Gluten Free Shapes Barbecue 110g,$4.90,$4.45/100g,"https://cdn.metcash.media/image/upload/f_auto,c_limit,w_300,q_auto/igashop/images/537659"
Black & Gold Peas And Carrot 420g,$1.80,$0.43/100g,"https://cdn.metcash.media/image/upload/f_auto,c_limit,w_300,q_auto/igashop/images/180000002477"
Always Fresh White Wine Vinegar 500mL,$3.60,$0.72/100mL,"https://cdn.metcash.media/image/upload/f_auto,c_limit,w_300,q_auto/igashop/images/658714"
Cadbury Clinker Egg Giftbox 220g,$13.25,$6.02/100g,"https://cdn.metcash.media/image/upload/f_auto,c_limit,w_300,q_auto/igashop/images/354637"
Gotzinger Jalapeno with Cheese 400g,$10.60,$2.65/100g,"https://cdn.metcash.media/image/upload/f_auto,c_limit,w_300,q_auto/igashop/images/377533"
Hercules Click Zip Resealable Sandwich Bags 40 Pack,$2.50,$0.06 each,"https://cdn.metcash.media/image/upload/f_auto,c_limit,w_300,q_auto/igashop/images/20000005248"
Fantastic Rice Crackers Seaweed 100g,$2.50,$2.50/100g,"https://cdn.metcash.media/image/upload/f_auto,c_limit,w_300,q_auto/igashop/images/11726"
Libra Ultra Thin Pads Super with Wings 12 Pack,$4.55,$0.38 each,"https://cdn.metcash.media/image/upload/f_auto,c_limit,w_300,q_auto/igashop/images/360361"
McCain Pizza Slice Ham & Pineapple 600g,$7.70,$1.28/100g,"https://cdn.metcash.media/image/upload/f_auto,c_limit,w_300,q_auto/igashop/images/127577"
The Cheesecake Shop Stuffed Cookie Choc Hazelnut 100g,$7.15,$7.15/100g,https://www.igashop.com.au/static/default-product-image.png
Carman's Protein Cookies & Cream Bars Limited Edition 5 Pack,$8.50,$1.70 each,"https://cdn.metcash.media/image/upload/f_auto,c_limit,w_300,q_auto/igashop/images/997354"
Betty Crocker Shortbread Mix Salted Caramel Shortbread 345g,$7.00,$2.03/100g,"https://cdn.metcash.media/image/upload/f_auto,c_limit,w_300,q_auto/igashop/images/195326"
Pro Live Probiotic Drink 5 Pack,$4.30,$0.86 each,"https://cdn.metcash.media/image/upload/f_auto,c_limit,w_300,q_auto/igashop/images/14509"
Kehoes Kitchen Organic Gold Kimchi 410g,$13.95,$3.40/100g,"https://cdn.metcash.media/image/upload/f_auto,c_limit,w_300,q_auto/igashop/images/20000006244"
Gravox Gravy Mix Pepper Sauce 140g,$5.00,$3.57/100g,"https://cdn.metcash.media/image/upload/f_auto,c_limit,w_300,q_auto/igashop/images/8074"
Picante Jalapeno & Sour Cream With Fresh Coriander 170g,$5.50,$3.24/100g,"https://cdn.metcash.media/image/upload/f_auto,c_limit,w_300,q_auto/igashop/images/160000012338"
Community Co Wipes Floor 20 Pack,$5.00,$0.25 each,https://www.igashop.com.au/static/default-product-image.png
Bega Cheese Cheddar Block 250g,$5.00,$2.00/100g,"https://cdn.metcash.media/image/upload/f_auto,c_limit,w_300,q_auto/igashop/images/683455"
Johnson's Baby Starter Kit,$8.64,N/A,"https://cdn.metcash.media/image/upload/f_auto,c_limit,w_300,q_auto/igashop/images/642373"
Mum's Favourites Passionfruit Moments 350g,$7.50,$2.14/100g,"https://cdn.metcash.media/image/upload/f_auto,c_limit,w_300,q_auto/igashop/images/20000005508"
400 Gradi 4 Cheeses Arancini Balls 500g,$15.50,$3.10/100g,"https://cdn.metcash.media/image/upload/f_auto,c_limit,w_300,q_auto/igashop/images/190000009605"
Serious Organic Frozen Mango 250g,$7.80,$3.12/100g,"https://cdn.metcash.media/image/upload/f_auto,c_limit,w_300,q_auto/igashop/images/20000005421"
Vaseline Expert Care Body Lotion Advanced Strength Dry Skin Rescue 200mL,$12.00,$6.00/100mL,"https://cdn.metcash.media/image/upload/f_auto,c_limit,w_300,q_auto/igashop/images/160000005988"
Cleaver's Organic Beef Porterhouse Steak 350g,Final cost based on weight,$21.70/$62.00,"https://cdn.metcash.media/image/upload/f_auto,c_limit,w_300,q_auto/igashop/images/180063"
Musashi Protein Crisp Bar Dark Chocolate Mint 900g,$4.90,$0.54/100g,"https://cdn.metcash.media/image/upload/f_auto,c_limit,w_300,q_auto/igashop/images/160000000738"
Lindt Les Grande Milk Chocolate 34% Hazelnut & Raisin 150g,$9.95,$6.63/100g,"https://cdn.metcash.media/image/upload/f_auto,c_limit,w_300,q_auto/igashop/images/384849"
Norco Cape Byron Classic Cookie Dough 1L,$10.00,$10.00/1L,"https://cdn.metcash.media/image/upload/f_auto,c_limit,w_300,q_auto/igashop/images/1800000067749"
Nitrosol Fertiliser Liquid 500mL,$13.75,$2.75/100mL,"https://cdn.metcash.media/image/upload/f_auto,c_limit,w_300,q_auto/igashop/images/934827"
President Brie Cheese 200g,$7.00,$3.50/100g,"https://cdn.metcash.media/image/upload/f_auto,c_limit,w_300,q_auto/igashop/images/322782"
Monster Energy Drink Juice Aussie Lemonade 500mL,$4.45,$0.89/100mL,"https://cdn.metcash.media/image/upload/f_auto,c_limit,w_300,q_auto/igashop/images/180000006539"
Maxiblock Outbacker Sun Screen SPF50+ With Insect Repellent 100mL,$15.20,$15.20/100mL,"https://cdn.metcash.media/image/upload/f_auto,c_limit,w_300,q_auto/igashop/images/278158"
Finish Power Auto Dishwash Tablets Lemon Sparkle 80 Pack,$25.00,$0.31 each,"https://cdn.metcash.media/image/upload/f_auto,c_limit,w_300,q_auto/igashop/images/180000006342"
Youfoodz The Real OJ 350mL,$4.40,$1.26/100mL,"https://cdn.metcash.media/image/upload/f_auto,c_limit,w_300,q_auto/igashop/images/20000003717"
V Guarana Energy Drink Raspberry Lemonade 4 Pack,$8.20,$2.05 each,"https://cdn.metcash.media/image/upload/f_auto,c_limit,w_300,q_auto/igashop/images/190000001917"
Lindt Gold Bunny Milk Chocolate Block 120g,$10.70,$8.92/100g,"https://cdn.metcash.media/image/upload/f_auto,c_limit,w_300,q_auto/igashop/images/375358"
Neutrogena Oil Free Acne Wash 175mL,$9.00,$5.14/100mL,"https://cdn.metcash.media/image/upload/f_auto,c_limit,w_300,q_auto/igashop/images/6577"
Freshbake Lattice Rounds Apple 255g,$6.30,$2.47/100g,https://www.igashop.com.au/static/default-product-image.png
Mogu Mogu Strawberry Juice with Nata de Coco 320mL,$1.90,$0.59/100mL,"https://cdn.metcash.media/image/upload/f_auto,c_limit,w_300,q_auto/igashop/images/73286"
Hydralyte Effervescent Electrolyte Tablets Orange 10 Pack,$6.05,$0.61 each,"https://cdn.metcash.media/image/upload/f_auto,c_limit,w_300,q_auto/igashop/images/826731"
Oatly Oat Milk Mini Barista Edition 500mL,$3.90,$7.80/1L,"https://cdn.metcash.media/image/upload/f_auto,c_limit,w_300,q_auto/igashop/images/374140"
ABC Kecap Manis Sweet Soy Sauce Bottle 275mL,$3.20,$1.16/100mL,"https://cdn.metcash.media/image/upload/f_auto,c_limit,w_300,q_auto/igashop/images/341626"
Allen's Confectionery Rudolf Carrots Lollies 64g,$3.00,$4.69/100g,https://www.igashop.com.au/static/default-product-image.png
Allen's Confectionery Santa Faves 470g,$3.00,$0.64/100g,https://www.igashop.com.au/static/default-product-image.png
Masterfoods Recipe Base Sweet Thai Style Chicken Noodles Pouch 175g,$2.70,$1.54/100g,"https://cdn.metcash.media/image/upload/f_auto,c_limit,w_300,q_auto/igashop/images/249421"
Maggi Three Cheese Potato Bake 21g,$1.85,$8.81/100g,"https://cdn.metcash.media/image/upload/f_auto,c_limit,w_300,q_auto/igashop/images/834572"
Feline Friend Crystal Cat Litter 2kg,$9.85,$4.93/kg,https://www.igashop.com.au/static/default-product-image.png
Purina Friskies Adult 7 Dry Cat Food 2.5kg,$13.90,$5.56/kg,"https://cdn.metcash.media/image/upload/f_auto,c_limit,w_300,q_auto/igashop/images/631005"
Bondi Dairy Almond & Honey Granola 400g,$14.30,$3.58/100g,https://www.igashop.com.au/static/default-product-image.png
Dove Shampoo Daily Care 820mL,$8.50,$1.04/100mL,"https://cdn.metcash.media/image/upload/f_auto,c_limit,w_300,q_auto/igashop/images/510704"
McKenzie's Acid Citric 75g,$3.05,$4.07/100g,"https://cdn.metcash.media/image/upload/f_auto,c_limit,w_300,q_auto/igashop/images/401719"
Head & Shoulders Clean & Balanced Anti Dandruff Shampoo 400g,$12.00,$3.00/100g,"https://cdn.metcash.media/image/upload/f_auto,c_limit,w_300,q_auto/igashop/images/209719"
BabyBoo Nappy Toddler Size 4 50 Pack,$11.00,$0.22 each,"https://cdn.metcash.media/image/upload/f_auto,c_limit,w_300,q_auto/igashop/images/180000002510"
CSR Golden Syrup 850g,$6.00,$0.71/100g,"https://cdn.metcash.media/image/upload/f_auto,c_limit,w_300,q_auto/igashop/images/386244"
Bragg Organic Apple Cider Vinegar 946mL,$19.95,$2.11/100mL,"https://cdn.metcash.media/image/upload/f_auto,c_limit,w_300,q_auto/igashop/images/20000005735"
Tetley Decaffeinated Green Tea Bags 50 Pack,$4.70,$0.09 each,"https://cdn.metcash.media/image/upload/f_auto,c_limit,w_300,q_auto/igashop/images/601385"
Sunbeam Almond Meal 110g,$6.95,$6.32/100g,"https://cdn.metcash.media/image/upload/f_auto,c_limit,w_300,q_auto/igashop/images/458253"
Dove Beauty Soap Bar Original 2 Pack,$4.19,$2.10 each,"https://cdn.metcash.media/image/upload/f_auto,c_limit,w_300,q_auto/igashop/images/608890"
Dairy Free Down Under Mozzarella Style Shreds 200g,$8.00,$4.00/100g,"https://cdn.metcash.media/image/upload/f_auto,c_limit,w_300,q_auto/igashop/images/9225"
Yarra Valley Hilltop Plum Jam 475g,$4.95,$1.04/100g,https://www.igashop.com.au/static/default-product-image.png
Mission Street Mini Tacos 10 Pack,$4.40,$0.44 each,"https://cdn.metcash.media/image/upload/f_auto,c_limit,w_300,q_auto/igashop/images/899530"
K-Roo Kanga Banga 500g,$9.55,$1.91/100g,"https://cdn.metcash.media/image/upload/f_auto,c_limit,w_300,q_auto/igashop/images/180000003482"
Primo Pepperoni Salami 500g,$20.40,$4.08/100g,https://www.igashop.com.au/static/default-product-image.png
M&Ms Crunchy Cookie 120g,$7.00,$5.83/100g,https://www.igashop.com.au/static/default-product-image.png
Musashi Deluxe Choc Caramel Brownie 60g,$4.90,$8.17/100g,"https://cdn.metcash.media/image/upload/f_auto,c_limit,w_300,q_auto/igashop/images/180000003136"
Laucke Multigrain Soy Linseed Bread Mix 2.4kg,$10.90,$4.54/kg,"https://cdn.metcash.media/image/upload/f_auto,c_limit,w_300,q_auto/igashop/images/34910"
McKenzie's Australian Natural Sea Salt Shake & Pour 400g,$5.50,$1.38/100g,"https://cdn.metcash.media/image/upload/f_auto,c_limit,w_300,q_auto/igashop/images/60238"
Arnott's Crackers Country Cheese 250g,$3.50,$1.40/100g,"https://cdn.metcash.media/image/upload/f_auto,c_limit,w_300,q_auto/igashop/images/308898"
"Bubs Organic Sweetcorn, Pumpkin & Chia 120g",$2.60,$2.17/100g,"https://cdn.metcash.media/image/upload/f_auto,c_limit,w_300,q_auto/igashop/images/355248"
Big Lou's Donuts Raspberry Berliner 200g,$7.90,$3.95/100g,https://www.igashop.com.au/static/default-product-image.png
Noshu White Choc Baking Chip 150g,$4.98,$3.32/100g,"https://cdn.metcash.media/image/upload/f_auto,c_limit,w_300,q_auto/igashop/images/20000005043"
McCain Corn Kernels 500g,$3.80,$0.76/100g,"https://cdn.metcash.media/image/upload/f_auto,c_limit,w_300,q_auto/igashop/images/135936"
Gold Gourmet Bearnaise Sauce 500mL,$10.50,$2.10/100mL,https://www.igashop.com.au/static/default-product-image.png
Gravox Gravy Liquid Brown Onion 165g,$3.50,$2.12/100g,"https://cdn.metcash.media/image/upload/f_auto,c_limit,w_300,q_auto/igashop/images/326260"
Balfours Home Style Raspberry & White Chocolate Muffin 150g,$4.05,$2.70/100g,"https://cdn.metcash.media/image/upload/f_auto,c_limit,w_300,q_auto/igashop/images/723108"
Skyn Condoms Elite Large 10 Pack,$16.00,$1.60 each,"https://cdn.metcash.media/image/upload/f_auto,c_limit,w_300,q_auto/igashop/images/668264"
Kraft Singles Original Slices 24 Pack,$9.30,$0.39 each,"https://cdn.metcash.media/image/upload/f_auto,c_limit,w_300,q_auto/igashop/images/150000007676"
Supercoat Smartblend Puppy Food With Chicken 6.7kg,$27.00,$4.03/kg,"https://cdn.metcash.media/image/upload/f_auto,c_limit,w_300,q_auto/igashop/images/662145"
Chux Scourer Pads Non-Scratch 3 Pack,$3.40,$1.13 each,"https://cdn.metcash.media/image/upload/f_auto,c_limit,w_300,q_auto/igashop/images/380219"
Lynx Body Spray Cocoa Velvet 150mL,$5.00,$3.33/100mL,https://www.igashop.com.au/static/default-product-image.png
Dr Tung's Smart Vegan Dental Floss 27g,$7.95,$29.44/100g,"https://cdn.metcash.media/image/upload/f_auto,c_limit,w_300,q_auto/igashop/images/20000005874"
Starbucks By Nespresso Espresso Roast Coffee Pods 10 Pack,$6.50,$0.65 each,"https://cdn.metcash.media/image/upload/f_auto,c_limit,w_300,q_auto/igashop/images/926374"
Dairy Farmers Thick & Creamy Yoghurt Passionfruit & Mango 600g,$5.95,$0.99/100g,"https://cdn.metcash.media/image/upload/f_auto,c_limit,w_300,q_auto/igashop/images/180821"
Arnott's Tim Tam White 165g,$4.50,$2.73/100g,"https://cdn.metcash.media/image/upload/f_auto,c_limit,w_300,q_auto/igashop/images/16064"
OXO Beef Cubes 12 Pack,$2.80,$0.23 each,"https://cdn.metcash.media/image/upload/f_auto,c_limit,w_300,q_auto/igashop/images/16530"
Aeroplane Jelly Original Blackberry 85g,$1.50,$1.76/100g,"https://cdn.metcash.media/image/upload/f_auto,c_limit,w_300,q_auto/igashop/images/180000000150"
Stayfree All Nights Extra Long With Wings Pads 10 Pack,$3.00,$0.30 each,"https://cdn.metcash.media/image/upload/f_auto,c_limit,w_300,q_auto/igashop/images/698552"
Bulla Cooking Cream 300mL,$3.95,$1.32/100mL,"https://cdn.metcash.media/image/upload/f_auto,c_limit,w_300,q_auto/igashop/images/198015"
Community Co Sweet Crunchy Salad 300g,$3.90,$1.30/100g,"https://cdn.metcash.media/image/upload/f_auto,c_limit,w_300,q_auto/igashop/images/422095"
Fehlbergs Jalapenos & Chilli Mix 470g,$3.20,$0.68/100g,"https://cdn.metcash.media/image/upload/f_auto,c_limit,w_300,q_auto/igashop/images/20000006680"
Kinder Chocolate 6 Snack Bar Pack 6 Pack,$6.10,$1.02 each,"https://cdn.metcash.media/image/upload/f_auto,c_limit,w_300,q_auto/igashop/images/428452"
Carman's Super Berry Muesli Bars 6 Pack,$7.50,$1.25 each,"https://cdn.metcash.media/image/upload/f_auto,c_limit,w_300,q_auto/igashop/images/361383"
Simson's Pantry Mini Naan Garlic & Herb 225g,$4.00,$1.78/100g,"https://cdn.metcash.media/image/upload/f_auto,c_limit,w_300,q_auto/igashop/images/230778"
Cleaver's Organic Beef Scotch Steak Free Range 400g,$28.00,$70.00/kg,"https://cdn.metcash.media/image/upload/f_auto,c_limit,w_300,q_auto/igashop/images/180065"
Green's Salted Caramel Lamington 4 Pack,$5.30,$1.33 each,https://www.igashop.com.au/static/default-product-image.png
Poppin Shakers Microwave Popcorn Triple Butter Flavour 100g,$2.00,$2.00/100g,"https://cdn.metcash.media/image/upload/f_auto,c_limit,w_300,q_auto/igashop/images/3626"
Dettol Antibacterial Liquid Hand Wash Aloe Vera and Vitamin E Refill 950mL,$11.00,$1.16/100mL,"https://cdn.metcash.media/image/upload/f_auto,c_limit,w_300,q_auto/igashop/images/82248"
Gluten Free Eclairs 90g,$8.40,$9.33/100g,"https://cdn.metcash.media/image/upload/f_auto,c_limit,w_300,q_auto/igashop/images/180000000708"
MasterFoods Tarragon Leaves 7g,$3.50,$50.00/100g,"https://cdn.metcash.media/image/upload/f_auto,c_limit,w_300,q_auto/igashop/images/363107"
Redheads Matches Safety 10 Pack,$3.50,$0.35 each,"https://cdn.metcash.media/image/upload/f_auto,c_limit,w_300,q_auto/igashop/images/25204"
Chobani Flip Greek Yoghurt Strawberry Shortcake 140g,$4.00,$2.86/100g,"https://cdn.metcash.media/image/upload/f_auto,c_limit,w_300,q_auto/igashop/images/180000000026"
Baked Provisions Steak Pies 440g,$8.50,$1.93/100g,"https://cdn.metcash.media/image/upload/f_auto,c_limit,w_300,q_auto/igashop/images/1800000068791"
Gaviscon Dual Action Heartburn and Indigestion Relief Mixed Berry Flavour 16 Pack,$8.50,$0.53 each,"https://cdn.metcash.media/image/upload/f_auto,c_limit,w_300,q_auto/igashop/images/983538"
Pascall Pineapple Lumps 120g,$5.10,$4.25/100g,"https://cdn.metcash.media/image/upload/f_auto,c_limit,w_300,q_auto/igashop/images/459819"
San Remo No. 26 Wagon Wheels 500g,$2.95,$0.59/100g,"https://cdn.metcash.media/image/upload/f_auto,c_limit,w_300,q_auto/igashop/images/759599"
John West Tuna In Olive Oil Blend 95g,$2.90,$3.05/100g,"https://cdn.metcash.media/image/upload/f_auto,c_limit,w_300,q_auto/igashop/images/348377"
Maggi Culinary Airfryer Southern Style 40g,$2.55,$6.38/100g,"https://cdn.metcash.media/image/upload/f_auto,c_limit,w_300,q_auto/igashop/images/679752"
Obela Smooth Classic Hommus Singles 3 Pack,$3.40,$1.13 each,"https://cdn.metcash.media/image/upload/f_auto,c_limit,w_300,q_auto/igashop/images/625910_2"
Cadbury Old Gold Dark Chocolate 70% Cocoa 180g,$4.00,$2.22/100g,"https://cdn.metcash.media/image/upload/f_auto,c_limit,w_300,q_auto/igashop/images/461426"
Lindt Lindor Irish Cream Pouch Bag 123g,$5.00,$4.07/100g,https://www.igashop.com.au/static/default-product-image.png
Eclipse Hard Pressed White Peach 40g,$3.00,$7.50/100g,"https://cdn.metcash.media/image/upload/f_auto,c_limit,w_300,q_auto/igashop/images/370858"
"Nature's Gift Deli Roll With Chicken, Brown Rice & Vegetables 1.4kg",$6.00,$4.29/kg,"https://cdn.metcash.media/image/upload/f_auto,c_limit,w_300,q_auto/igashop/images/646445"
Wildly Good Falafel Bites Beetroot With Sesame 225g,$6.49,$2.88/100g,"https://cdn.metcash.media/image/upload/f_auto,c_limit,w_300,q_auto/igashop/images/190000002470"
San Remo Gluten Free Organic Brown Rice Spaghetti 250g,$4.00,$1.60/100g,"https://cdn.metcash.media/image/upload/f_auto,c_limit,w_300,q_auto/igashop/images/68804"
Cold Power Laundry Triple Capsules 3In1 450g,$14.00,$3.11/100g,"https://cdn.metcash.media/image/upload/f_auto,c_limit,w_300,q_auto/igashop/images/205003"
Heinz Mustard Mayonnaise Shredded Chicken 85g,$2.00,$2.35/100g,"https://cdn.metcash.media/image/upload/f_auto,c_limit,w_300,q_auto/igashop/images/34957"
Philips LED Bayonet Cap White 6.5w,$7.00,N/A,"https://cdn.metcash.media/image/upload/f_auto,c_limit,w_300,q_auto/igashop/images/20000000484"
Black & Gold Bacon Shortcut 250g,$6.40,$2.56/100g,"https://cdn.metcash.media/image/upload/f_auto,c_limit,w_300,q_auto/igashop/images/658780"
Eco Farm Organic Pears 500g,$4.98,$1.00/100g,https://www.igashop.com.au/static/default-product-image.png
Pizza Sauce Aromatica 400g,$5.10,$1.28/100g,"https://cdn.metcash.media/image/upload/f_auto,c_limit,w_300,q_auto/igashop/images/509635"
Pico Organic Chocolate Super Dark 80g,$9.00,$11.25/100g,"https://cdn.metcash.media/image/upload/f_auto,c_limit,w_300,q_auto/igashop/images/7726"
J&Co Salted Peanuts 400g,$7.50,$1.88/100g,"https://cdn.metcash.media/image/upload/f_auto,c_limit,w_300,q_auto/igashop/images/190000004940"
KB's Gyoza Pork 1kg,$26.50,$26.50/kg,"https://cdn.metcash.media/image/upload/f_auto,c_limit,w_300,q_auto/igashop/images/20000004956"
Starbucks Coffee Blend Caramel Nespresso Compatible Capsules 10 Pack,$6.50,$0.65 each,"https://cdn.metcash.media/image/upload/f_auto,c_limit,w_300,q_auto/igashop/images/231237"
Marion's Kitchen Thai Spicy Satay 240mL,$5.00,$2.08/100mL,"https://cdn.metcash.media/image/upload/f_auto,c_limit,w_300,q_auto/igashop/images/840311"
Letizza Pizza Base 200g,$8.20,$4.10/100g,"https://cdn.metcash.media/image/upload/f_auto,c_limit,w_300,q_auto/igashop/images/20000003575"
Jack Hammer Drainage Snakes 3 Pack,$6.00,$2.00 each,"https://cdn.metcash.media/image/upload/f_auto,c_limit,w_300,q_auto/igashop/images/605559"
Lean Cuisine Indian Butter Chicken With Rice 375g,$7.00,$1.87/100g,"https://cdn.metcash.media/image/upload/f_auto,c_limit,w_300,q_auto/igashop/images/160000012859"
Decor Tellfresh 1L Set Oblong Containers 3 Pack,$11.70,$3.90 each,"https://cdn.metcash.media/image/upload/f_auto,c_limit,w_300,q_auto/igashop/images/234719"
Dove Conditioner Daily Care 320mL,$7.70,$2.41/100mL,"https://cdn.metcash.media/image/upload/f_auto,c_limit,w_300,q_auto/igashop/images/876956"
Remedy Kombucha Mango Passion 330mL,$2.50,$0.76/100mL,"https://cdn.metcash.media/image/upload/f_auto,c_limit,w_300,q_auto/igashop/images/180000000128"
ViledaAnsell Poly Disposable Gloves 50 Pack,$2.40,$0.05 each,"https://cdn.metcash.media/image/upload/f_auto,c_limit,w_300,q_auto/igashop/images/135143"
Continental Cup A Soup Classic Cream Of Mushroom 4 Pack,$3.00,$0.75 each,"https://cdn.metcash.media/image/upload/f_auto,c_limit,w_300,q_auto/igashop/images/17641"
Jack Hammer Hook S/S Med 1kg 3 Pack,$9.00,$3.00 each,https://www.igashop.com.au/static/default-product-image.png
Twinings Assam Bold Black Tea Bags 80 Pack,$13.50,$0.17 each,"https://cdn.metcash.media/image/upload/f_auto,c_limit,w_300,q_auto/igashop/images/190000001438"
Thins Chips Multipack Thins Variety 20 Pack,$7.50,$0.38 each,"https://cdn.metcash.media/image/upload/f_auto,c_limit,w_300,q_auto/igashop/images/400917"
Lipton Ice Tea Iced Tea 1.5L,$2.75,$1.83/1L,"https://cdn.metcash.media/image/upload/f_auto,c_limit,w_300,q_auto/igashop/images/556530"
Sara Lee Ice Cream Extreme Rocky Road 1L,$7.20,$7.20/1L,"https://cdn.metcash.media/image/upload/f_auto,c_limit,w_300,q_auto/igashop/images/126068"
MasterFoods All Purpose Seasoning 65g,$3.50,$5.38/100g,"https://cdn.metcash.media/image/upload/f_auto,c_limit,w_300,q_auto/igashop/images/364755"
Telfast Tablets 180mg 5 Pack,$8.40,$1.68 each,"https://cdn.metcash.media/image/upload/f_auto,c_limit,w_300,q_auto/igashop/images/160000003436"
Arnott's Butternut Snap Cookie 250g,$2.90,$1.16/100g,"https://cdn.metcash.media/image/upload/f_auto,c_limit,w_300,q_auto/igashop/images/345599"
Bref Power Active Gel Flower Blossom Toilet Cleaner 700mL,$3.50,$0.50/100mL,"https://cdn.metcash.media/image/upload/f_auto,c_limit,w_300,q_auto/igashop/images/20000006338_1"
Norsca Body Mist Vanilla Bean Whip 200mL,$5.00,$2.50/100mL,https://www.igashop.com.au/static/default-product-image.png
Black & Gold Chocolate Chip Bits 250g,$4.90,$1.96/100g,"https://cdn.metcash.media/image/upload/f_auto,c_limit,w_300,q_auto/igashop/images/325913"
Australian Botanical Soap Lemongrass 200g,$4.40,$2.20/100g,"https://cdn.metcash.media/image/upload/f_auto,c_limit,w_300,q_auto/igashop/images/302198"
TRESemmé Conditioner Volume 900mL,$10.50,$1.17/100mL,"https://cdn.metcash.media/image/upload/f_auto,c_limit,w_300,q_auto/igashop/images/109511"
Golden North Lemon Sorbet 1.2L,$10.50,$8.75/1L,"https://cdn.metcash.media/image/upload/f_auto,c_limit,w_300,q_auto/igashop/images/132640"
KR Castlemaine Kabana Stick 2 Pack,$5.70,$2.85 each,"https://cdn.metcash.media/image/upload/f_auto,c_limit,w_300,q_auto/igashop/images/180981"
H2Coco Pure Coconut Water 500mL,$2.50,$5.00/1L,"https://cdn.metcash.media/image/upload/f_auto,c_limit,w_300,q_auto/igashop/images/289235"
Continental Stock Vegetable 4 Pack,$4.50,$1.13 each,"https://cdn.metcash.media/image/upload/f_auto,c_limit,w_300,q_auto/igashop/images/96488"
Birds Eye Mashed Potato 800g,$5.35,$0.67/100g,"https://cdn.metcash.media/image/upload/f_auto,c_limit,w_300,q_auto/igashop/images/190000004740"
Reflex 50% Recycled Paper A4 500 Sheets,$9.00,N/A,"https://cdn.metcash.media/image/upload/f_auto,c_limit,w_300,q_auto/igashop/images/734413"
BabyBoo Crawler Nappies Size 3 56 Pack,$11.50,$0.21 each,"https://cdn.metcash.media/image/upload/f_auto,c_limit,w_300,q_auto/igashop/images/180000003413"
Masterfoods Herbs And Spices Nutmeg 35g,$3.50,$10.00/100g,"https://cdn.metcash.media/image/upload/f_auto,c_limit,w_300,q_auto/igashop/images/180000005698"
"Lighthouse Self Raising Cake, Sponge & Steamed Bun 1kg",$4.00,$4.00/kg,"https://cdn.metcash.media/image/upload/f_auto,c_limit,w_300,q_auto/igashop/images/387180"
Guerrero Homestyle Soft Taco 720g,$9.00,$1.25/100g,https://www.igashop.com.au/static/default-product-image.png
Bennetto Organic Mint & Cocoa Chocolate Nibs 100g,$8.50,$8.50/100g,"https://cdn.metcash.media/image/upload/f_auto,c_limit,w_300,q_auto/igashop/images/190000001780"
Primo Stackers Danish Salami With Cheddar Cheese & Crackers 45g,$3.00,$6.67/100g,"https://cdn.metcash.media/image/upload/f_auto,c_limit,w_300,q_auto/igashop/images/850358"
Nestlé Kit Kat Chocolate Cookie Dough Block 170g,$7.50,$4.41/100g,"https://cdn.metcash.media/image/upload/f_auto,c_limit,w_300,q_auto/igashop/images/499754"
Head And Shoulders Bare Pure Clean Anti Dandruff Shampoo 400mL,$23.00,$5.75/100mL,"https://cdn.metcash.media/image/upload/f_auto,c_limit,w_300,q_auto/igashop/images/1800000067612"
Bakers Collection Gluten Free Gingerbread Men 200g,$4.00,$2.00/100g,"https://cdn.metcash.media/image/upload/f_auto,c_limit,w_300,q_auto/igashop/images/180000002060"
Australian Botanical Kakadu Plum with Wattle Seed Oil Soap 200g,$4.40,$2.20/100g,"https://cdn.metcash.media/image/upload/f_auto,c_limit,w_300,q_auto/igashop/images/180000001817"
Schulte's Chilli Pepper Beerstick 150g,$11.00,$7.33/100g,"https://cdn.metcash.media/image/upload/f_auto,c_limit,w_300,q_auto/igashop/images/20000001850"
My Muscle Chef Recovery Bar Peanut Butter Choc 55g,$5.50,$10.00/100g,"https://cdn.metcash.media/image/upload/f_auto,c_limit,w_300,q_auto/igashop/images/574355"
Lindor Mint Collection 120g,$5.00,$4.17/100g,"https://cdn.metcash.media/image/upload/f_auto,c_limit,w_300,q_auto/igashop/images/540092"
Allen's Freckles Family Size 340g,$8.00,$2.35/100g,"https://cdn.metcash.media/image/upload/f_auto,c_limit,w_300,q_auto/igashop/images/29363"
Palmolive Dishwash Lemon Lime 1.3L,$6.00,$4.62/1L,"https://cdn.metcash.media/image/upload/f_auto,c_limit,w_300,q_auto/igashop/images/180000006259"
Pringles Sour Cream Onion 5 Pack,$3.50,$0.70 each,"https://cdn.metcash.media/image/upload/f_auto,c_limit,w_300,q_auto/igashop/images/324894"
Munchme Roasted Almond Cashew 120g,$5.50,$4.58/100g,"https://cdn.metcash.media/image/upload/f_auto,c_limit,w_300,q_auto/igashop/images/408355"
Lindt Fruit Sens Mango Passionfruit 150g,$6.00,$4.00/100g,"https://cdn.metcash.media/image/upload/f_auto,c_limit,w_300,q_auto/igashop/images/907781"
Smith's Oven Baked Sea Salt 130g,$3.00,$2.31/100g,"https://cdn.metcash.media/image/upload/f_auto,c_limit,w_300,q_auto/igashop/images/902228"
Bluebird Burger Rings 120g,$7.95,$6.63/100g,"https://cdn.metcash.media/image/upload/f_auto,c_limit,w_300,q_auto/igashop/images/20000003741"
GARNIER Pure Active 3 In 1 Face Mask Wash & Scrub 150mL,$13.50,$9.00/100mL,"https://cdn.metcash.media/image/upload/f_auto,c_limit,w_300,q_auto/igashop/images/381090"
Libra Invisible Super Pads With Wings 10 Pack,$4.50,$0.45 each,"https://cdn.metcash.media/image/upload/f_auto,c_limit,w_300,q_auto/igashop/images/160000014636"
Community Co Rocket 110g,$2.50,$2.27/100g,https://www.igashop.com.au/static/default-product-image.png
Rexona Men Antiperspirant Aerosol Essentials 250mL,$6.00,$2.40/100mL,"https://cdn.metcash.media/image/upload/f_auto,c_limit,w_300,q_auto/igashop/images/5131"
Purina One Adult Urinary Care Chicken Dry Cat Food Bag 1.4kg,$20.00,$14.29/kg,"https://cdn.metcash.media/image/upload/f_auto,c_limit,w_300,q_auto/igashop/images/517557"
OMO Touch Of Comfort Laundry Liquid 2L,$14.00,$7.00/1L,"https://cdn.metcash.media/image/upload/f_auto,c_limit,w_300,q_auto/igashop/images/829975"
Jack Hammer Pull Tie Down 25mm X 4mm,$6.50,N/A,"https://cdn.metcash.media/image/upload/f_auto,c_limit,w_300,q_auto/igashop/images/442236"
Remedy Peach Kombucha 330mL,$2.50,$0.76/100mL,"https://cdn.metcash.media/image/upload/f_auto,c_limit,w_300,q_auto/igashop/images/6601"
Chobani Greek Yoghurt Raspberry 160g,$2.70,$1.69/100g,"https://cdn.metcash.media/image/upload/f_auto,c_limit,w_300,q_auto/igashop/images/20000007125"
Queen Rainbow Food Colours 28mL,$3.75,$13.39/100mL,"https://cdn.metcash.media/image/upload/f_auto,c_limit,w_300,q_auto/igashop/images/640232"
Wild Breads Bake At Home Dinner Rolls 6 Pack,$2.80,$0.47 each,https://www.igashop.com.au/static/default-product-image.png
Exelpet Vet Series Flea Intestinal Worm & Heartworm Large Dog,$35.00,N/A,"https://cdn.metcash.media/image/upload/f_auto,c_limit,w_300,q_auto/igashop/images/487867"
Cornwell's Brown Malt Vinegar 375mL,$2.55,$0.68/100mL,"https://cdn.metcash.media/image/upload/f_auto,c_limit,w_300,q_auto/igashop/images/36302"
Impressed Berry Bliss Juice 1L,$4.80,$4.80/1L,"https://cdn.metcash.media/image/upload/f_auto,c_limit,w_300,q_auto/igashop/images/180000000688"
Cadbury Dairy Milk Choc Caramel Easter Egg Bag 115g,$5.50,$4.78/100g,"https://cdn.metcash.media/image/upload/f_auto,c_limit,w_300,q_auto/igashop/images/995556"
Gravox Liquid Roast Chicken with Herbs Gravy 165g,$3.50,$2.12/100g,"https://cdn.metcash.media/image/upload/f_auto,c_limit,w_300,q_auto/igashop/images/493588"
Dove Advanced Care Antiperspirant Roll On Cucumber And Green Tea 50mL,$5.00,$10.00/100mL,"https://cdn.metcash.media/image/upload/f_auto,c_limit,w_300,q_auto/igashop/images/324409"
Jolly Lolly Jersey Caramels 160g,$2.50,$1.56/100g,"https://cdn.metcash.media/image/upload/f_auto,c_limit,w_300,q_auto/igashop/images/20000001757"
My Muscle Chef Protein Cookie Cookies & Cream 92g,$5.95,$6.47/100g,"https://cdn.metcash.media/image/upload/f_auto,c_limit,w_300,q_auto/igashop/images/150000002921"
Kraft Grated Parmesan Cheese 125g,$5.90,$4.72/100g,"https://cdn.metcash.media/image/upload/f_auto,c_limit,w_300,q_auto/igashop/images/28668"
Vanish Gold Multi Power Gel 2L,$32.00,$16.00/1L,"https://cdn.metcash.media/image/upload/f_auto,c_limit,w_300,q_auto/igashop/images/351943"
Olina's Bakehouse Artisan Crackers Cranberry & Sunflower Seed 400g,$5.00,$1.25/100g,"https://cdn.metcash.media/image/upload/f_auto,c_limit,w_300,q_auto/igashop/images/9333"
Golden Circle Golden Pash 2L,$4.50,$2.25/1L,"https://cdn.metcash.media/image/upload/f_auto,c_limit,w_300,q_auto/igashop/images/694215"
The Yoghurt Shop Vanilla Bean Greek Yoghurt 500g,$6.90,$1.38/100g,"https://cdn.metcash.media/image/upload/f_auto,c_limit,w_300,q_auto/igashop/images/559392"
Capilano Manuka MGO 30+ 340g,$10.60,$3.12/100g,"https://cdn.metcash.media/image/upload/f_auto,c_limit,w_300,q_auto/igashop/images/920145"
"Birds Eye Country Harvest Frozen Carrot, Cauliflower & Broccoli 500g",$3.00,$0.60/100g,"https://cdn.metcash.media/image/upload/f_auto,c_limit,w_300,q_auto/igashop/images/134859"
Campbells Bone Broth Stock Beef Pouch 500mL,$8.00,$1.60/100mL,"https://cdn.metcash.media/image/upload/f_auto,c_limit,w_300,q_auto/igashop/images/997053"
Tabasco Pepper Sauce 60mL,$4.40,$7.33/100mL,"https://cdn.metcash.media/image/upload/f_auto,c_limit,w_300,q_auto/igashop/images/160000003410"
Beerenberg Taka Tala Sauce 300mL,$6.50,$2.17/100mL,"https://cdn.metcash.media/image/upload/f_auto,c_limit,w_300,q_auto/igashop/images/805222"
Cadbury Oreo Egg Gift Box 182g,$10.00,$5.49/100g,"https://cdn.metcash.media/image/upload/f_auto,c_limit,w_300,q_auto/igashop/images/442980"
U By Kotex Sport Liners 30 Pack,$3.50,$0.12 each,"https://cdn.metcash.media/image/upload/f_auto,c_limit,w_300,q_auto/igashop/images/383796"
Twinings Green Tea Bags 50 Pack,$8.50,$0.17 each,"https://cdn.metcash.media/image/upload/f_auto,c_limit,w_300,q_auto/igashop/images/419102"
Schweppes Lemon Lime & Bitters 4 Pack,$7.50,$1.88 each,"https://cdn.metcash.media/image/upload/f_auto,c_limit,w_300,q_auto/igashop/images/461670"
Always Fresh Cucumbers Sweet & Sour 680g,$4.60,$0.68/100g,"https://cdn.metcash.media/image/upload/f_auto,c_limit,w_300,q_auto/igashop/images/400844"
Smith's Oven Baked Potato Chips Sea Salt 5 Pack,$3.50,$0.70 each,"https://cdn.metcash.media/image/upload/f_auto,c_limit,w_300,q_auto/igashop/images/160000003258"
Fanta Flavours Lemon 1.25L,$2.00,$1.60/1L,"https://cdn.metcash.media/image/upload/f_auto,c_limit,w_300,q_auto/igashop/images/180000006315"
Cadbury Baking Milk Chocolate Chips 200g,$7.50,$3.75/100g,"https://cdn.metcash.media/image/upload/f_auto,c_limit,w_300,q_auto/igashop/images/170000001419"
Mennen Speed Stick Men Antiperspirant Deodorant Continuous Protection Fresh Rush 48 Hour Protection 55g,$5.95,$10.82/100g,"https://cdn.metcash.media/image/upload/f_auto,c_limit,w_300,q_auto/igashop/images/58566"
Cadbury Pascall Clinkers Easter Egg Gift Pack 220g,$12.00,$5.45/100g,"https://cdn.metcash.media/image/upload/f_auto,c_limit,w_300,q_auto/igashop/images/286708"
Glad Small Kitchen Tidy Bags 50 Pack,$3.75,$0.08 each,"https://cdn.metcash.media/image/upload/f_auto,c_limit,w_300,q_auto/igashop/images/497647"
Multix Sandwich Bag Quick Zip 40 Pack,$3.35,$0.08 each,"https://cdn.metcash.media/image/upload/f_auto,c_limit,w_300,q_auto/igashop/images/80929"
Neutrogena Deep Clean Facial Cleanser 150g,$9.00,$6.00/100g,https://www.igashop.com.au/static/default-product-image.png
Wonder Gluten Free Vitamins & Minerals Wholemeal 500g,$7.00,$1.40/100g,"https://cdn.metcash.media/image/upload/f_auto,c_limit,w_300,q_auto/igashop/images/912147"
Bakers Collection Caramel Tarts With Gold Sugar Flecks 200g,$4.00,$2.00/100g,"https://cdn.metcash.media/image/upload/f_auto,c_limit,w_300,q_auto/igashop/images/180000002088"
Ho Mai Apple Spring Roll 200g,$5.50,$2.75/100g,https://www.igashop.com.au/static/default-product-image.png
Nice & Natural Nut Bar Strawberry & Cream 192g,$5.50,$2.86/100g,"https://cdn.metcash.media/image/upload/f_auto,c_limit,w_300,q_auto/igashop/images/266868"
Rafferty's Garden Banana & Pumpkin Teething Wafers 6M+ 60g,$4.00,$6.67/100g,https://www.igashop.com.au/static/default-product-image.png
QBA Artisan Loaf Turkish 420g,$4.15,$0.99/100g,"https://cdn.metcash.media/image/upload/f_auto,c_limit,w_300,q_auto/igashop/images/858018"
Dettol Antibacterial Foam Hand Wash Refill Rose And Cherry 900mL,$10.50,$1.17/100mL,"https://cdn.metcash.media/image/upload/f_auto,c_limit,w_300,q_auto/igashop/images/862680"
The Barossa Valley Cheese Co Activated Charcoal Crispbreads 100g,$5.30,$5.30/100g,"https://cdn.metcash.media/image/upload/f_auto,c_limit,w_300,q_auto/igashop/images/190000005049"
Youfoodz Fuel'D Sundried Tomato Chicken 410g,$11.95,$2.91/100g,"https://cdn.metcash.media/image/upload/f_auto,c_limit,w_300,q_auto/igashop/images/1800000068780"
Hershey's Chocolate Block Cookies N Creme 170g,$3.00,$1.76/100g,"https://cdn.metcash.media/image/upload/f_auto,c_limit,w_300,q_auto/igashop/images/633683"
Annabel Karmel Macaroni & Cheese 200g,$4.30,$2.15/100g,"https://cdn.metcash.media/image/upload/f_auto,c_limit,w_300,q_auto/igashop/images/749780"
Jeeny's Tamarind Puree 220g,$5.70,$2.59/100g,"https://cdn.metcash.media/image/upload/f_auto,c_limit,w_300,q_auto/igashop/images/839360"
Pitt Street Bakers Jewelled Christmas Cake 200g,$4.00,$2.00/100g,https://www.igashop.com.au/static/default-product-image.png
iCare 3 Ply Toilet Rolls 24 Pack,$10.00,$0.42 each,"https://cdn.metcash.media/image/upload/f_auto,c_limit,w_300,q_auto/igashop/images/431706"
Zyrtec Hay Fever Rapid Acting Liquid Capsules 10 Pack,$11.60,$1.16 each,"https://cdn.metcash.media/image/upload/f_auto,c_limit,w_300,q_auto/igashop/images/849438"
Goulburn Valley Peaches In Juice 700g,$5.00,$0.71/100g,"https://cdn.metcash.media/image/upload/f_auto,c_limit,w_300,q_auto/igashop/images/391773"
Serious Organic Frozen Strawberries 250g,$7.80,$3.12/100g,"https://cdn.metcash.media/image/upload/f_auto,c_limit,w_300,q_auto/igashop/images/20000002131"
Picky Picky Peanut Oil 790mL,$7.20,$0.91/100mL,"https://cdn.metcash.media/image/upload/f_auto,c_limit,w_300,q_auto/igashop/images/20000005345"
Powerade Isotonic Blackcurrant Sports Drink Flat Cap 1.5L,$6.55,$4.37/1L,"https://cdn.metcash.media/image/upload/f_auto,c_limit,w_300,q_auto/igashop/images/944291"
Abbott's Bakery Farmhouse Wholemeal Bread 750g,$5.20,$0.69/100g,"https://cdn.metcash.media/image/upload/f_auto,c_limit,w_300,q_auto/igashop/images/811082"
Green's Deluxe Choc Chunk Cookie Mix 400g,$2.75,$0.69/100g,"https://cdn.metcash.media/image/upload/f_auto,c_limit,w_300,q_auto/igashop/images/180000005557"
Beerenberg Worcestershire Sauce 300mL,$6.50,$2.17/100mL,"https://cdn.metcash.media/image/upload/f_auto,c_limit,w_300,q_auto/igashop/images/675685"
Cadbury Caramilk Hedgehog 165g,$8.00,$4.85/100g,"https://cdn.metcash.media/image/upload/f_auto,c_limit,w_300,q_auto/igashop/images/235493"
Dove Men Deodorant Aerosol Fig Suede 230mL,$7.00,$3.04/100mL,"https://cdn.metcash.media/image/upload/f_auto,c_limit,w_300,q_auto/igashop/images/1800000068137"
CSR All Natural Buttercream Icing Mix Vanilla 250g,$3.00,$1.20/100g,"https://cdn.metcash.media/image/upload/f_auto,c_limit,w_300,q_auto/igashop/images/614561"
V.I.P. Paws Mince Lean Reseal 1kg,$7.00,$7.00/kg,"https://cdn.metcash.media/image/upload/f_auto,c_limit,w_300,q_auto/igashop/images/155091"
Maggie Beer Verjuice 375mL,$15.00,$4.00/100mL,"https://cdn.metcash.media/image/upload/f_auto,c_limit,w_300,q_auto/igashop/images/160000013724"
Hapi Dry Roasted Edamame 100g,$2.49,$2.49/100g,"https://cdn.metcash.media/image/upload/f_auto,c_limit,w_300,q_auto/igashop/images/190000001313"
BabyLove Beyond Nappy Pants Size 6 Junior For Boys & Girls 26 Pack,$11.50,$0.44 each,"https://cdn.metcash.media/image/upload/f_auto,c_limit,w_300,q_auto/igashop/images/160000012787"
Brookfarm Gluten Free Cranberry Macadamia Muesli 950g,$30.95,$3.26/100g,"https://cdn.metcash.media/image/upload/f_auto,c_limit,w_300,q_auto/igashop/images/150000007720"
Cadbury Creme Egg 40g,$3.00,$7.50/100g,"https://cdn.metcash.media/image/upload/f_auto,c_limit,w_300,q_auto/igashop/images/150000007745"
Bite Me Fine Foods Veggie Chickpea Burger 250g,$9.50,$3.80/100g,"https://cdn.metcash.media/image/upload/f_auto,c_limit,w_300,q_auto/igashop/images/20000001110"
Community Co Espresso Capsules 57g,$4.50,$7.89/100g,"https://cdn.metcash.media/image/upload/f_auto,c_limit,w_300,q_auto/igashop/images/192844"
Snowdonia Green Thunder Cheese Wedge 150g,$9.50,$6.33/100g,"https://cdn.metcash.media/image/upload/f_auto,c_limit,w_300,q_auto/igashop/images/190000002034"
Cobram Estate Ultra Premium Picual Australian Extra Virgin Olive Oil 500mL,$25.00,$5.00/100mL,"https://cdn.metcash.media/image/upload/f_auto,c_limit,w_300,q_auto/igashop/images/164278"
Big Lolly Halloween Mix 500g,$7.65,$1.53/100g,"https://cdn.metcash.media/image/upload/f_auto,c_limit,w_300,q_auto/igashop/images/631034"
Brut Shaving Cream 250g,$4.60,$1.84/100g,"https://cdn.metcash.media/image/upload/f_auto,c_limit,w_300,q_auto/igashop/images/344080"
Brita Micro-Disc Filter 3 Pack,$15.00,$5.00 each,"https://cdn.metcash.media/image/upload/f_auto,c_limit,w_300,q_auto/igashop/images/487024"
No Vac Foam Carpet Sanitiser & Deodoriser Sheer Vanilla & Orchid 290g,$6.50,$2.24/100g,"https://cdn.metcash.media/image/upload/f_auto,c_limit,w_300,q_auto/igashop/images/79478"
Betadine Sore Throat Gargle Concentrated 15mL,$15.00,$100.00/100mL,"https://cdn.metcash.media/image/upload/f_auto,c_limit,w_300,q_auto/igashop/images/66310"
Oreo Caramilk Mini Sandwich Biscuits 157g,$4.50,$2.87/100g,"https://cdn.metcash.media/image/upload/f_auto,c_limit,w_300,q_auto/igashop/images/180000005539"
John West Tuna Slices In Springwater 125g,$3.95,$3.16/100g,"https://cdn.metcash.media/image/upload/f_auto,c_limit,w_300,q_auto/igashop/images/490661"
Nice & Natural Deluxe Protein Bars Salted Caramel Cashew & Choc 200g,$5.00,$2.50/100g,"https://cdn.metcash.media/image/upload/f_auto,c_limit,w_300,q_auto/igashop/images/180000004831"
Vileda Wettex Cloth Sponge 3 Pack,$4.70,$1.57 each,"https://cdn.metcash.media/image/upload/f_auto,c_limit,w_300,q_auto/igashop/images/413952"
Cadbury Easter Eggs Humpty Egg Gift Box 132g,$11.75,$8.90/100g,"https://cdn.metcash.media/image/upload/f_auto,c_limit,w_300,q_auto/igashop/images/180000003524"
Ready Chef Penne Bolognese Bake 1.2kg,$12.50,$10.42/kg,"https://cdn.metcash.media/image/upload/f_auto,c_limit,w_300,q_auto/igashop/images/180000002600"
TRESemmé Shampoo Nourish & Shine 940mL,$9.25,$0.98/100mL,"https://cdn.metcash.media/image/upload/f_auto,c_limit,w_300,q_auto/igashop/images/509237"
Mission Original Tortillas 12 Pack,$4.50,$0.37 each,"https://cdn.metcash.media/image/upload/f_auto,c_limit,w_300,q_auto/igashop/images/1239"
Mediterranean Delicacies Baklava Walnut 300g,$9.95,$3.32/100g,https://www.igashop.com.au/static/default-product-image.png
Whiskas 1+ Wet Cat Food with Chicken Favourites In Gravy 12 Pack,$10.40,$0.87 each,"https://cdn.metcash.media/image/upload/f_auto,c_limit,w_300,q_auto/igashop/images/63969"
Spice & Co Cajun Spice Mix 45g,$3.75,$8.33/100g,"https://cdn.metcash.media/image/upload/f_auto,c_limit,w_300,q_auto/igashop/images/190000002380"
Vittoria Organic Espressotoria Compatible Coffee Capsules 12 Pack,$5.00,$0.42 each,"https://cdn.metcash.media/image/upload/f_auto,c_limit,w_300,q_auto/igashop/images/160000014183"
Kraft Cheddar Block 500g,$8.35,$1.67/100g,https://www.igashop.com.au/static/default-product-image.png
Vaalia Boost Mango Magic Yoghurt 150g,$2.80,$1.87/100g,https://www.igashop.com.au/static/default-product-image.png
Continental Pasta & Sauce Four Cheeses 100g,$3.00,$3.00/100g,"https://cdn.metcash.media/image/upload/f_auto,c_limit,w_300,q_auto/igashop/images/40482"
Macadamias Australia Honey Roasted Macadamias 110g,$11.95,$10.86/100g,https://www.igashop.com.au/static/default-product-image.png
Four 'N Twenty Butter Chicken Pies 4 Pack,$9.50,$2.38 each,"https://cdn.metcash.media/image/upload/f_auto,c_limit,w_300,q_auto/igashop/images/170000000723"
Remedy Kombucha Orange Squeeze 330mL,$3.20,$9.70/1L,"https://cdn.metcash.media/image/upload/f_auto,c_limit,w_300,q_auto/igashop/images/669472"
Lindt Dark Hazelnut Gourmet Eggs Bag 93g,$9.00,$9.68/100g,"https://cdn.metcash.media/image/upload/f_auto,c_limit,w_300,q_auto/igashop/images/190000009620"
Pandaroo Coconut Water 310mL,$2.65,$0.85/100mL,"https://cdn.metcash.media/image/upload/f_auto,c_limit,w_300,q_auto/igashop/images/190000003137"
Cadbury Chocolate Cadbury Dairy Milk Coconut Rough Easter Bunny 160g,$10.00,$6.25/100g,"https://cdn.metcash.media/image/upload/f_auto,c_limit,w_300,q_auto/igashop/images/180000003529"
BabyLove Cosifit Nappies Size 5 54 Pack,$28.00,$0.52 each,"https://cdn.metcash.media/image/upload/f_auto,c_limit,w_300,q_auto/igashop/images/160000012791"
Cottee's Jam Blackberry 375g,$3.50,$0.93/100g,"https://cdn.metcash.media/image/upload/f_auto,c_limit,w_300,q_auto/igashop/images/266740"
Lays Stax Orginal 42g,$2.05,$4.88/100g,https://www.igashop.com.au/static/default-product-image.png
Kleenex Aloe Vera & Vitamin E Facial Tissues 3-Ply 95 Sheets 95 Pack,$2.60,$0.03 each,"https://cdn.metcash.media/image/upload/f_auto,c_limit,w_300,q_auto/igashop/images/455255"
Roza's Gourmet Sauce Traditional Pesto 240mL,$10.95,$4.56/100mL,"https://cdn.metcash.media/image/upload/f_auto,c_limit,w_300,q_auto/igashop/images/2865"
Koala Natural Multi-Purpose Kitchen Cleaner Lemon Myrtle & Mandarin 500mL,$13.10,$2.62/100mL,"https://cdn.metcash.media/image/upload/f_auto,c_limit,w_300,q_auto/igashop/images/190000001944"
Byron Gourmet Gluten Free Steak Pie 220g,$9.00,$4.09/100g,"https://cdn.metcash.media/image/upload/f_auto,c_limit,w_300,q_auto/igashop/images/20000001995"
L'OR Espresso Onyx Coffee Capsules Compatible with Nespresso 10 Pack,$5.30,$0.53 each,"https://cdn.metcash.media/image/upload/f_auto,c_limit,w_300,q_auto/igashop/images/807826"
Flora Margarine Spread Buttery 500g,$3.90,$0.78/100g,"https://cdn.metcash.media/image/upload/f_auto,c_limit,w_300,q_auto/igashop/images/160000011650"
Cadbury Boost 60g,$2.50,$4.17/100g,"https://cdn.metcash.media/image/upload/f_auto,c_limit,w_300,q_auto/igashop/images/351118"
Poppin Microwave Popcorn Butter Flavour 4 Pack,$4.95,$1.24 each,"https://cdn.metcash.media/image/upload/f_auto,c_limit,w_300,q_auto/igashop/images/432786"
Oral-B Precision Clean Replacement Brush Heads 6 Pack,$44.15,$7.36 each,"https://cdn.metcash.media/image/upload/f_auto,c_limit,w_300,q_auto/igashop/images/160000001830"
Allens Butter Menthol Throat Gummies 70g,$2.00,$2.86/100g,https://www.igashop.com.au/static/default-product-image.png
Balfours Traditional Pasty 600g,$13.85,$2.31/100g,"https://cdn.metcash.media/image/upload/f_auto,c_limit,w_300,q_auto/igashop/images/161021"
Beerenberg Razorback Mustard 150g,$5.10,$3.40/100g,"https://cdn.metcash.media/image/upload/f_auto,c_limit,w_300,q_auto/igashop/images/190000000989"
Brown Onion 180g,Final cost based on weight,$0.71/$3.95,"https://cdn.metcash.media/image/upload/f_auto,c_limit,w_300,q_auto/igashop/images/80060047"
Bruemar Pork Scotch Steaks Teriyaki Style 300g,$9.70,$3.23/100g,https://www.igashop.com.au/static/default-product-image.png
Maesri Paste Green Curry 114g,$1.99,$1.75/100g,"https://cdn.metcash.media/image/upload/f_auto,c_limit,w_300,q_auto/igashop/images/20000005284"
Nanna's Multipack Pies & Desserts Apple Pie 4 Pack,$6.50,$1.63 each,"https://cdn.metcash.media/image/upload/f_auto,c_limit,w_300,q_auto/igashop/images/275964"
Sandhurst Australian Pitted Kalamata Olives 300g,$4.20,$1.40/100g,"https://cdn.metcash.media/image/upload/f_auto,c_limit,w_300,q_auto/igashop/images/323843"
Huggies Ultimate Nappy Pants for Boys & Girls Size 4 (10-15kg) 56 Pack,$39.00,$0.70 each,"https://cdn.metcash.media/image/upload/f_auto,c_limit,w_300,q_auto/igashop/images/170000002414"
Panadol Plus Cold & Flu Decongestant 20 Tablets 20 Pack,$14.00,$0.70 each,"https://cdn.metcash.media/image/upload/f_auto,c_limit,w_300,q_auto/igashop/images/421206"
Red Rock Deli Cheddar & Parmesan Deli Style Crackers 135g,$5.00,$3.70/100g,"https://cdn.metcash.media/image/upload/f_auto,c_limit,w_300,q_auto/igashop/images/150000000733"
Huggies Little Swimmers Swimpants Small (7-12kg) 12 Pack,$15.30,$1.27 each,"https://cdn.metcash.media/image/upload/f_auto,c_limit,w_300,q_auto/igashop/images/160000010816"
Schwarzkopf Brilliance L43 Smouldering Red,$19.50,N/A,"https://cdn.metcash.media/image/upload/f_auto,c_limit,w_300,q_auto/igashop/images/245524"
Dr. Oetker Ristorante Frozen Pizza Diavola 362g,$9.50,$2.62/100g,"https://cdn.metcash.media/image/upload/f_auto,c_limit,w_300,q_auto/igashop/images/180000006541"
MasterFoods Hollandaise Finishing Sauce 160g,$3.25,$2.03/100g,"https://cdn.metcash.media/image/upload/f_auto,c_limit,w_300,q_auto/igashop/images/372368"
Glen 20 All-In-One Disinfectant Spray Country Scent 300g,$11.00,$3.67/100g,"https://cdn.metcash.media/image/upload/f_auto,c_limit,w_300,q_auto/igashop/images/459136"
Balducci Spaghettini No. 3 500g,$1.75,$0.35/100g,"https://cdn.metcash.media/image/upload/f_auto,c_limit,w_300,q_auto/igashop/images/356964"
Pura Thick Cream Dollop 300mL,$7.00,$2.33/100mL,"https://cdn.metcash.media/image/upload/f_auto,c_limit,w_300,q_auto/igashop/images/156194"
Wiltshire Oblong Pan 33.5cm X 23cm,$8.00,N/A,"https://cdn.metcash.media/image/upload/f_auto,c_limit,w_300,q_auto/igashop/images/285202"
Only Organic Baby Food Pear Gold Kiwifruit & Oats 120g,$2.15,$1.79/100g,"https://cdn.metcash.media/image/upload/f_auto,c_limit,w_300,q_auto/igashop/images/292296"
Whiskas 1+ Years Wet Cat Food Chicken In Jelly Pouch 12 Pack,$10.40,$0.87 each,"https://cdn.metcash.media/image/upload/f_auto,c_limit,w_300,q_auto/igashop/images/845934"
Australia's Own Organic Almond Milk Unsweetened 1L,$3.20,$3.20/1L,"https://cdn.metcash.media/image/upload/f_auto,c_limit,w_300,q_auto/igashop/images/456196"
Schwarzkopf Simply Colour 3.65 Chocolate Brown,$20.00,N/A,"https://cdn.metcash.media/image/upload/f_auto,c_limit,w_300,q_auto/igashop/images/577829"
Sunsilk Conditioner Vibrant Colour Protection 350mL,$6.50,$1.86/100mL,"https://cdn.metcash.media/image/upload/f_auto,c_limit,w_300,q_auto/igashop/images/618222"
John West Olive Oil Blend Salmon Tempter Multipack 3 Pack,$7.90,$2.63 each,"https://cdn.metcash.media/image/upload/f_auto,c_limit,w_300,q_auto/igashop/images/180000006275"
Sara Lee Mixed Berry Cheesecake 410g,$6.30,$1.54/100g,"https://cdn.metcash.media/image/upload/f_auto,c_limit,w_300,q_auto/igashop/images/115449"
Warheads Sour Chewy Cubes 113g,$4.95,$4.38/100g,"https://cdn.metcash.media/image/upload/f_auto,c_limit,w_300,q_auto/igashop/images/180000000444"
Bertolli with Butter Margarine and a Pinch Of Sea Salt 400g,$4.44,$1.11/100g,"https://cdn.metcash.media/image/upload/f_auto,c_limit,w_300,q_auto/igashop/images/160000011595"
ABC Sweet Soy Sauce 620mL,$5.50,$0.89/100mL,"https://cdn.metcash.media/image/upload/f_auto,c_limit,w_300,q_auto/igashop/images/482846"
Laucke Crusty White Bread Mix 5kg,$17.35,$3.47/kg,"https://cdn.metcash.media/image/upload/f_auto,c_limit,w_300,q_auto/igashop/images/686466"
Red Rock Deli Sea Salt & Balsamic Vinegar Potato Chips 165g,$6.00,$3.64/100g,"https://cdn.metcash.media/image/upload/f_auto,c_limit,w_300,q_auto/igashop/images/24020"
Garnier Cleaser Micellar 400mL,$19.00,$4.75/100mL,"https://cdn.metcash.media/image/upload/f_auto,c_limit,w_300,q_auto/igashop/images/115172"
SKYN Original Condoms 10 Pack,$9.10,$0.91 each,"https://cdn.metcash.media/image/upload/f_auto,c_limit,w_300,q_auto/igashop/images/56917"
Connoisseur Ice Cream Cookies & Cream 1L,$13.45,$13.45/1L,"https://cdn.metcash.media/image/upload/f_auto,c_limit,w_300,q_auto/igashop/images/128010"
Daily Squeeze Citrus Burst Mandarin Orange Juice 3L,$10.35,$3.45/1L,"https://cdn.metcash.media/image/upload/f_auto,c_limit,w_300,q_auto/igashop/images/180000004534"
San Remo No. 35 Elbows 500g,$2.95,$0.59/100g,"https://cdn.metcash.media/image/upload/f_auto,c_limit,w_300,q_auto/igashop/images/46399"
Community Co Crusty Vienna Loaf 460g,$4.10,$0.89/100g,"https://cdn.metcash.media/image/upload/f_auto,c_limit,w_300,q_auto/igashop/images/320248"
S&B Golden Curry Mix Mild 92g,$8.25,$8.97/100g,"https://cdn.metcash.media/image/upload/f_auto,c_limit,w_300,q_auto/igashop/images/35288"
Jacob's Wafers Coconut 370g,$5.50,$1.49/100g,https://www.igashop.com.au/static/default-product-image.png
Heinz Classic Canned Soup Winter Vegetable 535g,$4.40,$0.82/100g,"https://cdn.metcash.media/image/upload/f_auto,c_limit,w_300,q_auto/igashop/images/331655"
Zoetic Infusions Organic Peppermint Tea Bags 25 Pack,$4.95,$0.20 each,"https://cdn.metcash.media/image/upload/f_auto,c_limit,w_300,q_auto/igashop/images/160000012411"
Sunbeam Sultanas & Apple 6 Pack,$4.20,$0.70 each,"https://cdn.metcash.media/image/upload/f_auto,c_limit,w_300,q_auto/igashop/images/343791"
Simple Kind To Skin Light Moisturiser Hydrating 125mL,$5.75,$4.60/100mL,"https://cdn.metcash.media/image/upload/f_auto,c_limit,w_300,q_auto/igashop/images/65982"
Pomegranate,$4.95,N/A,"https://cdn.metcash.media/image/upload/f_auto,c_limit,w_300,q_auto/igashop/images/80050111"
Praise Creamy Mayonnaise Traditional 470g,$5.00,$1.06/100g,"https://cdn.metcash.media/image/upload/f_auto,c_limit,w_300,q_auto/igashop/images/372643"
Mount Franklin Lightly Sparkling Water Lime Bottle 1.25L,$2.00,$1.60/1L,"https://cdn.metcash.media/image/upload/f_auto,c_limit,w_300,q_auto/igashop/images/20000005780"
Reese's Chocolate Baking Chips 283g,$6.00,$2.12/100g,"https://cdn.metcash.media/image/upload/f_auto,c_limit,w_300,q_auto/igashop/images/452757"
U By Kotex Overnight Ultrathins Regular 10 Pack,$5.60,$0.56 each,"https://cdn.metcash.media/image/upload/f_auto,c_limit,w_300,q_auto/igashop/images/384938"
Cold Power Laundry Triple Capsules Sensitive 390g,$28.00,$7.18/100g,"https://cdn.metcash.media/image/upload/f_auto,c_limit,w_300,q_auto/igashop/images/160000013224"
Nutty Bay Cashew Cheese Mushroom 270g,$14.95,$5.54/100g,"https://cdn.metcash.media/image/upload/f_auto,c_limit,w_300,q_auto/igashop/images/190000004143"
Aurora Chocolate & Lemon Sorbet Gelato 2L,$16.99,$8.50/1L,"https://cdn.metcash.media/image/upload/f_auto,c_limit,w_300,q_auto/igashop/images/190000004269"
Glad Garden Bag 3 Pack,$3.85,$1.28 each,"https://cdn.metcash.media/image/upload/f_auto,c_limit,w_300,q_auto/igashop/images/490289"
Belladotti Sun Dried Tomato & Basil Couscous 250g,$5.50,$2.20/100g,https://www.igashop.com.au/static/default-product-image.png
Community Co Frozen Blueberries 1kg,$11.00,$11.00/kg,"https://cdn.metcash.media/image/upload/f_auto,c_limit,w_300,q_auto/igashop/images/180000005379"
Kenilworth Rich Chocolate Mousse 170g,$3.90,$2.29/100g,"https://cdn.metcash.media/image/upload/f_auto,c_limit,w_300,q_auto/igashop/images/190000003866"
Continental Recipe Base Chilli Con Carne 40g,$1.80,$4.50/100g,"https://cdn.metcash.media/image/upload/f_auto,c_limit,w_300,q_auto/igashop/images/412671"
Wattle Valley Chunky Capsicum with Cashew Dip 135g,$5.25,$3.89/100g,https://www.igashop.com.au/static/default-product-image.png
Black & Gold Cloudy Ammonia 1L,$1.95,$1.95/1L,"https://cdn.metcash.media/image/upload/f_auto,c_limit,w_300,q_auto/igashop/images/360939"
Beerenberg One Pot Mexican Base 240mL,$6.50,$2.71/100mL,"https://cdn.metcash.media/image/upload/f_auto,c_limit,w_300,q_auto/igashop/images/947626"
Darrell Lea Rocklea Road Raspberry Milk Chocolate 145g,$4.55,$3.14/100g,"https://cdn.metcash.media/image/upload/f_auto,c_limit,w_300,q_auto/igashop/images/393534"
"Byron Bay Coconut, Cranberry & Apple Granola 400g",$15.95,$3.99/100g,"https://cdn.metcash.media/image/upload/f_auto,c_limit,w_300,q_auto/igashop/images/160000013675"
Ajax Spray n' Wipe Multi-Purpose Antibacterial Disinfectant Cleaner Trigger Surface Spray Apple & Citrus 500mL,$3.50,$0.70/100mL,"https://cdn.metcash.media/image/upload/f_auto,c_limit,w_300,q_auto/igashop/images/330811"
Birds Eye Veggie Rice Cauliflower Rice Mushroon & Pea Risotto 500g,$7.30,$1.46/100g,"https://cdn.metcash.media/image/upload/f_auto,c_limit,w_300,q_auto/igashop/images/429157"
Duck Blue Plus Refill Toilet Cleaner 2 Pack,$5.00,$2.50 each,"https://cdn.metcash.media/image/upload/f_auto,c_limit,w_300,q_auto/igashop/images/460593"
Nature's Gift Meal Time Lamb Recipe With Pasta & Veg Wet Dog Food 700g,$2.10,$0.30/100g,"https://cdn.metcash.media/image/upload/f_auto,c_limit,w_300,q_auto/igashop/images/978266"
ASD Utility Rope 9m,$1.30,N/A,"https://cdn.metcash.media/image/upload/f_auto,c_limit,w_300,q_auto/igashop/images/205935"
Uncle Tobys Oats Quick Sachets Breakfast Cereal Original Big Bowl 8 Pack,$7.00,$0.88 each,"https://cdn.metcash.media/image/upload/f_auto,c_limit,w_300,q_auto/igashop/images/200257"
Twinings Earl Grey Tea 50 Pack,$8.50,$0.17 each,"https://cdn.metcash.media/image/upload/f_auto,c_limit,w_300,q_auto/igashop/images/383563"
Maggie Beer Paste Quince Cherry & Chocolate 100g,$6.30,$6.30/100g,"https://cdn.metcash.media/image/upload/f_auto,c_limit,w_300,q_auto/igashop/images/337460"
Sirena Snacking Tuna & Chilli Mayonnaise 75g,$3.20,$4.27/100g,"https://cdn.metcash.media/image/upload/f_auto,c_limit,w_300,q_auto/igashop/images/471329"
Carman's Nut Bars Low Sugar Low Carb Dark Choc Roast Cashew 170g,$8.50,$5.00/100g,"https://cdn.metcash.media/image/upload/f_auto,c_limit,w_300,q_auto/igashop/images/644155"
Huggies DryNites Night Time Pants for Boys 8-15 Years (27-57kg) 8 Pack,$11.00,$1.38 each,"https://cdn.metcash.media/image/upload/f_auto,c_limit,w_300,q_auto/igashop/images/582418"
Harris Smokehouse Salmon Gravlax 100g,$11.95,$11.95/100g,"https://cdn.metcash.media/image/upload/f_auto,c_limit,w_300,q_auto/igashop/images/20000002059"
Bulldog Original Face Wash 150mL,$15.00,$10.00/100mL,"https://cdn.metcash.media/image/upload/f_auto,c_limit,w_300,q_auto/igashop/images/160000011098"
Mentos Sugar Confectionery Soft Drink Mix Share Bag 150g,$3.50,$2.33/100g,https://www.igashop.com.au/static/default-product-image.png
Beerenberg Roadhouse Steak Sauce 300mL,$6.55,$2.18/100mL,"https://cdn.metcash.media/image/upload/f_auto,c_limit,w_300,q_auto/igashop/images/481073"
East Forged Green Tea & Pitaya 250mL,$4.50,$18.00/1L,https://www.igashop.com.au/static/default-product-image.png
Mission Taco Seasoning Mix 35g,$2.10,$6.00/100g,"https://cdn.metcash.media/image/upload/f_auto,c_limit,w_300,q_auto/igashop/images/38197"
Edgell Snack Time Corn With Paprika Salt And Pepper 70g,$1.60,$2.29/100g,"https://cdn.metcash.media/image/upload/f_auto,c_limit,w_300,q_auto/igashop/images/579499"
Crest Power Board 4 Socket,$25.00,N/A,"https://cdn.metcash.media/image/upload/f_auto,c_limit,w_300,q_auto/igashop/images/899734"
Brushed Potato Prepack 5kg,$14.95,N/A,"https://cdn.metcash.media/image/upload/f_auto,c_limit,w_300,q_auto/igashop/images/80050112"
Artline Marker 70 Red,$5.00,N/A,"https://cdn.metcash.media/image/upload/f_auto,c_limit,w_300,q_auto/igashop/images/232801"
Raid Odourless Flying Insect Killer Aerosol 350g,$5.15,$1.47/100g,"https://cdn.metcash.media/image/upload/f_auto,c_limit,w_300,q_auto/igashop/images/341090"
Global Salmon Skin Off Twin Pack 250g,$19.70,$7.88/100g,https://www.igashop.com.au/static/default-product-image.png
Haagen-Dazs Ice Cream Macaron Strawberry & Raspberry 420mL,$13.50,$3.21/100mL,"https://cdn.metcash.media/image/upload/f_auto,c_limit,w_300,q_auto/igashop/images/279206"
Huggies DryNites Night Time Pants for Boys 2-4 Years (13-20kg) 10 Pack,$10.00,$1.00 each,"https://cdn.metcash.media/image/upload/f_auto,c_limit,w_300,q_auto/igashop/images/581137"
V Guarana Energy Drink Original 4 Pack,$11.75,$2.94 each,"https://cdn.metcash.media/image/upload/f_auto,c_limit,w_300,q_auto/igashop/images/190000001921"
Breaka Chocolate Milk 250mL,$7.35,$2.94/100mL,"https://cdn.metcash.media/image/upload/f_auto,c_limit,w_300,q_auto/igashop/images/20000004773"
Well & Good Crusty Bread Mix 410g,$6.50,$1.59/100g,"https://cdn.metcash.media/image/upload/f_auto,c_limit,w_300,q_auto/igashop/images/5701"
Yumi's Sweet Potato & Cashews Dip 200g,$4.50,$2.25/100g,"https://cdn.metcash.media/image/upload/f_auto,c_limit,w_300,q_auto/igashop/images/963821"
Sukin Rosehip Oil Enriching Night Cream 120mL,$28.00,$23.33/100mL,"https://cdn.metcash.media/image/upload/f_auto,c_limit,w_300,q_auto/igashop/images/873128"
Glade Candle Vanilla 96g,$8.15,$8.49/100g,"https://cdn.metcash.media/image/upload/f_auto,c_limit,w_300,q_auto/igashop/images/39114"
Palmolive Naturals Liquid Hand Wash Soap Pump Milk & Honey 250mL,$2.00,$0.80/100mL,"https://cdn.metcash.media/image/upload/f_auto,c_limit,w_300,q_auto/igashop/images/929597"
Spice & Co Bay Leaves 8g,$3.75,$46.88/100g,"https://cdn.metcash.media/image/upload/f_auto,c_limit,w_300,q_auto/igashop/images/190000002379"
Laucke Bread Mix Sourdough White 500g,$3.60,$0.72/100g,https://www.igashop.com.au/static/default-product-image.png
Selleys Oven Plus Heavy Duty Gel 400g,$7.50,$1.88/100g,"https://cdn.metcash.media/image/upload/f_auto,c_limit,w_300,q_auto/igashop/images/160000012664"
The Juice Brothers Tropical Juice 1L,$5.00,$5.00/1L,"https://cdn.metcash.media/image/upload/f_auto,c_limit,w_300,q_auto/igashop/images/573870"
Coolibah Asian Mix 100g,$3.00,$3.00/100g,"https://cdn.metcash.media/image/upload/f_auto,c_limit,w_300,q_auto/igashop/images/20000003054"
OGX Coconut Miracle Oil Mask 300mL,$25.00,$8.33/100mL,"https://cdn.metcash.media/image/upload/f_auto,c_limit,w_300,q_auto/igashop/images/188557"
Remedy Kombucha Cherry Plum 330mL,$2.50,$0.76/100mL,"https://cdn.metcash.media/image/upload/f_auto,c_limit,w_300,q_auto/igashop/images/180000000115"
Bluey Milk Choc Hazelnut Easter Eggs 100g,$6.40,$6.40/100g,https://www.igashop.com.au/static/default-product-image.png
My Muscle Chef Chicken Fettuccine Carbonara With Beef Rashers 330g,$11.95,$3.62/100g,"https://cdn.metcash.media/image/upload/f_auto,c_limit,w_300,q_auto/igashop/images/355971"
T2 Tea Bag Melbourne Breakfast 25 Pack,$17.50,$0.70 each,"https://cdn.metcash.media/image/upload/f_auto,c_limit,w_300,q_auto/igashop/images/160000003398"
Pepsi Cola Soft Drink 250mL,$6.00,$2.40/100mL,"https://cdn.metcash.media/image/upload/f_auto,c_limit,w_300,q_auto/igashop/images/1800000067772"
Pana Organic Mylk Golden Comb 45g,$5.50,$12.22/100g,"https://cdn.metcash.media/image/upload/f_auto,c_limit,w_300,q_auto/igashop/images/190000001272"
Piranha Chicca Chips Lime & Sea Salt 75g,$4.25,$5.67/100g,"https://cdn.metcash.media/image/upload/f_auto,c_limit,w_300,q_auto/igashop/images/160000014154"
Oust 3 in 1 Outdoor Scent 325g,$6.75,$2.08/100g,"https://cdn.metcash.media/image/upload/f_auto,c_limit,w_300,q_auto/igashop/images/68032"
Patties Vegan Friendly Rolls 450g,$8.50,$1.89/100g,"https://cdn.metcash.media/image/upload/f_auto,c_limit,w_300,q_auto/igashop/images/686911"
Pandaroo Chow Mein Chinese Noodles 227g,$4.19,$1.85/100g,"https://cdn.metcash.media/image/upload/f_auto,c_limit,w_300,q_auto/igashop/images/190000003130"
Glad Wavetop 50% Plant Based XL Kitchen Bags 16 Pack,$4.50,$0.28 each,https://www.igashop.com.au/static/default-product-image.png
MasterFoods Mild Chicken Seasoning 49g,$4.20,$8.57/100g,"https://cdn.metcash.media/image/upload/f_auto,c_limit,w_300,q_auto/igashop/images/170000002792"
Always Fresh Asparagus In Springwater 340g,$5.60,$1.65/100g,"https://cdn.metcash.media/image/upload/f_auto,c_limit,w_300,q_auto/igashop/images/1218"
Tassal Atlantic Salmon Skin On 300g,$18.00,$6.00/100g,"https://cdn.metcash.media/image/upload/f_auto,c_limit,w_300,q_auto/igashop/images/20000005131"
"Fancy Feast Royale Broths Tuna, Surimi & Whitebait 40g",$1.75,$4.38/100g,"https://cdn.metcash.media/image/upload/f_auto,c_limit,w_300,q_auto/igashop/images/354991"
Earth Press Pressed Tofu Extra Firm 360g,$8.30,$2.31/100g,"https://cdn.metcash.media/image/upload/f_auto,c_limit,w_300,q_auto/igashop/images/190000002533"
Bref Deluxe Delicate Magnolia Rim Block Toilet Cleaner 50g,$7.00,$14.00/100g,"https://cdn.metcash.media/image/upload/f_auto,c_limit,w_300,q_auto/igashop/images/834116"
Vegemite 560g,$9.90,$1.77/100g,"https://cdn.metcash.media/image/upload/f_auto,c_limit,w_300,q_auto/igashop/images/136461"
Arnott's Tim Tam Deluxe Biscuits Decadent Triple 175g,$3.25,$1.86/100g,"https://cdn.metcash.media/image/upload/f_auto,c_limit,w_300,q_auto/igashop/images/484217"
Ferrero Rocher Milk Easter Eggs 90g,$8.65,$9.61/100g,"https://cdn.metcash.media/image/upload/f_auto,c_limit,w_300,q_auto/igashop/images/837127"
Black & Gold Cornflour 500g,$2.25,$0.45/100g,"https://cdn.metcash.media/image/upload/f_auto,c_limit,w_300,q_auto/igashop/images/38257"
Tip Top Muffins Spicy Fruit 6 Pack,$3.10,$0.52 each,"https://cdn.metcash.media/image/upload/f_auto,c_limit,w_300,q_auto/igashop/images/602755"
INGHAM'S Frozen Turkey Breast Roast Traditional 1kg,$16.00,$16.00/kg,"https://cdn.metcash.media/image/upload/f_auto,c_limit,w_300,q_auto/igashop/images/135928"
The Happy Muffin Co Mini Blueberry 8 Pack,$4.50,$0.56 each,"https://cdn.metcash.media/image/upload/f_auto,c_limit,w_300,q_auto/igashop/images/896016"
Birds Eye Crinkle Cut Chips 750g,$3.90,$0.52/100g,"https://cdn.metcash.media/image/upload/f_auto,c_limit,w_300,q_auto/igashop/images/172098"
Abbott's Bakery Gluten Free Sourdough Grains & Seeds Bread 500g,$8.40,$1.68/100g,"https://cdn.metcash.media/image/upload/f_auto,c_limit,w_300,q_auto/igashop/images/170000000047"
Earth Taste Whole Black Peppercorn Grinder 80g,$9.45,$11.81/100g,"https://cdn.metcash.media/image/upload/f_auto,c_limit,w_300,q_auto/igashop/images/390730"
Bakers Collection Gingerbread Koala 55g,$6.00,$10.91/100g,https://www.igashop.com.au/static/default-product-image.png
Gourmet Garden Mint Lightly Dried 10g,$4.50,$45.00/100g,https://www.igashop.com.au/static/default-product-image.png
Korbond Christmas Bon Bon Premium 8 Pack,$15.00,$1.88 each,"https://cdn.metcash.media/image/upload/f_auto,c_limit,w_300,q_auto/igashop/images/774243"
Red Rock Deli Honey Soy Chicken Potato Chips 290g,$6.50,$2.24/100g,"https://cdn.metcash.media/image/upload/f_auto,c_limit,w_300,q_auto/igashop/images/342944"
Pinnacle Peg Basket,$2.50,N/A,"https://cdn.metcash.media/image/upload/f_auto,c_limit,w_300,q_auto/igashop/images/259463"
McKenzie's Bi Carb Soda 500g,$3.10,$0.62/100g,"https://cdn.metcash.media/image/upload/f_auto,c_limit,w_300,q_auto/igashop/images/307038"
Laucke Type '00' Flour 1kg,$5.45,$5.45/kg,"https://cdn.metcash.media/image/upload/f_auto,c_limit,w_300,q_auto/igashop/images/190000003128"
Jack Hammer Screwdriver Set 3 Pieces,$5.65,N/A,"https://cdn.metcash.media/image/upload/f_auto,c_limit,w_300,q_auto/igashop/images/254845"
Rana Four Cheese Ravioli Fresh Pasta 325g,$7.20,$2.22/100g,"https://cdn.metcash.media/image/upload/f_auto,c_limit,w_300,q_auto/igashop/images/190000001288"
Nair Cream Sensitive Coconut 357g,$15.50,$4.34/100g,"https://cdn.metcash.media/image/upload/f_auto,c_limit,w_300,q_auto/igashop/images/274748"
Mirabella LED 5.5W Warm White GLS Bayonet Cap Globe,$3.60,N/A,"https://cdn.metcash.media/image/upload/f_auto,c_limit,w_300,q_auto/igashop/images/222717"
Double D Sugar Free Fruit Drops 70g,$2.65,$3.79/100g,"https://cdn.metcash.media/image/upload/f_auto,c_limit,w_300,q_auto/igashop/images/303869"
Rafferty's Garden Little Smoothies Coconut Berry No Added Sugar 120g,$2.50,$2.08/100g,"https://cdn.metcash.media/image/upload/f_auto,c_limit,w_300,q_auto/igashop/images/314323"
Skin Control Pimple Patch AM 24 Pack,$5.45,$0.23 each,"https://cdn.metcash.media/image/upload/f_auto,c_limit,w_300,q_auto/igashop/images/787652"
Big Lolly Jelly Beans 130g,$2.30,$1.77/100g,"https://cdn.metcash.media/image/upload/f_auto,c_limit,w_300,q_auto/igashop/images/563155"
Sirena Ready To Eat Meal Chicken Pad Thai Noodles 190g,$4.30,$2.26/100g,"https://cdn.metcash.media/image/upload/f_auto,c_limit,w_300,q_auto/igashop/images/639105"
Vicks Nasal Decongestant Inhaler 0.5mL,$8.90,"$1,780.00/100mL","https://cdn.metcash.media/image/upload/f_auto,c_limit,w_300,q_auto/igashop/images/380604"
Red Rock Deli Honey Soy Chicken Potato Chips 165g,$6.00,$3.64/100g,"https://cdn.metcash.media/image/upload/f_auto,c_limit,w_300,q_auto/igashop/images/24017"
Duck Extra Power Toilet Shield Gel Ocean Burst 500mL,$3.50,$0.70/100mL,"https://cdn.metcash.media/image/upload/f_auto,c_limit,w_300,q_auto/igashop/images/170000003886"
Ajax Sprayn'Wipe Vanilla Berries Refill 750mL,$4.00,$0.53/100mL,"https://cdn.metcash.media/image/upload/f_auto,c_limit,w_300,q_auto/igashop/images/180000003288"
Sunbeam Almonds Slivered 300g,$15.30,$5.10/100g,"https://cdn.metcash.media/image/upload/f_auto,c_limit,w_300,q_auto/igashop/images/5619820"
Life Savers Fruit Pastilles 34g,$1.20,$3.53/100g,"https://cdn.metcash.media/image/upload/f_auto,c_limit,w_300,q_auto/igashop/images/150000007533"
Poonsin Vietnamese Dipping Sauce For Spring Roll 300mL,$3.50,$1.17/100mL,"https://cdn.metcash.media/image/upload/f_auto,c_limit,w_300,q_auto/igashop/images/190000001643"
Nestlé Kit Kat Chocolate Neapolitan Bar 42g,$1.50,$3.57/100g,"https://cdn.metcash.media/image/upload/f_auto,c_limit,w_300,q_auto/igashop/images/180000005454"
Pascall Jelly Gems Two to Tango Orange and Mango 150g,$7.00,$4.67/100g,"https://cdn.metcash.media/image/upload/f_auto,c_limit,w_300,q_auto/igashop/images/156555"
Sorbent Silky White Facial Tissues 6 Pack,$2.15,$0.36 each,"https://cdn.metcash.media/image/upload/f_auto,c_limit,w_300,q_auto/igashop/images/75306"
Cracker Barrel Cheese Extra Sharp Sliced 250g,$7.00,$2.80/100g,"https://cdn.metcash.media/image/upload/f_auto,c_limit,w_300,q_auto/igashop/images/190000002642"
Gaviscon Dual Action Heartburn & Indigestion Liquid Peppermint 600mL,$16.00,$2.67/100mL,"https://cdn.metcash.media/image/upload/f_auto,c_limit,w_300,q_auto/igashop/images/351883"
NIVEA Express Hydration Body Lotion 400mL,$5.70,$1.43/100mL,"https://cdn.metcash.media/image/upload/f_auto,c_limit,w_300,q_auto/igashop/images/83451"
Leggo's Providore Tomato & Onion 400g,$6.00,$1.50/100g,"https://cdn.metcash.media/image/upload/f_auto,c_limit,w_300,q_auto/igashop/images/442273"
Spice & Co Ground Turmeric 70g,$3.75,$5.36/100g,"https://cdn.metcash.media/image/upload/f_auto,c_limit,w_300,q_auto/igashop/images/190000002426"
Birds Eye Air Baked Deep Sea Dory 380g,$10.00,$2.63/100g,"https://cdn.metcash.media/image/upload/f_auto,c_limit,w_300,q_auto/igashop/images/180000003511"
Nestlé Carnation Lite Cooking Cream 300mL,$3.50,$1.17/100mL,"https://cdn.metcash.media/image/upload/f_auto,c_limit,w_300,q_auto/igashop/images/83139"
Wiltshire Easybake 12 Cup Patty Pan,$9.00,N/A,"https://cdn.metcash.media/image/upload/f_auto,c_limit,w_300,q_auto/igashop/images/288218"
Maltesers Honeycomb 125g,$3.50,$2.80/100g,"https://cdn.metcash.media/image/upload/f_auto,c_limit,w_300,q_auto/igashop/images/180000003617"
GARNIER Fructis Nutri-repair 3 Conditioner 315mL,$8.00,$2.54/100mL,"https://cdn.metcash.media/image/upload/f_auto,c_limit,w_300,q_auto/igashop/images/966918"
Dairy Farmers Thick & Creamy Yoghurt Caramalised Fig 600g,$4.75,$0.79/100g,"https://cdn.metcash.media/image/upload/f_auto,c_limit,w_300,q_auto/igashop/images/81991"
Double D Sugar Free Lemon Lime Drops 70g,$2.70,$3.86/100g,"https://cdn.metcash.media/image/upload/f_auto,c_limit,w_300,q_auto/igashop/images/303843"
Cold Power Regular Advanced Clean Powder Laundry Detergent 1kg,$10.00,$10.00/kg,"https://cdn.metcash.media/image/upload/f_auto,c_limit,w_300,q_auto/igashop/images/806663"
Palmolive Naturals Hair Shampoo Active Nourishment Aloe Vera 350mL,$5.00,$1.43/100mL,"https://cdn.metcash.media/image/upload/f_auto,c_limit,w_300,q_auto/igashop/images/327232"
Lipton Cold Infuse Mango + Rooibos 15 Pack,$6.70,$0.45 each,https://www.igashop.com.au/static/default-product-image.png
"Pauls Bluey Yoghurt Strawberry, Vanilla & Banana 12 Pack",$8.00,$0.67 each,"https://cdn.metcash.media/image/upload/f_auto,c_limit,w_300,q_auto/igashop/images/160000000961"
Quest Peanut Butter Cups 42g,$5.40,$12.86/100g,"https://cdn.metcash.media/image/upload/f_auto,c_limit,w_300,q_auto/igashop/images/190000001538"
Community Co Fruitless Hot Cross Buns 6 Pack,$5.50,$0.92 each,"https://cdn.metcash.media/image/upload/f_auto,c_limit,w_300,q_auto/igashop/images/54648"
McCain Beer Batter Steakhouse Chips 750g,$4.60,$0.61/100g,"https://cdn.metcash.media/image/upload/f_auto,c_limit,w_300,q_auto/igashop/images/198861"
Nestle Kit Kat Chocolate Chunky Mini Sharepack 256g,$8.00,$3.13/100g,"https://cdn.metcash.media/image/upload/f_auto,c_limit,w_300,q_auto/igashop/images/1800000068990"
Zooper Dooper Lemonade 24 Pack,$6.20,$0.26 each,"https://cdn.metcash.media/image/upload/f_auto,c_limit,w_300,q_auto/igashop/images/20000006843"
Ferrero Rocher Grand 125g,$10.00,$8.00/100g,"https://cdn.metcash.media/image/upload/f_auto,c_limit,w_300,q_auto/igashop/images/327850"
Olay Complete Moisturiser Lotion UV Protection Sensitive SPF 15 150mL,$16.00,$10.67/100mL,"https://cdn.metcash.media/image/upload/f_auto,c_limit,w_300,q_auto/igashop/images/483208"
Community Co Extra Tasty Cheese & Crackers 50g,$2.20,$4.40/100g,"https://cdn.metcash.media/image/upload/f_auto,c_limit,w_300,q_auto/igashop/images/502421"
Sorbent Anti-Bacterial Wipes 12 Pack,$2.28,$0.19 each,"https://cdn.metcash.media/image/upload/f_auto,c_limit,w_300,q_auto/igashop/images/982558"
Darrell Lea Milk Chocolate Bunny 160g,$10.00,$6.25/100g,"https://cdn.metcash.media/image/upload/f_auto,c_limit,w_300,q_auto/igashop/images/978575"
Birds Eye Deli Seasoned Sides Davidson Plum & Ginger 600g,$5.60,$0.93/100g,"https://cdn.metcash.media/image/upload/f_auto,c_limit,w_300,q_auto/igashop/images/180000005058"
Bundy Juice Orange & Passionfruit 2L,$6.50,$3.25/1L,"https://cdn.metcash.media/image/upload/f_auto,c_limit,w_300,q_auto/igashop/images/20000006354"
Harpic Eco Purple Water 39g,$5.25,$13.46/100g,"https://cdn.metcash.media/image/upload/f_auto,c_limit,w_300,q_auto/igashop/images/498127"
Gelista Gelati Mint & Dark Chocolate 570mL,$10.95,$1.92/100mL,"https://cdn.metcash.media/image/upload/f_auto,c_limit,w_300,q_auto/igashop/images/20000006098"
Pureau Ultra Pure Water 10L,$9.60,$0.96/1L,"https://cdn.metcash.media/image/upload/f_auto,c_limit,w_300,q_auto/igashop/images/887389"
S-26 Gold Alula Toddler 1 Year + 900g,$24.50,$2.72/100g,"https://cdn.metcash.media/image/upload/f_auto,c_limit,w_300,q_auto/igashop/images/933460"
Huggies Nappy Ultra Newborn 28 Pack,$13.00,$0.46 each,"https://cdn.metcash.media/image/upload/f_auto,c_limit,w_300,q_auto/igashop/images/761114"
Ben's Originals Indian Style Spiced Microwave Rice Pouch 250g,$2.00,$0.80/100g,"https://cdn.metcash.media/image/upload/f_auto,c_limit,w_300,q_auto/igashop/images/190000005255"
H2Coco Coconut Water & Lychee 500mL,$2.50,$0.50/100mL,https://www.igashop.com.au/static/default-product-image.png
Bundaberg Diet Ginger Beer 10 Pack,$14.20,$1.42 each,"https://cdn.metcash.media/image/upload/f_auto,c_limit,w_300,q_auto/igashop/images/458787"
Patak's Mango Chicken Curry Simmer Sauce 450g,$5.50,$1.22/100g,"https://cdn.metcash.media/image/upload/f_auto,c_limit,w_300,q_auto/igashop/images/160000013757"
Smith's Crinkle Original Party Size 380g,$8.50,$2.24/100g,"https://cdn.metcash.media/image/upload/f_auto,c_limit,w_300,q_auto/igashop/images/726067"
Community Co Chocolate Lava Pudding 500g,$3.00,$0.60/100g,"https://cdn.metcash.media/image/upload/f_auto,c_limit,w_300,q_auto/igashop/images/180000002972"
Hoyt's Cinnamon Sticks 15g,$3.30,$22.00/100g,"https://cdn.metcash.media/image/upload/f_auto,c_limit,w_300,q_auto/igashop/images/70071"
Cadbury Favourites Party Pack 470g,$24.00,$5.11/100g,"https://cdn.metcash.media/image/upload/f_auto,c_limit,w_300,q_auto/igashop/images/1800000067431"
Kraft Singles Original 36 Pack,$12.65,$0.35 each,"https://cdn.metcash.media/image/upload/f_auto,c_limit,w_300,q_auto/igashop/images/950705"
Earth Choice Multi Purpose Spray & Clean 600mL,$3.30,$0.55/100mL,"https://cdn.metcash.media/image/upload/f_auto,c_limit,w_300,q_auto/igashop/images/389137"
Black & Gold Chips Crinkle Cut 2kg,$7.80,$3.90/kg,"https://cdn.metcash.media/image/upload/f_auto,c_limit,w_300,q_auto/igashop/images/126571"
Palmolive Dishwashing Liquid Regular 500mL,$2.95,$0.59/100mL,"https://cdn.metcash.media/image/upload/f_auto,c_limit,w_300,q_auto/igashop/images/39693"
Fantastic Rice Crackers Black Rice 100g,$2.50,$2.50/100g,"https://cdn.metcash.media/image/upload/f_auto,c_limit,w_300,q_auto/igashop/images/412618"
Kan Tong Thai Green Curry Meal Base Pouch 175g,$3.00,$1.71/100g,"https://cdn.metcash.media/image/upload/f_auto,c_limit,w_300,q_auto/igashop/images/442498"
Werther's Original Creamy Filling 125g,$5.20,$4.16/100g,"https://cdn.metcash.media/image/upload/f_auto,c_limit,w_300,q_auto/igashop/images/351870"
Community Co Apricot Halves In Juice 695g,$3.50,$0.50/100g,"https://cdn.metcash.media/image/upload/f_auto,c_limit,w_300,q_auto/igashop/images/445268"
Vimto Canned Drink 330mL,$2.70,$0.82/100mL,"https://cdn.metcash.media/image/upload/f_auto,c_limit,w_300,q_auto/igashop/images/190000002265"
Bakers Maison Milk Bun 90g,$1.00,$1.11/100g,https://www.igashop.com.au/static/default-product-image.png
The Standard Meat Co Smokey BBQ Boneless Pork Ribs 400g,$12.35,$3.09/100g,"https://cdn.metcash.media/image/upload/f_auto,c_limit,w_300,q_auto/igashop/images/495624"
Depend Real Fit For Men Underwear Large 8 Pack,$17.50,$2.19 each,"https://cdn.metcash.media/image/upload/f_auto,c_limit,w_300,q_auto/igashop/images/380942"
U By Kotex Overnight Ultrathins With Wings 10 Pack,$5.60,$0.56 each,"https://cdn.metcash.media/image/upload/f_auto,c_limit,w_300,q_auto/igashop/images/160000005554"
Tip Top Sunblest Soft White Sandwich 700g,$4.10,$0.59/100g,"https://cdn.metcash.media/image/upload/f_auto,c_limit,w_300,q_auto/igashop/images/802923"
Purina Felix Gravy Lovers Pet Food Meaty 12 Pack,$10.00,$0.83 each,"https://cdn.metcash.media/image/upload/f_auto,c_limit,w_300,q_auto/igashop/images/544151"
Patak's Pappadums Plain 10 Pack,$4.00,$0.40 each,"https://cdn.metcash.media/image/upload/f_auto,c_limit,w_300,q_auto/igashop/images/160000000822"
Heritage Delight Meringue Twirls 12 Pack,$7.95,$0.66 each,"https://cdn.metcash.media/image/upload/f_auto,c_limit,w_300,q_auto/igashop/images/7877"
Schwarzkopf Extra Care Daily Oil Elixir 100mL,$17.00,$17.00/100mL,"https://cdn.metcash.media/image/upload/f_auto,c_limit,w_300,q_auto/igashop/images/160000001661"
MasterFoods Mild Chicken Curry Recipe Base Slow Cook Pouch 175g,$2.70,$1.54/100g,"https://cdn.metcash.media/image/upload/f_auto,c_limit,w_300,q_auto/igashop/images/87049"
Bush Honey Yellow Box 1kg,$15.95,$15.95/kg,"https://cdn.metcash.media/image/upload/f_auto,c_limit,w_300,q_auto/igashop/images/20000006642"
Golden Days Mini Sesame Snaps 200g,$5.70,$2.85/100g,"https://cdn.metcash.media/image/upload/f_auto,c_limit,w_300,q_auto/igashop/images/190000004769"
White Wings Rich Chocolate Cake Mix 535g,$3.50,$0.65/100g,"https://cdn.metcash.media/image/upload/f_auto,c_limit,w_300,q_auto/igashop/images/51129"
ViledaAnsell Silverlined Rubber Gloves Small,$3.60,N/A,"https://cdn.metcash.media/image/upload/f_auto,c_limit,w_300,q_auto/igashop/images/274382"
Green Capsicum 220g,Final cost based on weight,$2.09/$9.50,"https://cdn.metcash.media/image/upload/f_auto,c_limit,w_300,q_auto/igashop/images/80060012"
Tony's Chocolonely Milk Pretzel Toffee 180g,$10.75,$5.97/100g,"https://cdn.metcash.media/image/upload/f_auto,c_limit,w_300,q_auto/igashop/images/180000001595"
Toatl Oat Milk Chocolate 500mL,$5.00,$10.00/1L,"https://cdn.metcash.media/image/upload/f_auto,c_limit,w_300,q_auto/igashop/images/825895"
Praise Mayonnaise Traditional 99% Fat Free Squeeze 280g,$3.50,$1.25/100g,"https://cdn.metcash.media/image/upload/f_auto,c_limit,w_300,q_auto/igashop/images/741062"
Steggles Chicken Pieces Flaming Wing Nibbles Spicy 1kg,$13.50,$13.50/kg,"https://cdn.metcash.media/image/upload/f_auto,c_limit,w_300,q_auto/igashop/images/61349"
Herbal Essences Repair Argan Oil Shampoo 400mL,$9.20,$2.30/100mL,"https://cdn.metcash.media/image/upload/f_auto,c_limit,w_300,q_auto/igashop/images/944534"
99th Monkey Natural Almond Butter 200g,$8.50,$4.25/100g,"https://cdn.metcash.media/image/upload/f_auto,c_limit,w_300,q_auto/igashop/images/160000014346"
Yates Blitzem Garden Snail & Slug Pellets 500g,$4.40,$0.88/100g,"https://cdn.metcash.media/image/upload/f_auto,c_limit,w_300,q_auto/igashop/images/751156"
Homestyle Bake Hot Dog Rolls 6 Pack,$5.00,$0.83 each,https://www.igashop.com.au/static/default-product-image.png
Glade Ocean Mist Air Freshener Aerosol Spray 200g,$3.40,$1.70/100g,"https://cdn.metcash.media/image/upload/f_auto,c_limit,w_300,q_auto/igashop/images/45770"
Cadbury Baking White Chocolate 180g,$7.50,$4.17/100g,"https://cdn.metcash.media/image/upload/f_auto,c_limit,w_300,q_auto/igashop/images/454738"
SA Gourmet Food Creamy Chicken & Vegetable Soup 430g,$3.00,$0.70/100g,https://www.igashop.com.au/static/default-product-image.png
Tamar Valley Dairy Greek Style Yoghurt 500g,$4.60,$0.92/100g,"https://cdn.metcash.media/image/upload/f_auto,c_limit,w_300,q_auto/igashop/images/382070"
Tuscany Bold Shredded Tasty Cheese 750g,$10.50,$1.40/100g,https://www.igashop.com.au/static/default-product-image.png
Optimum Grain Free Wet Dog Food Lamb & Green Beans 85g,$1.95,$2.29/100g,"https://cdn.metcash.media/image/upload/f_auto,c_limit,w_300,q_auto/igashop/images/899938_1"
Trio Sprouts 125g,$3.80,$3.04/100g,https://www.igashop.com.au/static/default-product-image.png
Ajitas Vege Sweet Potato Nibbles Barbecue 75g,$5.90,$7.87/100g,https://www.igashop.com.au/static/default-product-image.png
"Riverina Grove Tomato, Garlic & Chilli Pasta Sauce 500g",$8.95,$1.79/100g,"https://cdn.metcash.media/image/upload/f_auto,c_limit,w_300,q_auto/igashop/images/190000004901"
Neutrogena Deep Clean Invigorating Scrub 125mL,$16.50,$13.20/100mL,"https://cdn.metcash.media/image/upload/f_auto,c_limit,w_300,q_auto/igashop/images/488347"
Banana Boat Dry Balance Clear Spray SPF 50+ 175g,$24.00,$13.71/100g,"https://cdn.metcash.media/image/upload/f_auto,c_limit,w_300,q_auto/igashop/images/856032"
Maille Wholegrain Mustard 210g,$6.00,$2.86/100g,"https://cdn.metcash.media/image/upload/f_auto,c_limit,w_300,q_auto/igashop/images/20000001051"
Vego Whole Hazelnut Chocolate Bar 150g,$10.50,$7.00/100g,"https://cdn.metcash.media/image/upload/f_auto,c_limit,w_300,q_auto/igashop/images/190000003912"
Haribo Sweet & Sour Bears 140g,$2.00,$1.43/100g,"https://cdn.metcash.media/image/upload/f_auto,c_limit,w_300,q_auto/igashop/images/806901"
On The Menu Singapore Noodles 260g,$4.50,$1.73/100g,"https://cdn.metcash.media/image/upload/f_auto,c_limit,w_300,q_auto/igashop/images/258302"
Chang's Crunchy Noodles 100g,$1.90,$1.90/100g,"https://cdn.metcash.media/image/upload/f_auto,c_limit,w_300,q_auto/igashop/images/975666"
Lindt Crispy Sensation Milk Chocolate 140g,$8.15,$5.82/100g,"https://cdn.metcash.media/image/upload/f_auto,c_limit,w_300,q_auto/igashop/images/190000000232"
Colgate Cavity Protection Great Regular Flavour Toothpaste 175g,$3.40,$1.94/100g,"https://cdn.metcash.media/image/upload/f_auto,c_limit,w_300,q_auto/igashop/images/61357"
Doritos Cool Ranch Corn Chips 150g,$3.75,$2.50/100g,"https://cdn.metcash.media/image/upload/f_auto,c_limit,w_300,q_auto/igashop/images/170000003644"
Nanna's Apple Pie 4 Pack,$6.50,$1.63 each,"https://cdn.metcash.media/image/upload/f_auto,c_limit,w_300,q_auto/igashop/images/108777"
Schick Razor Intuition Pure Nourish Kit,$12.25,N/A,"https://cdn.metcash.media/image/upload/f_auto,c_limit,w_300,q_auto/igashop/images/396498"
Dove Nutritive Solutions Shampoo Daily Care 320mL,$7.70,$2.41/100mL,"https://cdn.metcash.media/image/upload/f_auto,c_limit,w_300,q_auto/igashop/images/876875"
Zafarelli No56 Spirali 500g,$2.00,$0.40/100g,"https://cdn.metcash.media/image/upload/f_auto,c_limit,w_300,q_auto/igashop/images/342216"
Violet Crumble Choc Honeycomb Original 150g,$6.00,$4.00/100g,"https://cdn.metcash.media/image/upload/f_auto,c_limit,w_300,q_auto/igashop/images/253030"
V.I.P Petfoods Prota Pak Chicken & Rice Dog Roll 3kg,$9.50,$3.17/kg,"https://cdn.metcash.media/image/upload/f_auto,c_limit,w_300,q_auto/igashop/images/117734"
Pedigree Adult With Real Beef Dry Dog Food 8kg,$24.50,$3.06/kg,"https://cdn.metcash.media/image/upload/f_auto,c_limit,w_300,q_auto/igashop/images/344577"
Hoyt's Mustard Seed 25g,$1.55,$6.20/100g,"https://cdn.metcash.media/image/upload/f_auto,c_limit,w_300,q_auto/igashop/images/671982"
Sanpellegrino Aranciata Rossa Can 330mL,$3.50,$1.06/100mL,"https://cdn.metcash.media/image/upload/f_auto,c_limit,w_300,q_auto/igashop/images/190000004694"
Napro Palette Permanent Hair Colour 3-65 Chocolate Brown,$8.50,N/A,"https://cdn.metcash.media/image/upload/f_auto,c_limit,w_300,q_auto/igashop/images/602064"
Nestlé Nesquik Cereal 650g,$8.80,$1.35/100g,"https://cdn.metcash.media/image/upload/f_auto,c_limit,w_300,q_auto/igashop/images/71001"
McKenzie's Arrowroot 175g,$1.90,$1.09/100g,"https://cdn.metcash.media/image/upload/f_auto,c_limit,w_300,q_auto/igashop/images/393550"
Pine O Cleen Disinfectant Wipes Lemon 45 Pack,$4.95,$0.11 each,"https://cdn.metcash.media/image/upload/f_auto,c_limit,w_300,q_auto/igashop/images/246371"
McKenzie's Yellow Split Peas 1kg,$3.30,$3.30/kg,"https://cdn.metcash.media/image/upload/f_auto,c_limit,w_300,q_auto/igashop/images/190000003804"
Moccona Cafe Classics Cappuccino Value Pack 30 Pack,$10.50,$0.35 each,"https://cdn.metcash.media/image/upload/f_auto,c_limit,w_300,q_auto/igashop/images/858225"
Natureland Camomile Tea Bags 20 Pack,$3.10,$0.16 each,"https://cdn.metcash.media/image/upload/f_auto,c_limit,w_300,q_auto/igashop/images/20000000258"
Australian Botanical Sandalwood Soap 200g,$4.40,$2.20/100g,"https://cdn.metcash.media/image/upload/f_auto,c_limit,w_300,q_auto/igashop/images/180000001819"
Emmaline's Dark Chocolate Ginger 230g,$10.99,$4.78/100g,"https://cdn.metcash.media/image/upload/f_auto,c_limit,w_300,q_auto/igashop/images/20000006081"
Cadbury Flake Chocolate Bar 30g,$3.00,$10.00/100g,"https://cdn.metcash.media/image/upload/f_auto,c_limit,w_300,q_auto/igashop/images/95518"
Lynx For Men Body Wash Ice Chill 400mL,$3.25,$0.81/100mL,"https://cdn.metcash.media/image/upload/f_auto,c_limit,w_300,q_auto/igashop/images/237783"
Difflam Forte Sore Throat Spray 88 Sprays 15mL,$17.00,$113.33/100mL,"https://cdn.metcash.media/image/upload/f_auto,c_limit,w_300,q_auto/igashop/images/216677"
Green Jalapeno Chillies 25g,Final cost based on weight,$0.79/$31.50,"https://cdn.metcash.media/image/upload/f_auto,c_limit,w_300,q_auto/igashop/images/80060144"
The Spice Tailor Rustic Rogan Josh 300g,$6.70,$2.23/100g,"https://cdn.metcash.media/image/upload/f_auto,c_limit,w_300,q_auto/igashop/images/845646"
Gourmet Delight Chicken & Sardine Mince 700g,$3.00,$0.43/100g,https://www.igashop.com.au/static/default-product-image.png
Lavazza Coffee Groud Qualita Rosa 250g,$9.00,$3.60/100g,"https://cdn.metcash.media/image/upload/f_auto,c_limit,w_300,q_auto/igashop/images/20000002798"
Oxyshred Energy Drink Blueberrry Lemonade 355mL,$4.90,$1.38/100mL,https://www.igashop.com.au/static/default-product-image.png
Maggie Beer Spiced Pear Paste 100g,$6.30,$6.30/100g,"https://cdn.metcash.media/image/upload/f_auto,c_limit,w_300,q_auto/igashop/images/20000005025"
Frozen Sunshine Cookie Crumble Ice Block 4 Pack,$13.50,$3.38 each,"https://cdn.metcash.media/image/upload/f_auto,c_limit,w_300,q_auto/igashop/images/20000005889"
British Sausage Family Pack Thin Pork 1kg,$14.55,$14.55/kg,https://www.igashop.com.au/static/default-product-image.png
Leda Chocolate Chip Cookies 250g,$5.70,$2.28/100g,"https://cdn.metcash.media/image/upload/f_auto,c_limit,w_300,q_auto/igashop/images/180000000206"
Altimate Medium Waffle Cone 12 Pack,$6.60,$0.55 each,"https://cdn.metcash.media/image/upload/f_auto,c_limit,w_300,q_auto/igashop/images/190000004245"
Sunbeam Nuts Australian Flaked Almonds 300g,$15.30,$5.10/100g,"https://cdn.metcash.media/image/upload/f_auto,c_limit,w_300,q_auto/igashop/images/160000018193"
Community Co Balsamic Vinegar 500mL,$4.85,$0.97/100mL,"https://cdn.metcash.media/image/upload/f_auto,c_limit,w_300,q_auto/igashop/images/798954"
Slape & Sons Chicken Rissoles 480g,$7.45,$1.55/100g,"https://cdn.metcash.media/image/upload/f_auto,c_limit,w_300,q_auto/igashop/images/180000000365"
Bulla Cottage Cheese Onion & Chives 200g,$4.20,$2.10/100g,"https://cdn.metcash.media/image/upload/f_auto,c_limit,w_300,q_auto/igashop/images/130059"
H2jUICE Berry Mix 1.25L,$5.00,$4.00/1L,"https://cdn.metcash.media/image/upload/f_auto,c_limit,w_300,q_auto/igashop/images/215692"
Schwarzkopf Extra Care Non-Aerosol Hair Spray Strong 200mL,$11.00,$5.50/100mL,"https://cdn.metcash.media/image/upload/f_auto,c_limit,w_300,q_auto/igashop/images/30270"
Pico Choco Organic Coconut Milk 80g,$7.60,$9.50/100g,"https://cdn.metcash.media/image/upload/f_auto,c_limit,w_300,q_auto/igashop/images/180000000337"
Perkii Probiotic Tropical Splash 350mL,$4.40,$1.26/100mL,"https://cdn.metcash.media/image/upload/f_auto,c_limit,w_300,q_auto/igashop/images/160000017635"
Dove Nutritive Solutions Shampoo Intensive Repair 320mL,$7.70,$2.41/100mL,"https://cdn.metcash.media/image/upload/f_auto,c_limit,w_300,q_auto/igashop/images/244515"
V8 Juice Vegetable Original 1.25L,$2.75,$2.20/1L,"https://cdn.metcash.media/image/upload/f_auto,c_limit,w_300,q_auto/igashop/images/380031"
Chocolatier Pure Indulgence Assorted Milk And Dark 190g,$25.95,$13.66/100g,"https://cdn.metcash.media/image/upload/f_auto,c_limit,w_300,q_auto/igashop/images/20000003988"
Handy Foods Cupcake Mini Iced Choc 12 Pack,$7.65,$0.64 each,"https://cdn.metcash.media/image/upload/f_auto,c_limit,w_300,q_auto/igashop/images/767259"
Red Capsicum 220g,Final cost based on weight,$2.09/$9.50,"https://cdn.metcash.media/image/upload/f_auto,c_limit,w_300,q_auto/igashop/images/80060013"
San Remo Large Instant Curly Lasagna 250g,$2.70,$1.08/100g,"https://cdn.metcash.media/image/upload/f_auto,c_limit,w_300,q_auto/igashop/images/14237"
Purina Fancy Feast Adult Pet Food Grilled Ocean Whitefish 85g,$0.95,$1.12/100g,"https://cdn.metcash.media/image/upload/f_auto,c_limit,w_300,q_auto/igashop/images/577921"
Cadbury Marvellous Creations Favourites 336g,$16.00,$4.76/100g,"https://cdn.metcash.media/image/upload/f_auto,c_limit,w_300,q_auto/igashop/images/180000003534"
Tip Top Cafe Bread Thick Cut Raisin Toast 600g,$6.00,$1.00/100g,"https://cdn.metcash.media/image/upload/f_auto,c_limit,w_300,q_auto/igashop/images/1800000067886"
Christmas Wrap Kraft 10 Metre,$6.00,N/A,"https://cdn.metcash.media/image/upload/f_auto,c_limit,w_300,q_auto/igashop/images/280914"
Continental Pasta & Sauce Chicken Curry 90g,$3.00,$3.33/100g,"https://cdn.metcash.media/image/upload/f_auto,c_limit,w_300,q_auto/igashop/images/42044"
Devondale Tasty All-Rounder Cheese Block 250g,$6.50,$2.60/100g,"https://cdn.metcash.media/image/upload/f_auto,c_limit,w_300,q_auto/igashop/images/154087"
Wallaby Bites Gluten Free Yoghurt Orange Almond Coconut 150g,$7.95,$5.30/100g,"https://cdn.metcash.media/image/upload/f_auto,c_limit,w_300,q_auto/igashop/images/160000017793"
Peters Drumstick Choc Raspberry Brownie 4 Pack,$9.50,$2.38 each,"https://cdn.metcash.media/image/upload/f_auto,c_limit,w_300,q_auto/igashop/images/500364"
Bostik Super Glue 3mL,$4.19,$139.67/100mL,"https://cdn.metcash.media/image/upload/f_auto,c_limit,w_300,q_auto/igashop/images/291847"
Continental Alfredo Garlic & Herb Pasta & Sauce Value Pack 145g,$3.80,$2.62/100g,"https://cdn.metcash.media/image/upload/f_auto,c_limit,w_300,q_auto/igashop/images/397216"
Cadbury Mint Bubbly Bunny Gift Box 228g,$13.25,$5.81/100g,"https://cdn.metcash.media/image/upload/f_auto,c_limit,w_300,q_auto/igashop/images/351728"
SunRice Microwave Long Grain White Rice Family Pack 450g,$3.95,$0.88/100g,"https://cdn.metcash.media/image/upload/f_auto,c_limit,w_300,q_auto/igashop/images/318039"
Micador Series 777 Brush 3 Pack,$3.50,$1.17 each,"https://cdn.metcash.media/image/upload/f_auto,c_limit,w_300,q_auto/igashop/images/723878"
Pasta Master Beef Lasagne 1.3kg,$17.00,$13.08/kg,"https://cdn.metcash.media/image/upload/f_auto,c_limit,w_300,q_auto/igashop/images/160000000814"
Nexba Kombucha Mango 4 Pack,$8.95,$2.24 each,"https://cdn.metcash.media/image/upload/f_auto,c_limit,w_300,q_auto/igashop/images/299374"
Cadbury Vanilla Mousse Christmas Snowman 30g,$1.70,$5.67/100g,"https://cdn.metcash.media/image/upload/f_auto,c_limit,w_300,q_auto/igashop/images/330515"
Harpic Eco Turquoise Oasis 39g,$7.00,$17.95/100g,"https://cdn.metcash.media/image/upload/f_auto,c_limit,w_300,q_auto/igashop/images/498266"
Sour Patch Kids Gamerz 190g,$3.50,$1.84/100g,"https://cdn.metcash.media/image/upload/f_auto,c_limit,w_300,q_auto/igashop/images/525149"
Fragassi Napoletana Neopolitan Style Pasta Sauce 500g,$8.50,$1.70/100g,"https://cdn.metcash.media/image/upload/f_auto,c_limit,w_300,q_auto/igashop/images/160000013950"
Majans Infuzions Air Fries Tomato Sauce 90g,$4.90,$5.44/100g,https://www.igashop.com.au/static/default-product-image.png
Cadbury Creme Egg Gift Box 170g,$13.75,$8.09/100g,"https://cdn.metcash.media/image/upload/f_auto,c_limit,w_300,q_auto/igashop/images/354470"
Libra Invisible Pads Super with Wings 10 Pack,$4.50,$0.45 each,"https://cdn.metcash.media/image/upload/f_auto,c_limit,w_300,q_auto/igashop/images/607983"
Maggie Beer's Natural Beef Stock 1L,$9.30,$9.30/1L,"https://cdn.metcash.media/image/upload/f_auto,c_limit,w_300,q_auto/igashop/images/644472"
Continental Soup Sensations Moroccan Vegetable Medley With Croutons 2 Pack,$3.50,$1.75 each,"https://cdn.metcash.media/image/upload/f_auto,c_limit,w_300,q_auto/igashop/images/792487"
Gippsland Dairy Strawberries & Cream Twist Yoghurt 720g,$7.90,$1.10/100g,"https://cdn.metcash.media/image/upload/f_auto,c_limit,w_300,q_auto/igashop/images/160000011928"
Olay Regenerist Retinol Face Cream 50g,$60.00,$120.00/100g,"https://cdn.metcash.media/image/upload/f_auto,c_limit,w_300,q_auto/igashop/images/535039"
Bega Cheese Cheddar Block 500g,$7.90,$1.58/100g,"https://cdn.metcash.media/image/upload/f_auto,c_limit,w_300,q_auto/igashop/images/679655"
McCain P!Ckers Tomato Mozzarella Risotto Melters 230g,$7.50,$3.26/100g,https://www.igashop.com.au/static/default-product-image.png
Rafferty's Garden Pear & Superberries Smooth 120g,$2.15,$1.79/100g,"https://cdn.metcash.media/image/upload/f_auto,c_limit,w_300,q_auto/igashop/images/370866"
BabyLove Cosifit Bulk Nappies Toddler 34 Pack,$18.00,$0.53 each,"https://cdn.metcash.media/image/upload/f_auto,c_limit,w_300,q_auto/igashop/images/902655"
Dari's Table Baba Ganoush 200g,$3.99,$2.00/100g,"https://cdn.metcash.media/image/upload/f_auto,c_limit,w_300,q_auto/igashop/images/190000002671"
Suimin Thins Rice Crackers Mi Goreng 100g,$2.20,$2.20/100g,"https://cdn.metcash.media/image/upload/f_auto,c_limit,w_300,q_auto/igashop/images/1800000068976"
Philips Hal Gu10 60d D/Lgt 2 Pack,$10.00,$5.00 each,"https://cdn.metcash.media/image/upload/f_auto,c_limit,w_300,q_auto/igashop/images/712005"
Powerade Active Water Mango No Sugar Sipper Cap 600mL,$2.70,$0.45/100mL,"https://cdn.metcash.media/image/upload/f_auto,c_limit,w_300,q_auto/igashop/images/711871_1"
Vege Deli Crisps Yellow Sweet Potato 100g,$6.50,$6.50/100g,"https://cdn.metcash.media/image/upload/f_auto,c_limit,w_300,q_auto/igashop/images/190000002988"
SPC Two Fruits Diced in Juice 825g,$5.30,$0.64/100g,"https://cdn.metcash.media/image/upload/f_auto,c_limit,w_300,q_auto/igashop/images/403842"
Temptations Cat Treats Tasty Chicken 85g,$4.40,$5.18/100g,"https://cdn.metcash.media/image/upload/f_auto,c_limit,w_300,q_auto/igashop/images/655897"
Community Co Pear Halves in Juice 410g,$2.00,$0.49/100g,"https://cdn.metcash.media/image/upload/f_auto,c_limit,w_300,q_auto/igashop/images/190000010626"
Monster Energy Drink Ultra Zero 4 Pack,$11.20,$2.80 each,"https://cdn.metcash.media/image/upload/f_auto,c_limit,w_300,q_auto/igashop/images/644671_1"
Suimin Thins Rice Crackers Original 100g,$2.20,$2.20/100g,"https://cdn.metcash.media/image/upload/f_auto,c_limit,w_300,q_auto/igashop/images/1800000068974"
Crest Surge Powered 4 Socket 2 USB,$30.00,N/A,"https://cdn.metcash.media/image/upload/f_auto,c_limit,w_300,q_auto/igashop/images/899726"
Frisky Iced Coffee Latte 240mL,$3.00,$1.25/100mL,https://www.igashop.com.au/static/default-product-image.png
Nice & Natural Roasted Nut Bar Mixed Berry 6 Pack,$5.50,$0.92 each,"https://cdn.metcash.media/image/upload/f_auto,c_limit,w_300,q_auto/igashop/images/180000004613"
Hot Pancetta Slices 1kg,Final cost based on weight,$59.95/$59.95,"https://cdn.metcash.media/image/upload/f_auto,c_limit,w_300,q_auto/igashop/images/80072084"
McCain Broccoli 500g,$5.50,$1.10/100g,"https://cdn.metcash.media/image/upload/f_auto,c_limit,w_300,q_auto/igashop/images/154003"
Mersey Valley Salt & Vinegar 235g,$9.90,$4.21/100g,"https://cdn.metcash.media/image/upload/f_auto,c_limit,w_300,q_auto/igashop/images/289214"
MasterFoods Simmer Sauce Butter Chicken 485g,$4.50,$0.93/100g,"https://cdn.metcash.media/image/upload/f_auto,c_limit,w_300,q_auto/igashop/images/675698"
Cadbury Bitesize Cherry Ripe 150g,$7.00,$4.67/100g,"https://cdn.metcash.media/image/upload/f_auto,c_limit,w_300,q_auto/igashop/images/158099"
Country Delight Tart Shell 150g,$4.15,$2.77/100g,https://www.igashop.com.au/static/default-product-image.png
Butter-Menthol Honey Centre Stick 40g,$2.70,$6.75/100g,"https://cdn.metcash.media/image/upload/f_auto,c_limit,w_300,q_auto/igashop/images/954152"
Twisties Chicken Party Bag 270g,$4.00,$1.48/100g,"https://cdn.metcash.media/image/upload/f_auto,c_limit,w_300,q_auto/igashop/images/780993"
Darrell Lea Christmas Nougat Pudding 150g,$9.50,$6.33/100g,"https://cdn.metcash.media/image/upload/f_auto,c_limit,w_300,q_auto/igashop/images/386621"
Dine Wet Cat Food Lamb In Gravy Tray 85g,$1.60,$1.88/100g,"https://cdn.metcash.media/image/upload/f_auto,c_limit,w_300,q_auto/igashop/images/51365"
Golden Days Apricot Coconut Slice 150g,$4.00,$2.67/100g,"https://cdn.metcash.media/image/upload/f_auto,c_limit,w_300,q_auto/igashop/images/884111"
Bakers Oven White Dinner Rolls 6 Pack,$2.90,$0.48 each,"https://cdn.metcash.media/image/upload/f_auto,c_limit,w_300,q_auto/igashop/images/510152"
Peters Twin Ice Pole Lemon Lime 8 Pack,$4.00,$0.50 each,"https://cdn.metcash.media/image/upload/f_auto,c_limit,w_300,q_auto/igashop/images/407650"
Youfoodz Choc Peanut Protein Bites 80g,$4.95,$6.19/100g,"https://cdn.metcash.media/image/upload/f_auto,c_limit,w_300,q_auto/igashop/images/202843"
Flora Buttery 500g,$3.90,$0.78/100g,"https://cdn.metcash.media/image/upload/f_auto,c_limit,w_300,q_auto/igashop/images/125787"
Lindt Christmas Festive Selection Gift Box 226g,$10.00,$4.42/100g,"https://cdn.metcash.media/image/upload/f_auto,c_limit,w_300,q_auto/igashop/images/798920"
Oreo Mini Sour Patch Kids 204g,$5.00,$2.45/100g,https://www.igashop.com.au/static/default-product-image.png
The Cake Shop Easter Choc Mud Cake 500g,$8.65,$1.73/100g,https://www.igashop.com.au/static/default-product-image.png
White King Mould & Soap Scum Remover Lemon 500mL,$5.60,$1.12/100mL,"https://cdn.metcash.media/image/upload/f_auto,c_limit,w_300,q_auto/igashop/images/493708"
Extra White Spearmint Chewing Gum Sugar Free Bottle 46 Pack,$4.70,$0.10 each,"https://cdn.metcash.media/image/upload/f_auto,c_limit,w_300,q_auto/igashop/images/178308"
Koala Natural Floor Cleaner Mandarin & Peppermint 500mL,$13.10,$2.62/100mL,"https://cdn.metcash.media/image/upload/f_auto,c_limit,w_300,q_auto/igashop/images/190000001937"
Bakers Collection Classic Christmas Tree 200g,$6.50,$3.25/100g,"https://cdn.metcash.media/image/upload/f_auto,c_limit,w_300,q_auto/igashop/images/180000002090"
U By Kotex Maternity Pads 10 Pack,$5.60,$0.56 each,"https://cdn.metcash.media/image/upload/f_auto,c_limit,w_300,q_auto/igashop/images/55482"
Maybelline Master Precise Eyeliner Blackest Black,$18.70,N/A,"https://cdn.metcash.media/image/upload/f_auto,c_limit,w_300,q_auto/igashop/images/969131"
Homeware White Dinner Candle 6 Pack,$2.50,$0.42 each,"https://cdn.metcash.media/image/upload/f_auto,c_limit,w_300,q_auto/igashop/images/991837"
Cadbury Twirl Chocolate Bar King Size 58g,$2.75,$4.74/100g,"https://cdn.metcash.media/image/upload/f_auto,c_limit,w_300,q_auto/igashop/images/387274"
Fibre One 90 Calorie Snack Lemon Drizzle Square 120g,$5.50,$4.58/100g,"https://cdn.metcash.media/image/upload/f_auto,c_limit,w_300,q_auto/igashop/images/20000006681"
Difflam Plus Lozenges Honey Lemon 16 Pack,$11.00,$0.69 each,"https://cdn.metcash.media/image/upload/f_auto,c_limit,w_300,q_auto/igashop/images/670850"
Schweppes Solo Thirst Crusher Original Lemon Bottle 2L,$3.00,$1.50/1L,"https://cdn.metcash.media/image/upload/f_auto,c_limit,w_300,q_auto/igashop/images/21666"
Bulldog Original Face Scrub 125mL,$9.90,$7.92/100mL,"https://cdn.metcash.media/image/upload/f_auto,c_limit,w_300,q_auto/igashop/images/160000011099"
Schweppes Mineral Water Strawberry Watermelon Soft Drink 1.1L,$3.00,$2.73/1L,"https://cdn.metcash.media/image/upload/f_auto,c_limit,w_300,q_auto/igashop/images/180000006457"
"Natures Gift Dog Food Beef, Rice, PumPackin & Split Peas 220g",$6.00,$2.73/100g,https://www.igashop.com.au/static/default-product-image.png
Campbell's Country Ladle Soup Butternut Pumpkin 505g,$4.50,$0.89/100g,"https://cdn.metcash.media/image/upload/f_auto,c_limit,w_300,q_auto/igashop/images/342339"
Wicked Sister High Protein Vanilla Pudding 170g,$2.50,$1.47/100g,https://www.igashop.com.au/static/default-product-image.png
Spice & Co Fennel Seeds 60g,$3.75,$6.25/100g,"https://cdn.metcash.media/image/upload/f_auto,c_limit,w_300,q_auto/igashop/images/190000002399"
Spice & Co Smoked Paprika 60g,$3.75,$6.25/100g,"https://cdn.metcash.media/image/upload/f_auto,c_limit,w_300,q_auto/igashop/images/190000002415"
Community Co Whole Green Sicilian Olives 180g,$3.50,$1.94/100g,"https://cdn.metcash.media/image/upload/f_auto,c_limit,w_300,q_auto/igashop/images/180000005876"
Darrell Lea Strawberry Nibs 200g,$6.10,$3.05/100g,"https://cdn.metcash.media/image/upload/f_auto,c_limit,w_300,q_auto/igashop/images/383458"
Pantene Pro-V Daily Moisture Renewal Shampoo 900mL,$10.00,$1.11/100mL,"https://cdn.metcash.media/image/upload/f_auto,c_limit,w_300,q_auto/igashop/images/343110"
Black & Gold Spray Bottle 1L,$3.00,N/A,"https://cdn.metcash.media/image/upload/f_auto,c_limit,w_300,q_auto/igashop/images/589130"
Dolmio Sauce Intensify Creamy Garlic And Black Pepper 395g,$5.00,$1.27/100g,https://www.igashop.com.au/static/default-product-image.png
Windex Shower Cleaner Trigger 750mL,$6.50,$0.87/100mL,"https://cdn.metcash.media/image/upload/f_auto,c_limit,w_300,q_auto/igashop/images/379750"
Taste Express Chefs Selection Chicken Parmigiana 360g,$13.20,$3.67/100g,https://www.igashop.com.au/static/default-product-image.png
Banana Boat Ultra SPF 50 Sunscreen 200g,$15.40,$7.70/100g,"https://cdn.metcash.media/image/upload/f_auto,c_limit,w_300,q_auto/igashop/images/407150"
Jack Link's Peppered Beef Jerky 50g,$5.60,$11.20/100g,"https://cdn.metcash.media/image/upload/f_auto,c_limit,w_300,q_auto/igashop/images/438169"
Continental Cup A Soup Creamy Chicken & Corn With Croutons 2 Pack,$2.80,$1.40 each,"https://cdn.metcash.media/image/upload/f_auto,c_limit,w_300,q_auto/igashop/images/8896"
Continental Cup A Soup Chicken With Lots Of Noodles 2 Pack,$2.80,$1.40 each,"https://cdn.metcash.media/image/upload/f_auto,c_limit,w_300,q_auto/igashop/images/458017"
Chef's Choice Organic Coconut Milk 400mL,$3.45,$0.86/100mL,"https://cdn.metcash.media/image/upload/f_auto,c_limit,w_300,q_auto/igashop/images/3536"
Colgate Triple Action Cavity Protection Fluoride Original Mint Toothpaste 110g,$2.80,$2.55/100g,"https://cdn.metcash.media/image/upload/f_auto,c_limit,w_300,q_auto/igashop/images/440315"
Nestlé Plaistowe Milk Chocolate Baking Block 180g,$8.00,$4.44/100g,"https://cdn.metcash.media/image/upload/f_auto,c_limit,w_300,q_auto/igashop/images/582264"
Darrell Lea Dad's Gift Pack 946g,$18.00,$1.90/100g,https://www.igashop.com.au/static/default-product-image.png
Mersey Valley Cheese Vintage Cheddar 180g,$6.90,$3.83/100g,"https://cdn.metcash.media/image/upload/f_auto,c_limit,w_300,q_auto/igashop/images/138471"
BIC 4 Colours Medium Pen,$1.75,N/A,"https://cdn.metcash.media/image/upload/f_auto,c_limit,w_300,q_auto/igashop/images/241127"
Dine Creamy Treats Seafood Selection 4 Pack,$3.20,$0.80 each,"https://cdn.metcash.media/image/upload/f_auto,c_limit,w_300,q_auto/igashop/images/974856"
Chris' Dip Traditional Corn Relish 200g,$4.75,$2.38/100g,"https://cdn.metcash.media/image/upload/f_auto,c_limit,w_300,q_auto/igashop/images/167014"
Mentos Clean Breath Spearmint 35g,$3.20,$9.14/100g,"https://cdn.metcash.media/image/upload/f_auto,c_limit,w_300,q_auto/igashop/images/304438"
Goodnessme Fruit Nuggets & Sticks Mix 120g,$6.00,$5.00/100g,"https://cdn.metcash.media/image/upload/f_auto,c_limit,w_300,q_auto/igashop/images/641343"
Coca-Cola Zero Sugar Soft Drink Bottle 2L,$3.50,$1.75/1L,"https://cdn.metcash.media/image/upload/f_auto,c_limit,w_300,q_auto/igashop/images/921743"
U by Kotex Overnight Ultrathins Long Pads 8 Pack,$3.35,$0.42 each,"https://cdn.metcash.media/image/upload/f_auto,c_limit,w_300,q_auto/igashop/images/491882"
McKenzie's Crushed Peanuts 150g,$4.00,$2.67/100g,"https://cdn.metcash.media/image/upload/f_auto,c_limit,w_300,q_auto/igashop/images/223616"
Cheer Cheese Classics Aussie Jack Burger Slices 250g,$6.50,$2.60/100g,"https://cdn.metcash.media/image/upload/f_auto,c_limit,w_300,q_auto/igashop/images/894271"
Lyons Biscuits Toffypops 120g,$2.05,$1.71/100g,"https://cdn.metcash.media/image/upload/f_auto,c_limit,w_300,q_auto/igashop/images/621157"
Pauls Premium Custard Limoncello 600g,$2.00,$0.33/100g,https://www.igashop.com.au/static/default-product-image.png
Chobani FiT High Protein Greek Yoghurt Natural 680g,$7.00,$1.03/100g,"https://cdn.metcash.media/image/upload/f_auto,c_limit,w_300,q_auto/igashop/images/160000018278"
Energizer Recharge Maxi AA 4 Pack,$37.40,$9.35 each,"https://cdn.metcash.media/image/upload/f_auto,c_limit,w_300,q_auto/igashop/images/937663"
Ayam Hoisin Sauce 210mL,$3.60,$1.71/100mL,"https://cdn.metcash.media/image/upload/f_auto,c_limit,w_300,q_auto/igashop/images/683955"
Piranha Vege Crackers Honey 100g,$4.50,$4.50/100g,"https://cdn.metcash.media/image/upload/f_auto,c_limit,w_300,q_auto/igashop/images/980108"
Queen Organic Vanilla Essence 100mL,$7.00,$7.00/100mL,"https://cdn.metcash.media/image/upload/f_auto,c_limit,w_300,q_auto/igashop/images/351964"
Natures Organics Fruits Conditioner Coconut Lime 500mL,$2.00,$0.40/100mL,"https://cdn.metcash.media/image/upload/f_auto,c_limit,w_300,q_auto/igashop/images/725419"
Parsnip 140g,Final cost based on weight,$2.17/$15.50,"https://cdn.metcash.media/image/upload/f_auto,c_limit,w_300,q_auto/igashop/images/80060053"
CSR Organic & Unrefined Coconut Sugar 250g,$4.00,$1.60/100g,"https://cdn.metcash.media/image/upload/f_auto,c_limit,w_300,q_auto/igashop/images/253904"
Tip Top The One Gluten Free Smooth Wholegrain Sliced Bread 550g,$7.40,$1.35/100g,"https://cdn.metcash.media/image/upload/f_auto,c_limit,w_300,q_auto/igashop/images/150000007903"
OGX Nourishing + Coconut Milk Shampoo 385mL,$23.00,$5.97/100mL,"https://cdn.metcash.media/image/upload/f_auto,c_limit,w_300,q_auto/igashop/images/626380"
Arnott's Shapes Originals Barbecue 8 Pack,$4.00,$0.50 each,"https://cdn.metcash.media/image/upload/f_auto,c_limit,w_300,q_auto/igashop/images/839140"
Bundaberg Lemon Lime & Bitters Mini Cans 6 Pack,$6.30,$1.05 each,"https://cdn.metcash.media/image/upload/f_auto,c_limit,w_300,q_auto/igashop/images/284015"
Nutrisoy Tempeh Tasty Organic Tofu 300g,$7.00,$2.33/100g,"https://cdn.metcash.media/image/upload/f_auto,c_limit,w_300,q_auto/igashop/images/20000006277"
OMO Ultimate Fabric Cleaning Laundry Liquid 2L,$17.50,$8.75/1L,"https://cdn.metcash.media/image/upload/f_auto,c_limit,w_300,q_auto/igashop/images/538728"
"Fantastic Rice Crackers Tomato, Red Onion & Balsamic 100g",$2.50,$2.50/100g,"https://cdn.metcash.media/image/upload/f_auto,c_limit,w_300,q_auto/igashop/images/549774"
The Country Chef Bakery Co. Carrot Sultana And Walnut 500g,$6.90,$1.38/100g,https://www.igashop.com.au/static/default-product-image.png
Lindt Teddy Sweaters 50g,$6.00,$12.00/100g,https://www.igashop.com.au/static/default-product-image.png
Chobani Greek Yogurt Pouch Vanilla 140g,$2.70,$1.93/100g,https://www.igashop.com.au/static/default-product-image.png
Frantelle Still Water 15L,$10.50,$0.70/1L,"https://cdn.metcash.media/image/upload/f_auto,c_limit,w_300,q_auto/igashop/images/409911"
Mission Pita Pocket Original 420g,$4.40,$1.05/100g,"https://cdn.metcash.media/image/upload/f_auto,c_limit,w_300,q_auto/igashop/images/228250"
Mutti Passata Tomato Puree 400g,$3.70,$0.93/100g,"https://cdn.metcash.media/image/upload/f_auto,c_limit,w_300,q_auto/igashop/images/17353"
"Red Bull Energy Drink, The Tropical Edition 250mL",$3.00,$1.20/100mL,"https://cdn.metcash.media/image/upload/f_auto,c_limit,w_300,q_auto/igashop/images/413520"
Smith's Poppables Sweet Chilli & Sour Cream 90g,$4.80,$5.33/100g,"https://cdn.metcash.media/image/upload/f_auto,c_limit,w_300,q_auto/igashop/images/778218"
Primo Frankfurts Cocktail 1kg,$8.00,$8.00/kg,"https://cdn.metcash.media/image/upload/f_auto,c_limit,w_300,q_auto/igashop/images/160000018262"
Tommee Tippee Heat Sensor Weaning Spoon 3 Pack,$8.15,$2.72 each,"https://cdn.metcash.media/image/upload/f_auto,c_limit,w_300,q_auto/igashop/images/321833"
Western Star Salted Cultured Spreadable 340g,$6.00,$1.76/100g,https://www.igashop.com.au/static/default-product-image.png
McKenzie's Ground Ginger 40g,$3.10,$7.75/100g,"https://cdn.metcash.media/image/upload/f_auto,c_limit,w_300,q_auto/igashop/images/471201"
Kellogg's Nutri-Grain 200g,$5.15,$2.58/100g,"https://cdn.metcash.media/image/upload/f_auto,c_limit,w_300,q_auto/igashop/images/342067"
Ambrosia Devon Custard 400g,$6.10,$1.53/100g,"https://cdn.metcash.media/image/upload/f_auto,c_limit,w_300,q_auto/igashop/images/190000002247"
Monster Energy Lando Norris Cans 500mL,$4.45,$0.89/100mL,"https://cdn.metcash.media/image/upload/f_auto,c_limit,w_300,q_auto/igashop/images/1800000071434"
Leggo's Glass Bottle Tomato Paste 250g,$3.20,$1.28/100g,"https://cdn.metcash.media/image/upload/f_auto,c_limit,w_300,q_auto/igashop/images/42882"
Elastoplast Extra Tough Waterproof Plasters 16 Pack,$4.85,$0.30 each,"https://cdn.metcash.media/image/upload/f_auto,c_limit,w_300,q_auto/igashop/images/170000004033"
Go Natural Choc Salted Caramel 40g,$2.70,$6.75/100g,"https://cdn.metcash.media/image/upload/f_auto,c_limit,w_300,q_auto/igashop/images/160000011975"
Sakata Seaweed Rice Crackers 80g,$1.50,$1.88/100g,"https://cdn.metcash.media/image/upload/f_auto,c_limit,w_300,q_auto/igashop/images/674126"
Beerenberg Australian Strawberry Jam 300g,$6.15,$2.05/100g,"https://cdn.metcash.media/image/upload/f_auto,c_limit,w_300,q_auto/igashop/images/880175"
Lindor Token Gift Box 73g,$10.00,$13.70/100g,"https://cdn.metcash.media/image/upload/f_auto,c_limit,w_300,q_auto/igashop/images/214604"
Beerenberg BBQ Sauce 300mL,$6.55,$2.18/100mL,"https://cdn.metcash.media/image/upload/f_auto,c_limit,w_300,q_auto/igashop/images/964076"
Decor Watermatic Self Watering Plant Pot 170mm in White,$9.50,N/A,"https://cdn.metcash.media/image/upload/f_auto,c_limit,w_300,q_auto/igashop/images/901599"
Eveready Black Super Heavy Duty AAA 24 Pack,$21.50,$0.90 each,"https://cdn.metcash.media/image/upload/f_auto,c_limit,w_300,q_auto/igashop/images/751282"
Black & Gold Beef Lasagne 400g,$3.30,$0.83/100g,"https://cdn.metcash.media/image/upload/f_auto,c_limit,w_300,q_auto/igashop/images/180000005063"
L'OR Espresso Colombia Coffee Capsule 10 Pack,$5.30,$0.53 each,"https://cdn.metcash.media/image/upload/f_auto,c_limit,w_300,q_auto/igashop/images/808107"
My Berries Mango 800g,$24.95,$3.12/100g,"https://cdn.metcash.media/image/upload/f_auto,c_limit,w_300,q_auto/igashop/images/20000006493"
Vanish Napisan Laundry Products Gold Multi Power 0% 2kg,$32.00,$16.00/kg,"https://cdn.metcash.media/image/upload/f_auto,c_limit,w_300,q_auto/igashop/images/907037"
Pauls Custard Vanilla 140g,$2.50,$1.79/100g,"https://cdn.metcash.media/image/upload/f_auto,c_limit,w_300,q_auto/igashop/images/620091"
Continental Value Pack Pasta & Sauce Alfredo 145g,$3.80,$2.62/100g,"https://cdn.metcash.media/image/upload/f_auto,c_limit,w_300,q_auto/igashop/images/397185"
Four 'N Twenty Meat Free Pie 4 Pack,$12.50,$3.13 each,"https://cdn.metcash.media/image/upload/f_auto,c_limit,w_300,q_auto/igashop/images/852627"
Batiste Brunette Dry Shampoo 350mL,$19.00,$5.43/100mL,"https://cdn.metcash.media/image/upload/f_auto,c_limit,w_300,q_auto/igashop/images/160000011075"
Carman's Gourmet Protein Bars Dark Choc & Cranberry 200g,$8.50,$4.25/100g,"https://cdn.metcash.media/image/upload/f_auto,c_limit,w_300,q_auto/igashop/images/231944"
Moccona Caramel Latte Value Pack 30 Pack,$13.00,$0.43 each,"https://cdn.metcash.media/image/upload/f_auto,c_limit,w_300,q_auto/igashop/images/344632"
Fanta Zero Flavours Lemon 1.25L,$2.50,$2.00/1L,"https://cdn.metcash.media/image/upload/f_auto,c_limit,w_300,q_auto/igashop/images/180000006316"
INGHAM'S Frozen Turkey Breast Roast Traditional 2kg,$29.80,$14.90/kg,"https://cdn.metcash.media/image/upload/f_auto,c_limit,w_300,q_auto/igashop/images/187242"
Old El Paso Mexican Mild 12 Taco Kit 290g,$8.50,$2.93/100g,"https://cdn.metcash.media/image/upload/f_auto,c_limit,w_300,q_auto/igashop/images/48888"
Sudafed Pe Sinus & Pain 16 Pack,$13.50,$0.84 each,https://www.igashop.com.au/static/default-product-image.png
Uncle Tobys Oats Quick Sachets Breakfast Cereal Fruit Variety 10 Pack,$7.00,$0.70 each,"https://cdn.metcash.media/image/upload/f_auto,c_limit,w_300,q_auto/igashop/images/174079"
Darrell Lea Rocklea Road Milk Choc With Caramel Bits Block 160g,$5.00,$3.13/100g,"https://cdn.metcash.media/image/upload/f_auto,c_limit,w_300,q_auto/igashop/images/619650"
Black & Gold Pap Cups Coffee 15 Pack,$4.00,$0.27 each,"https://cdn.metcash.media/image/upload/f_auto,c_limit,w_300,q_auto/igashop/images/19884"
Listerine Pocketpaks Freshburst Oral Strips 3 Pack,$9.50,$3.17 each,"https://cdn.metcash.media/image/upload/f_auto,c_limit,w_300,q_auto/igashop/images/781729"
Mission Original Tortilla Strips 230g,$4.50,$1.96/100g,"https://cdn.metcash.media/image/upload/f_auto,c_limit,w_300,q_auto/igashop/images/2675"
Twinings Lady Grey Black Tea Bags 100 Pack,$13.50,$0.14 each,"https://cdn.metcash.media/image/upload/f_auto,c_limit,w_300,q_auto/igashop/images/477605"
Primo Streaky Bacon 430g,$13.20,$3.07/100g,"https://cdn.metcash.media/image/upload/f_auto,c_limit,w_300,q_auto/igashop/images/129082"
Flora Margarine Spread Salt Reduced 500g,$4.50,$0.90/100g,"https://cdn.metcash.media/image/upload/f_auto,c_limit,w_300,q_auto/igashop/images/104163"
Spice & Co Sweet Paprika 70g,$3.75,$5.36/100g,"https://cdn.metcash.media/image/upload/f_auto,c_limit,w_300,q_auto/igashop/images/190000002414"
Famous Soda Co Blood Orange Soda 330mL,$4.00,$1.21/100mL,"https://cdn.metcash.media/image/upload/f_auto,c_limit,w_300,q_auto/igashop/images/5799"
Kellogg's Coco Pops Chocolatey 375g,$7.50,$2.00/100g,"https://cdn.metcash.media/image/upload/f_auto,c_limit,w_300,q_auto/igashop/images/99240"
Harpic Heavy Duty Toilet Cleaner Oxi Action Crystal 750g,$7.20,$0.96/100g,"https://cdn.metcash.media/image/upload/f_auto,c_limit,w_300,q_auto/igashop/images/80856"
Cobs Natural Popcorn Cheddar Cheese Multipack 60g,$3.50,$5.83/100g,"https://cdn.metcash.media/image/upload/f_auto,c_limit,w_300,q_auto/igashop/images/554907"
Suimin Noodles with Tom-Yum 110g,$2.65,$2.41/100g,"https://cdn.metcash.media/image/upload/f_auto,c_limit,w_300,q_auto/igashop/images/392274"
Nice Rice Medium Grain Brown Rice 1kg,$3.50,$3.50/kg,https://www.igashop.com.au/static/default-product-image.png
Mighty Soft Fruit Loaf Cafe Style 600g,$7.90,$1.32/100g,"https://cdn.metcash.media/image/upload/f_auto,c_limit,w_300,q_auto/igashop/images/450632"
Energizer 2025 3V Lithium Batteries 2 Pack,$13.10,$6.55 each,"https://cdn.metcash.media/image/upload/f_auto,c_limit,w_300,q_auto/igashop/images/20000007350"
Continental Cup A Soup Pepper Steak & Mushroom With Croutons 2 Pack,$2.80,$1.40 each,"https://cdn.metcash.media/image/upload/f_auto,c_limit,w_300,q_auto/igashop/images/285532"
Bulldog Original Beard Balm 75mL,$13.50,$18.00/100mL,"https://cdn.metcash.media/image/upload/f_auto,c_limit,w_300,q_auto/igashop/images/160000011101"
SunRice Low GI White Rice 1kg,$4.60,$4.60/kg,"https://cdn.metcash.media/image/upload/f_auto,c_limit,w_300,q_auto/igashop/images/507081"
Cadbury Pascall Chocolate Eclairs 160g,$3.50,$2.19/100g,"https://cdn.metcash.media/image/upload/f_auto,c_limit,w_300,q_auto/igashop/images/343005"
Splenda Low Calorie Sweetener Sachet 500 Pack,$12.70,$0.03 each,"https://cdn.metcash.media/image/upload/f_auto,c_limit,w_300,q_auto/igashop/images/655871"
Vittoria Oro Nespresso Compatible Coffee Capsules 10 Pack,$6.00,$0.60 each,"https://cdn.metcash.media/image/upload/f_auto,c_limit,w_300,q_auto/igashop/images/160000014196"
Carman's Protein Bars Violet Crumble 6 Pack,$8.50,$1.42 each,"https://cdn.metcash.media/image/upload/f_auto,c_limit,w_300,q_auto/igashop/images/180000004771"
Strepsils Double Antibacterial Soothing Sore Throat Lozenges Orange 16 Pack,$7.50,$0.47 each,"https://cdn.metcash.media/image/upload/f_auto,c_limit,w_300,q_auto/igashop/images/15482"
MasterFoods Finely Crushed Ginger 270g,$5.30,$1.96/100g,"https://cdn.metcash.media/image/upload/f_auto,c_limit,w_300,q_auto/igashop/images/1800000068677"
Guzzi's Golden Pasta Tricolore Fettuccine 375g,$5.95,$1.59/100g,"https://cdn.metcash.media/image/upload/f_auto,c_limit,w_300,q_auto/igashop/images/20000006695"
Earth Source Firm Tofu 375g,$9.50,$2.53/100g,"https://cdn.metcash.media/image/upload/f_auto,c_limit,w_300,q_auto/igashop/images/190000002530"
Mr Chen's Steamed Prawn Roll 300g,$7.30,$2.43/100g,"https://cdn.metcash.media/image/upload/f_auto,c_limit,w_300,q_auto/igashop/images/313607"
Kyvalley Farms Litre Full Cream Milk 1L,$24.99,$24.99/1L,"https://cdn.metcash.media/image/upload/f_auto,c_limit,w_300,q_auto/igashop/images/20000000937"
Fibre One Chocolate Fudge Brownies 5 Pack,$5.50,$1.10 each,"https://cdn.metcash.media/image/upload/f_auto,c_limit,w_300,q_auto/igashop/images/632174"
Black Swan Crafted Hommus And Garlic Dip 170g,$5.10,$3.00/100g,https://www.igashop.com.au/static/default-product-image.png
Smith's Chips Double Crunch Spicy Chicken Skewers 80g,$3.25,$4.06/100g,https://www.igashop.com.au/static/default-product-image.png
Felix Adult As Good as it Looks Ocean Menus in Jelly Wet Cat Food 24 Pack,$21.00,$0.88 each,"https://cdn.metcash.media/image/upload/f_auto,c_limit,w_300,q_auto/igashop/images/544070"
San Remo Fettuccine Egg Noodle Pasta 250g,$1.90,$0.76/100g,"https://cdn.metcash.media/image/upload/f_auto,c_limit,w_300,q_auto/igashop/images/23993"
Unibic Anzac Authentic Biscuits 300g,$4.50,$1.50/100g,"https://cdn.metcash.media/image/upload/f_auto,c_limit,w_300,q_auto/igashop/images/11598"
Ben & Jerry's Ice Cream Cookie Dough 458mL,$14.50,$3.17/100mL,"https://cdn.metcash.media/image/upload/f_auto,c_limit,w_300,q_auto/igashop/images/268158"
Vaseline Body Lotion Gluta-Hya Dewy Radiance 200mL,$5.50,$2.75/100mL,"https://cdn.metcash.media/image/upload/f_auto,c_limit,w_300,q_auto/igashop/images/180000006345"
Aurora Peppermint Tea 25 Pack,$3.50,$0.14 each,"https://cdn.metcash.media/image/upload/f_auto,c_limit,w_300,q_auto/igashop/images/160000014179"
Clairol Nice'N Easy Permanent Hair Colour 6A Natural Light Ash Brown,$10.00,N/A,"https://cdn.metcash.media/image/upload/f_auto,c_limit,w_300,q_auto/igashop/images/580911"
McCain Pizza Base Regular Crust 700g,$7.75,$1.11/100g,"https://cdn.metcash.media/image/upload/f_auto,c_limit,w_300,q_auto/igashop/images/164480"
Cadbury Marvellous Creations Rocky Road 190g,$4.00,$2.11/100g,"https://cdn.metcash.media/image/upload/f_auto,c_limit,w_300,q_auto/igashop/images/150000008010"
Pana Organic Mint Choc Chip Frozen Dessert 950mL,$13.00,$1.37/100mL,"https://cdn.metcash.media/image/upload/f_auto,c_limit,w_300,q_auto/igashop/images/67413"
Brubecks Boutique Foods Pizza Roma 450g,$16.95,$3.77/100g,"https://cdn.metcash.media/image/upload/f_auto,c_limit,w_300,q_auto/igashop/images/628853"
Peters Twin Pole Cola Spider 8 Pack,$4.00,$0.50 each,"https://cdn.metcash.media/image/upload/f_auto,c_limit,w_300,q_auto/igashop/images/180000003641"
Red Rock Deli Gourmet Cracker Roasted Onion & Chives 130g,$3.90,$3.00/100g,"https://cdn.metcash.media/image/upload/f_auto,c_limit,w_300,q_auto/igashop/images/180000005608"
Papa Joe's Banana Bread Slice 100g,$1.55,$1.55/100g,"https://cdn.metcash.media/image/upload/f_auto,c_limit,w_300,q_auto/igashop/images/387355"
McCain Winter Vegetables 500g,$3.00,$0.60/100g,"https://cdn.metcash.media/image/upload/f_auto,c_limit,w_300,q_auto/igashop/images/168175"
Raid Max Crawling Insect Killer 375g,$13.50,$3.60/100g,"https://cdn.metcash.media/image/upload/f_auto,c_limit,w_300,q_auto/igashop/images/406942"
Maynards Bassetts Liquorice Allsorts 190g,$5.70,$3.00/100g,"https://cdn.metcash.media/image/upload/f_auto,c_limit,w_300,q_auto/igashop/images/160000014063"
Community Co Sliced Tasty Cheese 500g,$7.90,$1.58/100g,"https://cdn.metcash.media/image/upload/f_auto,c_limit,w_300,q_auto/igashop/images/692962"
Doritos Hot Salsa 300g,$2.75,$0.92/100g,"https://cdn.metcash.media/image/upload/f_auto,c_limit,w_300,q_auto/igashop/images/382240"
Cottees Orange Crush 1L,$5.50,$5.50/1L,"https://cdn.metcash.media/image/upload/f_auto,c_limit,w_300,q_auto/igashop/images/64041"
Steggles Chicken Breast Schnitzel Panko & Quinoa 600g,$11.00,$1.83/100g,"https://cdn.metcash.media/image/upload/f_auto,c_limit,w_300,q_auto/igashop/images/160000012938"
Allen's Kool Mints Chew Lollies Bag 150g,$3.60,$2.40/100g,"https://cdn.metcash.media/image/upload/f_auto,c_limit,w_300,q_auto/igashop/images/440496"
Vegeta Organic Gourmet Stock 160g,$5.20,$3.25/100g,"https://cdn.metcash.media/image/upload/f_auto,c_limit,w_300,q_auto/igashop/images/160000012532"
Ajitas Vege Chips Sweet Potato Nibbles Multipack 150g,$8.60,$5.73/100g,https://www.igashop.com.au/static/default-product-image.png
King Island Dairy Cape Wickham Double Brie 200g,$14.90,$7.45/100g,"https://cdn.metcash.media/image/upload/f_auto,c_limit,w_300,q_auto/igashop/images/379255"
Purina Total Care Petcare Slicker & Massager,$17.00,N/A,"https://cdn.metcash.media/image/upload/f_auto,c_limit,w_300,q_auto/igashop/images/215736"
Gruma Oceania Clear Bag Corn Chips 500g,$8.50,$1.70/100g,"https://cdn.metcash.media/image/upload/f_auto,c_limit,w_300,q_auto/igashop/images/180000001601"
Lux Bar Soap Soft Caress 4 Pack,$2.85,$0.71 each,"https://cdn.metcash.media/image/upload/f_auto,c_limit,w_300,q_auto/igashop/images/83749"
Berocca Vitamin B & C Original Berry Flavour Twist N Go Energy Drink 250mL,$5.60,$2.24/100mL,"https://cdn.metcash.media/image/upload/f_auto,c_limit,w_300,q_auto/igashop/images/639391"
McCain Pizza Slices Margherita 540g,$9.80,$1.81/100g,https://www.igashop.com.au/static/default-product-image.png
Obela Tzatziki To Go Classic & Sakata Crackers 125g,$4.00,$3.20/100g,"https://cdn.metcash.media/image/upload/f_auto,c_limit,w_300,q_auto/igashop/images/190000001339"
Expo Bullet Dry Erase Markers 4 Colours 4 Pack,$13.00,$3.25 each,"https://cdn.metcash.media/image/upload/f_auto,c_limit,w_300,q_auto/igashop/images/190000001505"
Garlic Bulb 70g,Final cost based on weight,$2.45/$34.95,"https://cdn.metcash.media/image/upload/f_auto,c_limit,w_300,q_auto/igashop/images/80060032"
Kellogg's K-Time Baked Twists Strawberry & Blueberry Flavour 9 Pack,$7.20,$0.80 each,"https://cdn.metcash.media/image/upload/f_auto,c_limit,w_300,q_auto/igashop/images/872758"
Ardmona Vine Ripened Diced Tomatoes 810g,$3.90,$0.48/100g,"https://cdn.metcash.media/image/upload/f_auto,c_limit,w_300,q_auto/igashop/images/352203"
Aeroplane Jelly Original Lime 85g,$1.80,$2.12/100g,"https://cdn.metcash.media/image/upload/f_auto,c_limit,w_300,q_auto/igashop/images/180000000137"
Black & Gold Trigger Spray Bottle 500mL,$2.00,$0.40/100mL,"https://cdn.metcash.media/image/upload/f_auto,c_limit,w_300,q_auto/igashop/images/_589114"
Green's Cake Mix Ice Dream Strawberry Shortbread 335g,$2.50,$0.75/100g,"https://cdn.metcash.media/image/upload/f_auto,c_limit,w_300,q_auto/igashop/images/572057"
Fanta Flavours Lemon Cans 6 Pack,$6.00,$1.00 each,"https://cdn.metcash.media/image/upload/f_auto,c_limit,w_300,q_auto/igashop/images/180000006330"
Cold Power Advanced Clean Laundry Capsules 29 Pack,$26.00,$0.90 each,https://www.igashop.com.au/static/default-product-image.png
Chobani Yoghurt Pots Passion Fruit 170g,$2.60,$1.53/100g,"https://cdn.metcash.media/image/upload/f_auto,c_limit,w_300,q_auto/igashop/images/180000000018"
Old El Paso Regular Taco Shells 156g,$3.95,$2.53/100g,https://www.igashop.com.au/static/default-product-image.png
Sara Lee Butter Chocolate Cake 350g,$7.20,$2.06/100g,"https://cdn.metcash.media/image/upload/f_auto,c_limit,w_300,q_auto/igashop/images/109121"
Kinder Mix Box Christmas 113g,$6.00,$5.31/100g,https://www.igashop.com.au/static/default-product-image.png
Greenseas Tuna In Spring Water In Springwater 425g,$5.60,$1.32/100g,"https://cdn.metcash.media/image/upload/f_auto,c_limit,w_300,q_auto/igashop/images/15479"
Fantastic Rice Crackers Sweet Chilli & Sour Cream 100g,$2.50,$2.50/100g,"https://cdn.metcash.media/image/upload/f_auto,c_limit,w_300,q_auto/igashop/images/2484"
Maggie Beer Stock Natural Chicken Stock 500mL,$4.50,$0.90/100mL,https://www.igashop.com.au/static/default-product-image.png
Baked Provisions Pork & Fennel Roll 340g,$6.75,$1.99/100g,"https://cdn.metcash.media/image/upload/f_auto,c_limit,w_300,q_auto/igashop/images/180000005029"
McCain Pizza Cheese & Bacon 500g,$8.80,$1.76/100g,"https://cdn.metcash.media/image/upload/f_auto,c_limit,w_300,q_auto/igashop/images/119192"
Symons Organic Parmesan Block 150g,$10.99,$7.33/100g,"https://cdn.metcash.media/image/upload/f_auto,c_limit,w_300,q_auto/igashop/images/20000006318"
Huggies Essential Clean Baby Wipes 80 Pack,$3.30,$0.04 each,"https://cdn.metcash.media/image/upload/f_auto,c_limit,w_300,q_auto/igashop/images/944607"
Armor All Glass Wipes 30 Pack,$8.00,$0.27 each,https://www.igashop.com.au/static/default-product-image.png
Budweiser Bottle 330mL 24 Pack,$9.95,$0.41 each,https://www.igashop.com.au/static/default-product-image.png
Darrell Lea Triple Liquorice Chocolate Logs 110g,$1.50,$1.36/100g,https://www.igashop.com.au/static/default-product-image.png
The Spice Tailor Delhi Biryani 360g,$5.05,$1.40/100g,"https://cdn.metcash.media/image/upload/f_auto,c_limit,w_300,q_auto/igashop/images/160000003485"
Cenovis Easysleep Valerian 2000mg Tablets 30 Pack,$7.25,$0.24 each,"https://cdn.metcash.media/image/upload/f_auto,c_limit,w_300,q_auto/igashop/images/27387"
Black & Gold Chicken Nuggets 500g,$3.25,$0.65/100g,"https://cdn.metcash.media/image/upload/f_auto,c_limit,w_300,q_auto/igashop/images/179906"
Beechworth Pure Honey 500g,$8.50,$1.70/100g,"https://cdn.metcash.media/image/upload/f_auto,c_limit,w_300,q_auto/igashop/images/67361"
Heinz Seriously Good Aioli Garlic Mayonnaise 295mL,$5.50,$1.86/100mL,"https://cdn.metcash.media/image/upload/f_auto,c_limit,w_300,q_auto/igashop/images/149189"
Zafarelli Pennette Rigate No 18 500g,$2.00,$0.40/100g,"https://cdn.metcash.media/image/upload/f_auto,c_limit,w_300,q_auto/igashop/images/457794"
Neutrogena Deep Clean Hydrating Foaming Cleanser 150g,$18.00,$12.00/100g,"https://cdn.metcash.media/image/upload/f_auto,c_limit,w_300,q_auto/igashop/images/606136"
Community Co Salt Grinder Pink 110g,$3.60,$3.27/100g,"https://cdn.metcash.media/image/upload/f_auto,c_limit,w_300,q_auto/igashop/images/20000006660"
Bickford's Bitter Lemon Cordial 750mL,$5.50,$0.73/100mL,"https://cdn.metcash.media/image/upload/f_auto,c_limit,w_300,q_auto/igashop/images/448282"
Black & Gold Aspirin Tablets 24 Pack,$0.95,$0.04 each,"https://cdn.metcash.media/image/upload/f_auto,c_limit,w_300,q_auto/igashop/images/443698"
Gold Gourmet Chipole Mayo 500mL,$10.50,$2.10/100mL,https://www.igashop.com.au/static/default-product-image.png
Snickers Loaded Peanuts & Caramel Chocolate Bar 45g,$1.50,$3.33/100g,"https://cdn.metcash.media/image/upload/f_auto,c_limit,w_300,q_auto/igashop/images/180000006338"
V Riise Energy Drink Mandarin 330mL,$3.00,$0.91/100mL,"https://cdn.metcash.media/image/upload/f_auto,c_limit,w_300,q_auto/igashop/images/180000005655"
Doritos Nacho Cheese Salsa 280g,$3.25,$1.16/100g,"https://cdn.metcash.media/image/upload/f_auto,c_limit,w_300,q_auto/igashop/images/190000002687"
Vanish NapiSan OxiAdvance Gold Multi Power Stain Remover Powder 2.7kg,$30.00,$11.11/kg,"https://cdn.metcash.media/image/upload/f_auto,c_limit,w_300,q_auto/igashop/images/991890"
Fehlbergs Onions Pickled 500g,$3.20,$0.64/100g,"https://cdn.metcash.media/image/upload/f_auto,c_limit,w_300,q_auto/igashop/images/689545"
Unicorn Cheese Brie Chilli 125g,$5.80,$4.64/100g,"https://cdn.metcash.media/image/upload/f_auto,c_limit,w_300,q_auto/igashop/images/20000006543"
Big Lolly Christmas Mix 800g,$4.00,$0.50/100g,"https://cdn.metcash.media/image/upload/f_auto,c_limit,w_300,q_auto/igashop/images/180000002933"
Angas Park Fruit Mix Medley 375g,$9.00,$2.40/100g,"https://cdn.metcash.media/image/upload/f_auto,c_limit,w_300,q_auto/igashop/images/70589"
Cleansing Water Micellar 200mL,$11.30,$5.65/100mL,"https://cdn.metcash.media/image/upload/f_auto,c_limit,w_300,q_auto/igashop/images/306286"
John West Smoked Tuna Slices 125g,$3.95,$3.16/100g,"https://cdn.metcash.media/image/upload/f_auto,c_limit,w_300,q_auto/igashop/images/405640"
My Muscle Chef Chicken & Leek Pasta Bake 370g,$11.95,$3.23/100g,https://www.igashop.com.au/static/default-product-image.png
Uncle Tobys Oats Quick Sachets Breakfast Cereal Creamy Honey Big Bowl 8 Pack,$7.00,$0.88 each,"https://cdn.metcash.media/image/upload/f_auto,c_limit,w_300,q_auto/igashop/images/200168"
Gravox Roast Chicken with Herbs Liquid Gravy Pouch Family Pack 250g,$4.50,$1.80/100g,"https://cdn.metcash.media/image/upload/f_auto,c_limit,w_300,q_auto/igashop/images/6247"
Cadbury Cookies Double Chocolate 156g,$5.00,$3.21/100g,"https://cdn.metcash.media/image/upload/f_auto,c_limit,w_300,q_auto/igashop/images/170000001077"
Black & Gold Custard Powder 350g,$2.50,$0.71/100g,"https://cdn.metcash.media/image/upload/f_auto,c_limit,w_300,q_auto/igashop/images/332180"
Yoplait Berry Punnet Yoghurt Multipack 6 Pack,$7.00,$1.17 each,"https://cdn.metcash.media/image/upload/f_auto,c_limit,w_300,q_auto/igashop/images/928033"
Perfect Italiano Cheese Perfect Pizza Grated 450g,$7.50,$1.67/100g,"https://cdn.metcash.media/image/upload/f_auto,c_limit,w_300,q_auto/igashop/images/180677"
Aussie Bodies Lo Carb Whip'd Protein Bars Chocolate Flavour 4 Pack,$10.00,$2.50 each,"https://cdn.metcash.media/image/upload/f_auto,c_limit,w_300,q_auto/igashop/images/942273"
Kirks Creaming Soda Multipack Cans Soft Drink 10 Pack,$15.00,$1.50 each,"https://cdn.metcash.media/image/upload/f_auto,c_limit,w_300,q_auto/igashop/images/392300_1"
White Wings Pancakes Mix Original 350g,$2.00,$0.57/100g,"https://cdn.metcash.media/image/upload/f_auto,c_limit,w_300,q_auto/igashop/images/47222"
Palmolive Naturals Smooth & Shine with Macadamia Oil & Keratin Hair Conditioner 700mL,$10.00,$1.43/100mL,"https://cdn.metcash.media/image/upload/f_auto,c_limit,w_300,q_auto/igashop/images/190000000701"
McKenzie's Buckwheat Flour Resealable 300g,$4.00,$1.33/100g,"https://cdn.metcash.media/image/upload/f_auto,c_limit,w_300,q_auto/igashop/images/344849"
Monster Energy Ultra Gold 500mL,$4.45,$0.89/100mL,"https://cdn.metcash.media/image/upload/f_auto,c_limit,w_300,q_auto/igashop/images/566933"
Bega Peanut Butter Super Crunchy 470g,$6.90,$1.47/100g,"https://cdn.metcash.media/image/upload/f_auto,c_limit,w_300,q_auto/igashop/images/808592"
Weet-Bix Bites Coco Crunch 500g,$6.50,$1.30/100g,"https://cdn.metcash.media/image/upload/f_auto,c_limit,w_300,q_auto/igashop/images/651945"
My Muscle Chef Protein Ball Choc Hazelnut Truffle 40g,$4.30,$10.75/100g,"https://cdn.metcash.media/image/upload/f_auto,c_limit,w_300,q_auto/igashop/images/574347"
Sellotape Sticky Tape Refill 18mmx25m 2 Pack,$3.95,$1.98 each,"https://cdn.metcash.media/image/upload/f_auto,c_limit,w_300,q_auto/igashop/images/266062"
Sistema Hydrate Twist & Sip Water Drink Bottle,$5.00,N/A,"https://cdn.metcash.media/image/upload/f_auto,c_limit,w_300,q_auto/igashop/images/221407"
Dove Shampoo Restoring Ritual 820mL,$8.50,$1.04/100mL,"https://cdn.metcash.media/image/upload/f_auto,c_limit,w_300,q_auto/igashop/images/510733"
Black & Gold Bulldog Brush,$3.00,N/A,"https://cdn.metcash.media/image/upload/f_auto,c_limit,w_300,q_auto/igashop/images/416167"
Smith's Stax Potato Chips Salt 42g,$1.50,$3.57/100g,https://www.igashop.com.au/static/default-product-image.png
Activia Gut Health Yoghurt Vanilla 160g,$2.40,$1.50/100g,"https://cdn.metcash.media/image/upload/f_auto,c_limit,w_300,q_auto/igashop/images/1800000069844"
Canon Chicken Cheese Schnitzel 500g,$8.05,$1.61/100g,"https://cdn.metcash.media/image/upload/f_auto,c_limit,w_300,q_auto/igashop/images/134566"
Community Co Australian Natural Spring Water 10L,$5.00,$0.50/1L,"https://cdn.metcash.media/image/upload/f_auto,c_limit,w_300,q_auto/igashop/images/180000001610"
Dairy Farmers Classic Mars Bar 500mL,$3.20,$0.64/100mL,"https://cdn.metcash.media/image/upload/f_auto,c_limit,w_300,q_auto/igashop/images/180000006405"
Lotus Biscoff Biscuit Spread Smooth 720g,$10.00,$1.39/100g,https://www.igashop.com.au/static/default-product-image.png
Kikkoman Makoto Gluten Free Sauce Stir Fry Asian 225g,$3.40,$1.51/100g,"https://cdn.metcash.media/image/upload/f_auto,c_limit,w_300,q_auto/igashop/images/459181"
Only Organic Baby Wafers Raspberry And Banana 16g,$3.75,$23.44/100g,"https://cdn.metcash.media/image/upload/f_auto,c_limit,w_300,q_auto/igashop/images/292474"
Black Swan Tzatziki Dip 200g,$3.90,$1.95/100g,"https://cdn.metcash.media/image/upload/f_auto,c_limit,w_300,q_auto/igashop/images/178146"
Community Co Caesar Salad Bowl 200g,$5.50,$2.75/100g,"https://cdn.metcash.media/image/upload/f_auto,c_limit,w_300,q_auto/igashop/images/190000001530"
Cold Power 2 In 1 With A Touch Of Fabric Softener Powder Laundry Detergent 2kg,$24.00,$12.00/kg,"https://cdn.metcash.media/image/upload/f_auto,c_limit,w_300,q_auto/igashop/images/348987"
Noshu Bar Low Carb Indulgence Bars Double Choc Brownie 160g,$7.70,$4.81/100g,"https://cdn.metcash.media/image/upload/f_auto,c_limit,w_300,q_auto/igashop/images/272929"
McKenzie's Moist Coconut Flakes 225g,$4.15,$1.84/100g,"https://cdn.metcash.media/image/upload/f_auto,c_limit,w_300,q_auto/igashop/images/336663"
Happy Cake Co Banana Choc Chip 550g,$6.10,$1.11/100g,https://www.igashop.com.au/static/default-product-image.png
Black & Gold Brown Microwave Rice Cups 125g,$2.20,$1.76/100g,"https://cdn.metcash.media/image/upload/f_auto,c_limit,w_300,q_auto/igashop/images/179883"
Kleenex Eucalyptus Facial Tissues 95 Pack,$2.60,$0.03 each,"https://cdn.metcash.media/image/upload/f_auto,c_limit,w_300,q_auto/igashop/images/1608"
Abbott's Bakery Dark Rye Bread 700g,$5.20,$0.74/100g,"https://cdn.metcash.media/image/upload/f_auto,c_limit,w_300,q_auto/igashop/images/713080"
Queen Sugar Free Maple Flavour Syrup 355mL,$3.70,$1.04/100mL,"https://cdn.metcash.media/image/upload/f_auto,c_limit,w_300,q_auto/igashop/images/362465"
Maryland Cookies Double Chocolate Chip 136g,$2.05,$1.51/100g,"https://cdn.metcash.media/image/upload/f_auto,c_limit,w_300,q_auto/igashop/images/621571"
Oates Multi-Fit Squeeze Mop Refill,$13.00,N/A,"https://cdn.metcash.media/image/upload/f_auto,c_limit,w_300,q_auto/igashop/images/946060"
Arnott's Clix & Tasty Cheese Shapes 31g,$3.00,$9.68/100g,"https://cdn.metcash.media/image/upload/f_auto,c_limit,w_300,q_auto/igashop/images/279612"
Morning Sun 97% Fat Free Fruit Muesli 650g,$5.50,$0.85/100g,"https://cdn.metcash.media/image/upload/f_auto,c_limit,w_300,q_auto/igashop/images/21564"
K-Roo Kangaroo Meatballs 420g,$9.00,$2.14/100g,"https://cdn.metcash.media/image/upload/f_auto,c_limit,w_300,q_auto/igashop/images/180000005435"
Angas Park Large Fancy Prunes 375g,$4.95,$1.32/100g,"https://cdn.metcash.media/image/upload/f_auto,c_limit,w_300,q_auto/igashop/images/333487"
Rose's Marmalade English Breakfast 375g,$4.30,$1.15/100g,"https://cdn.metcash.media/image/upload/f_auto,c_limit,w_300,q_auto/igashop/images/268409"
OC Normal Balance Shampoo 400mL,$3.45,$0.86/100mL,"https://cdn.metcash.media/image/upload/f_auto,c_limit,w_300,q_auto/igashop/images/428402"
Brookfarm Gluten Free Cacao & Coconut Granola 800g,$29.95,$3.74/100g,"https://cdn.metcash.media/image/upload/f_auto,c_limit,w_300,q_auto/igashop/images/190000004053"
Sunsilk Biotin Conditioner Longer & Stronger 700mL,$10.00,$1.43/100mL,"https://cdn.metcash.media/image/upload/f_auto,c_limit,w_300,q_auto/igashop/images/617535"
Spice & Co Cayenne Pepper 60g,$3.75,$6.25/100g,"https://cdn.metcash.media/image/upload/f_auto,c_limit,w_300,q_auto/igashop/images/_190000002384"
Peters Original Ice Cream Party Cake 1.5L,$14.00,$9.33/1L,"https://cdn.metcash.media/image/upload/f_auto,c_limit,w_300,q_auto/igashop/images/121903"
Youfoodz Youjuice Ruby Refresh 350mL,$4.40,$1.26/100mL,https://www.igashop.com.au/static/default-product-image.png
Yumi's Avocado & Sea Salt Dip 200g,$4.50,$2.25/100g,"https://cdn.metcash.media/image/upload/f_auto,c_limit,w_300,q_auto/igashop/images/823856"
Brookfarm Brothers Blend Entertainer 75g,$6.50,$8.67/100g,"https://cdn.metcash.media/image/upload/f_auto,c_limit,w_300,q_auto/igashop/images/20000000521"
Bundy Juice Mandarin & Passionfruit 2L,$5.50,$2.75/1L,"https://cdn.metcash.media/image/upload/f_auto,c_limit,w_300,q_auto/igashop/images/20000006358"
Hellmann's Mayonnaise Light 432g,$5.50,$1.27/100g,"https://cdn.metcash.media/image/upload/f_auto,c_limit,w_300,q_auto/igashop/images/647242"
Cadbury Chocolate Covered Almond Easter Egg Gift Box 400g,$20.00,$5.00/100g,"https://cdn.metcash.media/image/upload/f_auto,c_limit,w_300,q_auto/igashop/images/442799"
Pickers Jalapeno Cheese Nuggets 230g,$6.00,$2.61/100g,"https://cdn.metcash.media/image/upload/f_auto,c_limit,w_300,q_auto/igashop/images/653484"
Lighthouse Yeast + Bread Improver 70g,$6.20,$8.86/100g,"https://cdn.metcash.media/image/upload/f_auto,c_limit,w_300,q_auto/igashop/images/486201"
Balducci Linguine No. 1 500g,$1.75,$0.35/100g,"https://cdn.metcash.media/image/upload/f_auto,c_limit,w_300,q_auto/igashop/images/356891"
Maggi Noodles Honey Soy Chicken 61g,$2.50,$4.10/100g,https://www.igashop.com.au/static/default-product-image.png
Huggies Infant Nappies Size 2 (4-8kg) 24 Pack,$13.00,$0.54 each,"https://cdn.metcash.media/image/upload/f_auto,c_limit,w_300,q_auto/igashop/images/995378"
Optimum Dog Grain Free Chicken And Vegetables 6.2kg,$38.00,$6.13/kg,https://www.igashop.com.au/static/default-product-image.png
Oreo Chocolate Sandwich Cookies 140g,$3.25,$2.32/100g,"https://cdn.metcash.media/image/upload/f_auto,c_limit,w_300,q_auto/igashop/images/1800000071437"
Voost Electrolyte Hydrate Apple & Berry Tablets 20 Pack,$12.00,$0.60 each,"https://cdn.metcash.media/image/upload/f_auto,c_limit,w_300,q_auto/igashop/images/160000010380"
Helga's Lower Calorie White 450g,$5.00,$1.11/100g,"https://cdn.metcash.media/image/upload/f_auto,c_limit,w_300,q_auto/igashop/images/180000002467"
Kikkoman Kara Age Japanese Style Coating Mix Spicy Fried Chicken 100g,$3.45,$3.45/100g,https://www.igashop.com.au/static/default-product-image.png
Hershey's Cookies n Creme Bar 40g,$1.50,$3.75/100g,"https://cdn.metcash.media/image/upload/f_auto,c_limit,w_300,q_auto/igashop/images/470996"
Vittoria Freeze Dried Instant Coffee Latte 100g,$13.50,$13.50/100g,"https://cdn.metcash.media/image/upload/f_auto,c_limit,w_300,q_auto/igashop/images/378592"
Heinz Seriously Good Garlic Aioli 500mL,$5.00,$1.00/100mL,"https://cdn.metcash.media/image/upload/f_auto,c_limit,w_300,q_auto/igashop/images/492419"
Carman's Aussie Oat Clusters Cereal Cocoa 450g,$8.90,$1.98/100g,https://www.igashop.com.au/static/default-product-image.png
Dine Farm Collection With Salmon Sweet Potato And Spinach 595g,$12.00,$2.02/100g,https://www.igashop.com.au/static/default-product-image.png
Community Co Sriracha Chicken Wing Nibbles 600g,$10.50,$1.75/100g,"https://cdn.metcash.media/image/upload/f_auto,c_limit,w_300,q_auto/igashop/images/20000001185"
Cold Power 2 In 1 Softener Powder Laundry Detergent 900g,$9.00,$1.00/100g,"https://cdn.metcash.media/image/upload/f_auto,c_limit,w_300,q_auto/igashop/images/806702"
Creative Gourmet Raspberries 300g,$8.05,$2.68/100g,"https://cdn.metcash.media/image/upload/f_auto,c_limit,w_300,q_auto/igashop/images/20000001761"
Cracker Barrel Block Special Reserve 250g,$7.50,$3.00/100g,"https://cdn.metcash.media/image/upload/f_auto,c_limit,w_300,q_auto/igashop/images/115067"
Empire Pizza BBQ Chicken 600g,$12.00,$2.00/100g,"https://cdn.metcash.media/image/upload/f_auto,c_limit,w_300,q_auto/igashop/images/190000004031"
DON Double Smoked Shaved Ham 400g,$9.50,$2.38/100g,"https://cdn.metcash.media/image/upload/f_auto,c_limit,w_300,q_auto/igashop/images/101584"
Coca-Cola Zero Sugar Soft Drink Multipack Cans 24 Pack,$24.75,$1.03 each,"https://cdn.metcash.media/image/upload/f_auto,c_limit,w_300,q_auto/igashop/images/848733"
Centrum For Women 50+ 60 Pack,$22.00,$0.37 each,"https://cdn.metcash.media/image/upload/f_auto,c_limit,w_300,q_auto/igashop/images/50068"
RJ's Fabulicious Sherbet Fizz 40g,$0.99,$2.48/100g,"https://cdn.metcash.media/image/upload/f_auto,c_limit,w_300,q_auto/igashop/images/160000013176"
Uncle Tobys Plus Iron 410g,$7.00,$1.71/100g,"https://cdn.metcash.media/image/upload/f_auto,c_limit,w_300,q_auto/igashop/images/776091"
Community Co Lactose Free Low Fat Milk 1L,$2.00,$2.00/1L,"https://cdn.metcash.media/image/upload/f_auto,c_limit,w_300,q_auto/igashop/images/934864"
Palmolive Luminous Oil Body Wash Rosehip & Geranium Oil pH Balanced Dermatologically Tested 400mL,$6.00,$1.50/100mL,"https://cdn.metcash.media/image/upload/f_auto,c_limit,w_300,q_auto/igashop/images/882931"
Pana Organic Salted Caramel Gluten Free Ice Cream 3 Pack,$13.50,$4.50 each,"https://cdn.metcash.media/image/upload/f_auto,c_limit,w_300,q_auto/igashop/images/8196"
Ben's Original Microwave Savoury Chicken Flavour Rice 250g,$4.70,$1.88/100g,"https://cdn.metcash.media/image/upload/f_auto,c_limit,w_300,q_auto/igashop/images/16718"
Darrell Lea Easter Treats Speckled Chick Eggs 125g,$5.00,$4.00/100g,"https://cdn.metcash.media/image/upload/f_auto,c_limit,w_300,q_auto/igashop/images/694008"
Little Bellies Organic Animal Biscuits 130g,$5.50,$4.23/100g,"https://cdn.metcash.media/image/upload/f_auto,c_limit,w_300,q_auto/igashop/images/604252"
Campbell's Spaghetti Sauce with Beef 410g,$3.40,$0.83/100g,"https://cdn.metcash.media/image/upload/f_auto,c_limit,w_300,q_auto/igashop/images/312114"
Pine O Cleen Multi-Purpose Spray Fresh Eucalyptus 750mL,$3.50,$0.47/100mL,"https://cdn.metcash.media/image/upload/f_auto,c_limit,w_300,q_auto/igashop/images/185193"
Chef's Choice Organic Chia Seed 500g,$14.95,$2.99/100g,"https://cdn.metcash.media/image/upload/f_auto,c_limit,w_300,q_auto/igashop/images/3792"
McCain Pub Size Dinner Double Meat Crumbed Lamb 480g,$10.00,$2.08/100g,"https://cdn.metcash.media/image/upload/f_auto,c_limit,w_300,q_auto/igashop/images/65665"
"Optimum Puppy Wet Dog Food With Chicken, Rice & Vegetables Trays 6 Pack",$8.40,$1.40 each,"https://cdn.metcash.media/image/upload/f_auto,c_limit,w_300,q_auto/igashop/images/961641"
Mildura Orange Fruit Drink 3L,$5.95,$1.98/1L,"https://cdn.metcash.media/image/upload/f_auto,c_limit,w_300,q_auto/igashop/images/166592"
Heinz Tomato Sauce 220mL,$2.20,$1.00/100mL,"https://cdn.metcash.media/image/upload/f_auto,c_limit,w_300,q_auto/igashop/images/374721"
Flora Margarine Spread Light 500g,$4.50,$0.90/100g,"https://cdn.metcash.media/image/upload/f_auto,c_limit,w_300,q_auto/igashop/images/191178"
Connoisseur Ice Cream Vanilla Caramel Brownie 1L,$9.00,$9.00/1L,"https://cdn.metcash.media/image/upload/f_auto,c_limit,w_300,q_auto/igashop/images/453169"
Campbells Real Stock Mushroom 1L,$4.50,$4.50/1L,"https://cdn.metcash.media/image/upload/f_auto,c_limit,w_300,q_auto/igashop/images/173146"
Dettol Multipurpose Wipes Lemon Burst 150 Pack,$15.00,$0.10 each,"https://cdn.metcash.media/image/upload/f_auto,c_limit,w_300,q_auto/igashop/images/634503"
Pauls Zymil Light Thickened Cream 300mL,$4.20,$1.40/100mL,"https://cdn.metcash.media/image/upload/f_auto,c_limit,w_300,q_auto/igashop/images/145910"
Glico Pocky Strawberry Biscuit Stick 47g,$2.20,$4.68/100g,"https://cdn.metcash.media/image/upload/f_auto,c_limit,w_300,q_auto/igashop/images/160000018183"
Cottee's Cordial Raspberry Cordial 1L,$2.75,$2.75/1L,https://www.igashop.com.au/static/default-product-image.png
Atkins Endulge Bar Caramel Nut Multipack 5 Pack,$13.95,$2.79 each,"https://cdn.metcash.media/image/upload/f_auto,c_limit,w_300,q_auto/igashop/images/797238"
Beechworth Coastal Honey 400g,$8.00,$2.00/100g,"https://cdn.metcash.media/image/upload/f_auto,c_limit,w_300,q_auto/igashop/images/762877"
Cadbury Old Gold Dark Chocolate Coated Peanut & Honeycomb 280g,$5.00,$1.79/100g,"https://cdn.metcash.media/image/upload/f_auto,c_limit,w_300,q_auto/igashop/images/540995"
Walcrisco All Round Toasting Waffles 180g,$5.95,$3.31/100g,"https://cdn.metcash.media/image/upload/f_auto,c_limit,w_300,q_auto/igashop/images/190000004800"
Sakata Rice Crackers Plain 7 Pack,$3.80,$0.54 each,https://www.igashop.com.au/static/default-product-image.png
Country Chef Pavlova Petite 9 Pack,$7.30,$0.81 each,"https://cdn.metcash.media/image/upload/f_auto,c_limit,w_300,q_auto/igashop/images/902668"
NIVEA Black & White Invisible Clear Anti-Perspirant Roll-On 50mL,$2.50,$5.00/100mL,"https://cdn.metcash.media/image/upload/f_auto,c_limit,w_300,q_auto/igashop/images/302897"
Mrs Brunt’s Fresh Egg Waffles 8 Pack,$5.60,$0.70 each,"https://cdn.metcash.media/image/upload/f_auto,c_limit,w_300,q_auto/igashop/images/8467"
Bonds Comfy Tops Slimming Sheer Tights Nude Med,$8.00,N/A,"https://cdn.metcash.media/image/upload/f_auto,c_limit,w_300,q_auto/igashop/images/337588"
Yoplait Yoghurt Mango 1kg,$4.95,$4.95/kg,"https://cdn.metcash.media/image/upload/f_auto,c_limit,w_300,q_auto/igashop/images/152292"
Pauls Egg Nog Original Flavoured Milk 1L,$5.70,$5.70/1L,"https://cdn.metcash.media/image/upload/f_auto,c_limit,w_300,q_auto/igashop/images/1800000069829"
Flora ProActiv Original Spread 250g,$5.75,$2.30/100g,"https://cdn.metcash.media/image/upload/f_auto,c_limit,w_300,q_auto/igashop/images/190000003718"
"S-26 Alula Gold Junior Milk Drink, Stage 4 900g",$24.50,$2.72/100g,"https://cdn.metcash.media/image/upload/f_auto,c_limit,w_300,q_auto/igashop/images/933478"
Baked Provisions Spinach & Ricotta Roll 340g,$7.50,$2.21/100g,"https://cdn.metcash.media/image/upload/f_auto,c_limit,w_300,q_auto/igashop/images/1800000068801"
Oreo Mini Large Variety Pack 367g,$7.00,$1.91/100g,"https://cdn.metcash.media/image/upload/f_auto,c_limit,w_300,q_auto/igashop/images/537617"
Cobram Estate Light Olive Oil Extra Virgin 375mL,$11.00,$2.93/100mL,"https://cdn.metcash.media/image/upload/f_auto,c_limit,w_300,q_auto/igashop/images/160000012143"
Pandaroo Ingredients Mushroom Chinese Sliced 40g,$3.50,$8.75/100g,"https://cdn.metcash.media/image/upload/f_auto,c_limit,w_300,q_auto/igashop/images/689799"
Diet Coca-Cola Soft Drink Bottle 600mL,$4.00,$0.67/100mL,"https://cdn.metcash.media/image/upload/f_auto,c_limit,w_300,q_auto/igashop/images/190000003878"
True Thai Massaman Curry Paste 240g,$4.60,$1.92/100g,"https://cdn.metcash.media/image/upload/f_auto,c_limit,w_300,q_auto/igashop/images/160000012615"
Huon Premium Tasmanian Salmon Steak Skin On 200g,$12.00,$6.00/100g,https://www.igashop.com.au/static/default-product-image.png
Golden Circle Pine Orange Fruit Drink 1L,$2.40,$2.40/1L,"https://cdn.metcash.media/image/upload/f_auto,c_limit,w_300,q_auto/igashop/images/14693"
Darrell Lea Gingerbread Block 160g,$3.50,$2.19/100g,"https://cdn.metcash.media/image/upload/f_auto,c_limit,w_300,q_auto/igashop/images/379807"
L'Oréal Paris Age Perfect Night Cream 50mL,$30.00,$60.00/100mL,"https://cdn.metcash.media/image/upload/f_auto,c_limit,w_300,q_auto/igashop/images/20665"
Red Rock Deli Honey Soy Chicken Potato Chips 45g,$2.65,$5.89/100g,"https://cdn.metcash.media/image/upload/f_auto,c_limit,w_300,q_auto/igashop/images/842575"
Gravox Best Ever Swedish Meatballs Style Gravy 165g,$3.50,$2.12/100g,"https://cdn.metcash.media/image/upload/f_auto,c_limit,w_300,q_auto/igashop/images/180000004563"
BIC Lighter Utility Mega,$12.50,N/A,"https://cdn.metcash.media/image/upload/f_auto,c_limit,w_300,q_auto/igashop/images/299829"
Nescafe Gold Intense 200g,$13.80,$6.90/100g,"https://cdn.metcash.media/image/upload/f_auto,c_limit,w_300,q_auto/igashop/images/439026"
Allen's Party Mix Family Size 420g,$6.50,$1.55/100g,"https://cdn.metcash.media/image/upload/f_auto,c_limit,w_300,q_auto/igashop/images/659215"
Monster Energy Ultra Strawberry Dreams Drink 4 Pack,$11.20,$2.80 each,"https://cdn.metcash.media/image/upload/f_auto,c_limit,w_300,q_auto/igashop/images/180000005987"
Golden Circle Beetroot Sliced 850g,$3.90,$0.46/100g,"https://cdn.metcash.media/image/upload/f_auto,c_limit,w_300,q_auto/igashop/images/22442"
Luv-A-Duck Peking Duck Legs 450g,$14.80,$3.29/100g,"https://cdn.metcash.media/image/upload/f_auto,c_limit,w_300,q_auto/igashop/images/Luv_A_Duck_Peking_Duck_Legs"
Golden Circle Golden Pash Fruit Drink 1L,$2.40,$2.40/1L,"https://cdn.metcash.media/image/upload/f_auto,c_limit,w_300,q_auto/igashop/images/319750"
Kez's Kitchen Gluten Free Melting Moments 190g,$7.90,$4.16/100g,"https://cdn.metcash.media/image/upload/f_auto,c_limit,w_300,q_auto/igashop/images/20000002356"
JC's Sesh Snacks Desert Heat 130g,$3.60,$2.77/100g,"https://cdn.metcash.media/image/upload/f_auto,c_limit,w_300,q_auto/igashop/images/516564"
Vittoria Mountain Grown Nespresso Compatible Coffee Capsules 10 Pack,$6.00,$0.60 each,"https://cdn.metcash.media/image/upload/f_auto,c_limit,w_300,q_auto/igashop/images/160000014198"
Maggi 2 Minute Instant Value Pack Chicken Noodles 12 Pack,$9.00,$0.75 each,"https://cdn.metcash.media/image/upload/f_auto,c_limit,w_300,q_auto/igashop/images/409762"
Sprite Zero Sugar Lemonade Bottle 12 Pack,$20.00,$1.67 each,"https://cdn.metcash.media/image/upload/f_auto,c_limit,w_300,q_auto/igashop/images/580377"
Arnott's Salada Original 250g,$3.00,$1.20/100g,"https://cdn.metcash.media/image/upload/f_auto,c_limit,w_300,q_auto/igashop/images/309072"
Gforce Juice Drink Mango And Pineapple 750mL,$4.40,$5.87/1L,https://www.igashop.com.au/static/default-product-image.png
Community Co Fruit & Seed Muesli 750g,$4.65,$0.62/100g,"https://cdn.metcash.media/image/upload/f_auto,c_limit,w_300,q_auto/igashop/images/973232"
Community Co Pine Nuts 160g,$16.00,$10.00/100g,"https://cdn.metcash.media/image/upload/f_auto,c_limit,w_300,q_auto/igashop/images/851202"
Nurofen Cold & Flu 24 Pack,$17.50,$0.73 each,"https://cdn.metcash.media/image/upload/f_auto,c_limit,w_300,q_auto/igashop/images/387766"
Nutty Bruce Ambient Almond Coconut Milk 1L,$5.00,$5.00/1L,"https://cdn.metcash.media/image/upload/f_auto,c_limit,w_300,q_auto/igashop/images/160000017996"
Dan Cake Danish Coconut Dream Cut Cake 350g,$8.00,$2.29/100g,"https://cdn.metcash.media/image/upload/f_auto,c_limit,w_300,q_auto/igashop/images/20000000283"
Community Co Garlic Loaf 400g,$3.25,$0.81/100g,"https://cdn.metcash.media/image/upload/f_auto,c_limit,w_300,q_auto/igashop/images/979796"
White Wings Cookies & Cream Mix 250g,$4.00,$1.60/100g,"https://cdn.metcash.media/image/upload/f_auto,c_limit,w_300,q_auto/igashop/images/150000006479"
Byron Bay Chilli Co. Red Cayenne Chilli Sauce 250mL,$5.75,$2.30/100mL,"https://cdn.metcash.media/image/upload/f_auto,c_limit,w_300,q_auto/igashop/images/160000013684"
Moccona Coffee Satchets Strong Cappuccino 10 Pack,$3.95,$0.40 each,"https://cdn.metcash.media/image/upload/f_auto,c_limit,w_300,q_auto/igashop/images/20000000147"
Mum's Favourites Carrot & Walnut Cake 600g,$7.50,$1.25/100g,"https://cdn.metcash.media/image/upload/f_auto,c_limit,w_300,q_auto/igashop/images/20000005499"
Laucke Flour Crusty White Bread Mix 500g,$4.00,$0.80/100g,"https://cdn.metcash.media/image/upload/f_auto,c_limit,w_300,q_auto/igashop/images/1800000071426"
Bennetto Organic Raspberry Dark Chocolate Block 100g,$7.99,$7.99/100g,"https://cdn.metcash.media/image/upload/f_auto,c_limit,w_300,q_auto/igashop/images/190000001783"
Old El Paso Mexican Chilli Spice Mix Medium 35g,$3.00,$8.57/100g,"https://cdn.metcash.media/image/upload/f_auto,c_limit,w_300,q_auto/igashop/images/48278"
Pandaroo Vermicelli Brown Rice 200g,$2.20,$1.10/100g,"https://cdn.metcash.media/image/upload/f_auto,c_limit,w_300,q_auto/igashop/images/190000004848"
Dutch Organic Fruit Loaf Spice & Raisin 620g,$7.00,$1.13/100g,"https://cdn.metcash.media/image/upload/f_auto,c_limit,w_300,q_auto/igashop/images/20000006869"
Just Sweets Whirls Caramel 200g,$5.95,$2.98/100g,"https://cdn.metcash.media/image/upload/f_auto,c_limit,w_300,q_auto/igashop/images/190000005044"
Twinings Live Well Focus 18 Pack,$6.50,$0.36 each,"https://cdn.metcash.media/image/upload/f_auto,c_limit,w_300,q_auto/igashop/images/160000005527"
Eveready Black Super Heavy Duty AAA 10 Pack,$13.75,$1.38 each,"https://cdn.metcash.media/image/upload/f_auto,c_limit,w_300,q_auto/igashop/images/901450"
Impressed Essentials Apple Juice 425mL,$3.00,$0.71/100mL,"https://cdn.metcash.media/image/upload/f_auto,c_limit,w_300,q_auto/igashop/images/180000003596"
Green's Temptations Mousse Mix Chocolate 185g,$5.60,$3.03/100g,"https://cdn.metcash.media/image/upload/f_auto,c_limit,w_300,q_auto/igashop/images/359988"
Perfect Italiano Perfect Bakes Grated Cheese 450g,$7.50,$1.67/100g,"https://cdn.metcash.media/image/upload/f_auto,c_limit,w_300,q_auto/igashop/images/174731"
Fruit For Life Dried Mango Slices 150g,$6.00,$4.00/100g,"https://cdn.metcash.media/image/upload/f_auto,c_limit,w_300,q_auto/igashop/images/751431"
Mission Salt Reduced Tortillas 576g,$4.50,$0.78/100g,"https://cdn.metcash.media/image/upload/f_auto,c_limit,w_300,q_auto/igashop/images/274426"
Rokeby Protein Smoothie Dutch Chocolate 425mL,$4.40,$1.04/100mL,"https://cdn.metcash.media/image/upload/f_auto,c_limit,w_300,q_auto/igashop/images/2114"
John West Wild Alaskan Red Salmon 105g,$6.50,$6.19/100g,"https://cdn.metcash.media/image/upload/f_auto,c_limit,w_300,q_auto/igashop/images/18744"
Nudie Pink Lemonade 2L,$9.00,$4.50/1L,"https://cdn.metcash.media/image/upload/f_auto,c_limit,w_300,q_auto/igashop/images/180000000058"
Pascall Cadbury Clinkers Lollies Gift Box 300g,$10.00,$3.33/100g,"https://cdn.metcash.media/image/upload/f_auto,c_limit,w_300,q_auto/igashop/images/959924"
Tommee Tippee Closer To Nature Feeding Bottles,$13.15,N/A,"https://cdn.metcash.media/image/upload/f_auto,c_limit,w_300,q_auto/igashop/images/454097"
Fairy Platinum Plus Expert All In One Dishwasher Tablets 28 Pack,$35.95,$1.28 each,"https://cdn.metcash.media/image/upload/f_auto,c_limit,w_300,q_auto/igashop/images/236732"
Nestlé Allen's Freckles Confectionery Filled Egg 180g,$4.80,$2.67/100g,"https://cdn.metcash.media/image/upload/f_auto,c_limit,w_300,q_auto/igashop/images/353385"
Aeroplane Jelly Original Strawberry 85g,$1.80,$2.12/100g,"https://cdn.metcash.media/image/upload/f_auto,c_limit,w_300,q_auto/igashop/images/180000000149"
Red Bull Energy Drink 250mL,$3.20,$1.28/100mL,"https://cdn.metcash.media/image/upload/f_auto,c_limit,w_300,q_auto/igashop/images/190000000879"
Extra Raspberry Lime 27g,$2.50,$9.26/100g,https://www.igashop.com.au/static/default-product-image.png
Arnott's Treatles Biscuits Neapolitan Flavour 90g,$6.00,$6.67/100g,"https://cdn.metcash.media/image/upload/f_auto,c_limit,w_300,q_auto/igashop/images/542811"
Aurora Coffee Ground Italian 1kg,$23.40,$23.40/kg,"https://cdn.metcash.media/image/upload/f_auto,c_limit,w_300,q_auto/igashop/images/399132"
Vegie Delights Nutmeat 415g,$5.65,$1.36/100g,"https://cdn.metcash.media/image/upload/f_auto,c_limit,w_300,q_auto/igashop/images/338225"
Chux Bathroom 3in1 Cleaner,$3.10,N/A,"https://cdn.metcash.media/image/upload/f_auto,c_limit,w_300,q_auto/igashop/images/369483"
Hans Bacon Short Cut Rindless 750g,$12.00,$1.60/100g,"https://cdn.metcash.media/image/upload/f_auto,c_limit,w_300,q_auto/igashop/images/198138"
Lee Kum Kee Premium Soy Sauce 150mL,$3.50,$2.33/100mL,"https://cdn.metcash.media/image/upload/f_auto,c_limit,w_300,q_auto/igashop/images/836168"
Sharwood's Ingredients Chutney Mango 354g,$8.00,$2.26/100g,"https://cdn.metcash.media/image/upload/f_auto,c_limit,w_300,q_auto/igashop/images/355463"
Signature Collection Marinated Goat Cheese 300g,$3.99,$1.33/100g,"https://cdn.metcash.media/image/upload/f_auto,c_limit,w_300,q_auto/igashop/images/190000004939"
MasterFoods Garlic Powder 45g,$3.50,$7.78/100g,"https://cdn.metcash.media/image/upload/f_auto,c_limit,w_300,q_auto/igashop/images/1800000068409"
Purina Fancy Feast Grilled Chicken Feast 85g,$0.95,$1.12/100g,"https://cdn.metcash.media/image/upload/f_auto,c_limit,w_300,q_auto/igashop/images/579274"
Sandhurst Olives Green Pitted 350g,$6.40,$1.83/100g,"https://cdn.metcash.media/image/upload/f_auto,c_limit,w_300,q_auto/igashop/images/20000003103"
Swisspers Cotton Tips Paper Stems 20 Pack,$1.15,$0.06 each,"https://cdn.metcash.media/image/upload/f_auto,c_limit,w_300,q_auto/igashop/images/990218"
Cadbury Twirl Bites Pillow 135g,$5.00,$3.70/100g,"https://cdn.metcash.media/image/upload/f_auto,c_limit,w_300,q_auto/igashop/images/180000001313"
Ecostore Dish Liquid Ultra Sensitive 1L,$9.50,$9.50/1L,"https://cdn.metcash.media/image/upload/f_auto,c_limit,w_300,q_auto/igashop/images/190000002709"
Uncle Tobys Rolled Oats Protein With Pepita & Chia Seeds 490g,$5.00,$1.02/100g,"https://cdn.metcash.media/image/upload/f_auto,c_limit,w_300,q_auto/igashop/images/542641"
Antipodes Sparkling Water 1L,$6.75,$6.75/1L,"https://cdn.metcash.media/image/upload/f_auto,c_limit,w_300,q_auto/igashop/images/190000005235"
Primo Champagne Leg Ham Thinly Sliced 100g,$3.00,$3.00/100g,"https://cdn.metcash.media/image/upload/f_auto,c_limit,w_300,q_auto/igashop/images/102297_2"
Red Bull Energy Drink The Red Edition Can 250mL,$3.20,$1.28/100mL,"https://cdn.metcash.media/image/upload/f_auto,c_limit,w_300,q_auto/igashop/images/809483"
Bellamy's Organic Step 3 Toddler Milk Drink 12+ Months 800g,$33.00,$4.13/100g,https://www.igashop.com.au/static/default-product-image.png
Viva Rinse & Reuse Sheet Towels 40 Pack,$5.00,$0.13 each,"https://cdn.metcash.media/image/upload/f_auto,c_limit,w_300,q_auto/igashop/images/907485"
Fancy Feast Cat Food Delights With Chicken & Cheddar Cheese 85g,$0.95,$1.12/100g,"https://cdn.metcash.media/image/upload/f_auto,c_limit,w_300,q_auto/igashop/images/122417"
Huggies Nappy Pants Junior Girl 24 Pack,$22.00,$0.92 each,"https://cdn.metcash.media/image/upload/f_auto,c_limit,w_300,q_auto/igashop/images/759167"
Haagen-Dazs Ice Cream Cookies And Cream 457mL,$13.50,$2.95/100mL,"https://cdn.metcash.media/image/upload/f_auto,c_limit,w_300,q_auto/igashop/images/279159"
Basa Fillet White 1kg,Final cost based on weight,$9.20/$9.20,"https://cdn.metcash.media/image/upload/f_auto,c_limit,w_300,q_auto/igashop/images/80072110"
Kiwi Dark Tan Shoe Polish 38g,$5.40,$14.21/100g,"https://cdn.metcash.media/image/upload/f_auto,c_limit,w_300,q_auto/igashop/images/67858"
Darrell Lea Rocklea Road Milk Chocolate Bunny 170g,$10.00,$5.88/100g,"https://cdn.metcash.media/image/upload/f_auto,c_limit,w_300,q_auto/igashop/images/698015"
Mainland Mozzarella Grated Cheese 200g,$5.70,$2.85/100g,"https://cdn.metcash.media/image/upload/f_auto,c_limit,w_300,q_auto/igashop/images/156238"
Oregano 25g,$4.00,$16.00/100g,https://www.igashop.com.au/static/default-product-image.png
Queen Sugar Free Caramel Dulce De Leche Topping 355mL,$4.50,$1.27/100mL,"https://cdn.metcash.media/image/upload/f_auto,c_limit,w_300,q_auto/igashop/images/1800000068879"
Twinings Green Tea Bags 100 Pack,$13.50,$0.14 each,"https://cdn.metcash.media/image/upload/f_auto,c_limit,w_300,q_auto/igashop/images/984953"
OMO Ultimate Laundry Liquid 4L,$30.00,$7.50/1L,"https://cdn.metcash.media/image/upload/f_auto,c_limit,w_300,q_auto/igashop/images/538702"
Viva Eco Bamboo Fibre Paper Towel 2 Pack,$5.15,$2.58 each,"https://cdn.metcash.media/image/upload/f_auto,c_limit,w_300,q_auto/igashop/images/160000003605"
Raw C Coconut Oil 700mL,$13.50,$1.93/100mL,"https://cdn.metcash.media/image/upload/f_auto,c_limit,w_300,q_auto/igashop/images/4957"
Celebrate Health Teriyaki Stir-Fry 175g,$3.55,$2.03/100g,"https://cdn.metcash.media/image/upload/f_auto,c_limit,w_300,q_auto/igashop/images/156610"
Clairol Nice'N Easy Permanent Hair Colour Natural Black,$10.00,N/A,"https://cdn.metcash.media/image/upload/f_auto,c_limit,w_300,q_auto/igashop/images/580741"
Nestlé Smarties Chocolate Funpack 127g,$3.75,$2.95/100g,"https://cdn.metcash.media/image/upload/f_auto,c_limit,w_300,q_auto/igashop/images/370926"
Libra Extra Pads Goodnights with Wings 10 Pack,$5.70,$0.57 each,"https://cdn.metcash.media/image/upload/f_auto,c_limit,w_300,q_auto/igashop/images/649286"
Shepard Avocado,$2.70,N/A,"https://cdn.metcash.media/image/upload/f_auto,c_limit,w_300,q_auto/igashop/images/80050084"
The Spice Tailor Indonesian Rendang 275g,$6.70,$2.44/100g,"https://cdn.metcash.media/image/upload/f_auto,c_limit,w_300,q_auto/igashop/images/160000003493"
Old El Paso Taco Shells Family Pack 234g,$6.00,$2.56/100g,https://www.igashop.com.au/static/default-product-image.png
MasterFoods Dijonnaise Mustard 250g,$3.50,$1.40/100g,"https://cdn.metcash.media/image/upload/f_auto,c_limit,w_300,q_auto/igashop/images/39342"
Starbucks Colombia Coffee Nespresso Compatible Capsules 36 Pack,$23.00,$0.64 each,"https://cdn.metcash.media/image/upload/f_auto,c_limit,w_300,q_auto/igashop/images/231070"
Always Fresh Medi Anchovy Fillets 100g,$6.50,$6.50/100g,"https://cdn.metcash.media/image/upload/f_auto,c_limit,w_300,q_auto/igashop/images/949393"
My Dog Adult Wet Dog Food Tasty Kangaroo Meaty Loaf 6 Pack,$8.00,$1.33 each,"https://cdn.metcash.media/image/upload/f_auto,c_limit,w_300,q_auto/igashop/images/919738"
Cadbury Dairy Milk Pink Lemonade Chocolate Bar 46g,$3.00,$6.52/100g,"https://cdn.metcash.media/image/upload/f_auto,c_limit,w_300,q_auto/igashop/images/180000003538"
Youfoodz Roast Chicken & Gravy With Loaded Mash & Veg 350g,$10.95,$3.13/100g,"https://cdn.metcash.media/image/upload/f_auto,c_limit,w_300,q_auto/igashop/images/479945"
Glad Kitchen Tidy Bag Wavetop Large 30 Pack,$3.75,$0.12 each,"https://cdn.metcash.media/image/upload/f_auto,c_limit,w_300,q_auto/igashop/images/610871"
Hellmann's Mayonnaise Spicy Kicker Mayo Squeeze 250g,$3.00,$1.20/100g,"https://cdn.metcash.media/image/upload/f_auto,c_limit,w_300,q_auto/igashop/images/1800000067621"
Birds Eye Chips Golden Crunch 900g,$6.00,$0.67/100g,"https://cdn.metcash.media/image/upload/f_auto,c_limit,w_300,q_auto/igashop/images/20000005855"
Uncle Tobys Muesli Bars Yoghurt & Honeycomb 6 Pack,$5.50,$0.92 each,"https://cdn.metcash.media/image/upload/f_auto,c_limit,w_300,q_auto/igashop/images/435475"
Artline Laundry Marker Black,$5.80,N/A,"https://cdn.metcash.media/image/upload/f_auto,c_limit,w_300,q_auto/igashop/images/240503"
Gillette Mach 3 Shaving Razor,$9.75,N/A,"https://cdn.metcash.media/image/upload/f_auto,c_limit,w_300,q_auto/igashop/images/195083"
TRESemmé Conditioner Repair & Protect 675mL,$13.00,$1.93/100mL,"https://cdn.metcash.media/image/upload/f_auto,c_limit,w_300,q_auto/igashop/images/809784"
Allen's Retro Party Mix Lollies Bag 190g,$3.50,$1.84/100g,"https://cdn.metcash.media/image/upload/f_auto,c_limit,w_300,q_auto/igashop/images/25288"
Pedigree Dentastix Chewy Chunx Maxi 68g,$3.00,$4.41/100g,https://www.igashop.com.au/static/default-product-image.png
Celebrate Health Lemon Turmeric With Apple Cider Vinegar & Avocado Oil 150g,$4.60,$3.07/100g,https://www.igashop.com.au/static/default-product-image.png
The Olive Branch Sweet Chilli Crab Dip 200g,$7.80,$3.90/100g,"https://cdn.metcash.media/image/upload/f_auto,c_limit,w_300,q_auto/igashop/images/190000004035"
Delucas Tortellini Carbonara 1.1kg,$20.00,$18.18/kg,"https://cdn.metcash.media/image/upload/f_auto,c_limit,w_300,q_auto/igashop/images/190000001720"
Lyle's Golden Syrup 454g,$5.55,$1.22/100g,"https://cdn.metcash.media/image/upload/f_auto,c_limit,w_300,q_auto/igashop/images/190000002261"
Tony's Chocolate Caramel Cookie 180g,$10.75,$5.97/100g,https://www.igashop.com.au/static/default-product-image.png
Four N Twenty Cheese Kransky 170g,$4.60,$2.71/100g,https://www.igashop.com.au/static/default-product-image.png
Philadelphia Cream Cheese Block Twin 500g,$9.00,$1.80/100g,"https://cdn.metcash.media/image/upload/f_auto,c_limit,w_300,q_auto/igashop/images/114061"
La Zuppa Microwave Soup Minestrone 420g,$4.60,$1.10/100g,"https://cdn.metcash.media/image/upload/f_auto,c_limit,w_300,q_auto/igashop/images/864064"
Oates Wonder Cloth 3 Pack,$6.00,$2.00 each,"https://cdn.metcash.media/image/upload/f_auto,c_limit,w_300,q_auto/igashop/images/907299"
Zovirax Cold Sore Cream Tube 2g,$18.50,$925.00/100g,"https://cdn.metcash.media/image/upload/f_auto,c_limit,w_300,q_auto/igashop/images/698861"
Lifebuoy Hand Sanitiser Spray 150mL,$1.00,$0.67/100mL,"https://cdn.metcash.media/image/upload/f_auto,c_limit,w_300,q_auto/igashop/images/871435"
Johnson's Body Care Dreamy Skin Body Wash 1L,$6.00,$6.00/1L,"https://cdn.metcash.media/image/upload/f_auto,c_limit,w_300,q_auto/igashop/images/396430"
Gold Gourmet Basil Pesto 500mL,$15.00,$3.00/100mL,https://www.igashop.com.au/static/default-product-image.png
Kirks Creaming Soda Bottle Soft Drink Bottle 1.25L,$2.85,$2.28/1L,"https://cdn.metcash.media/image/upload/f_auto,c_limit,w_300,q_auto/igashop/images/621597"
My Muscle Chef Protein Drink Strawberry 375g,$5.95,$1.59/100g,"https://cdn.metcash.media/image/upload/f_auto,c_limit,w_300,q_auto/igashop/images/20000006123"
Nair Sensitive Hair Removal Cream 75g,$7.40,$9.87/100g,"https://cdn.metcash.media/image/upload/f_auto,c_limit,w_300,q_auto/igashop/images/23095"
Black & Gold Sweetened Condensed Milk 397g,$2.20,$0.55/100g,"https://cdn.metcash.media/image/upload/f_auto,c_limit,w_300,q_auto/igashop/images/432053"
Leggo's Bolognese Bacon Flavour 500g,$2.30,$0.46/100g,"https://cdn.metcash.media/image/upload/f_auto,c_limit,w_300,q_auto/igashop/images/224112"
Palmolive Men Rapid Shave Gel Sensitive Soothing Protection with Aloe Vera 200g,$4.90,$2.45/100g,"https://cdn.metcash.media/image/upload/f_auto,c_limit,w_300,q_auto/igashop/images/692857"
Arnott's Bluey Biscuits Cocoa & Oat Multipack 168g,$5.00,$2.98/100g,"https://cdn.metcash.media/image/upload/f_auto,c_limit,w_300,q_auto/igashop/images/621000"
Primo Air-Dried Salami Sticks Mild Salami 90g,$6.00,$6.67/100g,"https://cdn.metcash.media/image/upload/f_auto,c_limit,w_300,q_auto/igashop/images/180000004940"
Funday Fruity Gummy Snakes 50g,$4.20,$8.40/100g,https://www.igashop.com.au/static/default-product-image.png
Kikkoman Makoto Gluten Free Sauce Thick Teriyaki 240g,$3.40,$1.42/100g,https://www.igashop.com.au/static/default-product-image.png
Helga's Gluten Free Traditional White Loaf 470g,$7.80,$1.66/100g,"https://cdn.metcash.media/image/upload/f_auto,c_limit,w_300,q_auto/igashop/images/405027"
Western Star Chef's Choice Unsalted Cultured Butter 250g,$4.70,$1.88/100g,"https://cdn.metcash.media/image/upload/f_auto,c_limit,w_300,q_auto/igashop/images/164595"
Community Co Glace Ginger 125g,$4.00,$3.20/100g,"https://cdn.metcash.media/image/upload/f_auto,c_limit,w_300,q_auto/igashop/images/190000010529"
Great Temptations Orange & Poppy 2 Pack,$3.25,$1.63 each,https://www.igashop.com.au/static/default-product-image.png
Red Rock Deli Crostini Parmesan & Black Pepper 115g,$5.00,$4.35/100g,"https://cdn.metcash.media/image/upload/f_auto,c_limit,w_300,q_auto/igashop/images/539525"
Madura Green Tea Bags 50 Pack,$5.90,$0.12 each,"https://cdn.metcash.media/image/upload/f_auto,c_limit,w_300,q_auto/igashop/images/398411"
Nestlé Milo Dipped Snack Bars with White Chocolate 10 Pack,$6.50,$0.65 each,"https://cdn.metcash.media/image/upload/f_auto,c_limit,w_300,q_auto/igashop/images/88956"
Queen Organic Vanilla Essence 50mL,$4.00,$8.00/100mL,"https://cdn.metcash.media/image/upload/f_auto,c_limit,w_300,q_auto/igashop/images/351760"
Surf Laundry Powder Front & Top Tropical 3kg,$14.00,$4.67/kg,"https://cdn.metcash.media/image/upload/f_auto,c_limit,w_300,q_auto/igashop/images/840117"
Mainland Extra Tasty Cheddar Cheese 250g,$7.00,$2.80/100g,"https://cdn.metcash.media/image/upload/f_auto,c_limit,w_300,q_auto/igashop/images/925080"
Quest Dipped Protein Bars Chocolate Chip Cookie Dough 50g,$5.40,$10.80/100g,https://www.igashop.com.au/static/default-product-image.png
Golden Crumpets Squares 425g,$5.00,$1.18/100g,"https://cdn.metcash.media/image/upload/f_auto,c_limit,w_300,q_auto/igashop/images/332067"
Breeder's Choice Cat Litter 15L,$22.00,$1.47/1L,"https://cdn.metcash.media/image/upload/f_auto,c_limit,w_300,q_auto/igashop/images/891142"
Vitasoy Home Barista Oat Milk 1L,$4.00,$4.00/1L,https://www.igashop.com.au/static/default-product-image.png
Birds Eye Mixed Vegetables Beans Carrot Corn & Broccoli 1kg,$6.50,$6.50/kg,"https://cdn.metcash.media/image/upload/f_auto,c_limit,w_300,q_auto/igashop/images/104870"
Beerenberg Relish Tomato & Cracked Pepper 265g,$6.45,$2.43/100g,"https://cdn.metcash.media/image/upload/f_auto,c_limit,w_300,q_auto/igashop/images/221729"
Nesquik Chocolate 500g,$7.50,$1.50/100g,"https://cdn.metcash.media/image/upload/f_auto,c_limit,w_300,q_auto/igashop/images/10267"
Cuddly Fabric Softener Refill Sachet Classic Fresh 300mL,$3.50,$1.17/100mL,"https://cdn.metcash.media/image/upload/f_auto,c_limit,w_300,q_auto/igashop/images/352334"
F. Whitlock & Sons Caramelised Onion Relish 275g,$4.50,$1.64/100g,"https://cdn.metcash.media/image/upload/f_auto,c_limit,w_300,q_auto/igashop/images/669998"
Tip Top Bread Gourmet Bun 220g,$4.20,$1.91/100g,"https://cdn.metcash.media/image/upload/f_auto,c_limit,w_300,q_auto/igashop/images/573061"
Berocca Energy Vitamin B & C Original Berry Flavour Effervescent Tablets 15 Pack,$11.00,$0.73 each,"https://cdn.metcash.media/image/upload/f_auto,c_limit,w_300,q_auto/igashop/images/545377"
Listerine Teeth Defence Mouthwash 1L,$13.50,$13.50/1L,"https://cdn.metcash.media/image/upload/f_auto,c_limit,w_300,q_auto/igashop/images/62298"
Fisherman's Friend Mints Spearmint Sugar Free 25g,$3.20,$12.80/100g,"https://cdn.metcash.media/image/upload/f_auto,c_limit,w_300,q_auto/igashop/images/60534"
Australia's Own Barista Almond 1L,$3.00,$3.00/1L,"https://cdn.metcash.media/image/upload/f_auto,c_limit,w_300,q_auto/igashop/images/31161"
Beerenberg Caramelised Onion Sauce 280g,$6.45,$2.30/100g,"https://cdn.metcash.media/image/upload/f_auto,c_limit,w_300,q_auto/igashop/images/807371"
Praise Greek Dressings 330mL,$3.00,$0.91/100mL,"https://cdn.metcash.media/image/upload/f_auto,c_limit,w_300,q_auto/igashop/images/62641"
Yarra Valley Hilltop Heritage Three Berries Conserve 300g,$5.60,$1.87/100g,https://www.igashop.com.au/static/default-product-image.png
Trident Sweet Chilli With Ginger Sauce 285mL,$3.85,$1.35/100mL,"https://cdn.metcash.media/image/upload/f_auto,c_limit,w_300,q_auto/igashop/images/160000018415"
Lilydale Chilled Chicken Breast Dippers Herb & Parmesan 400g,$17.50,$4.38/100g,"https://cdn.metcash.media/image/upload/f_auto,c_limit,w_300,q_auto/igashop/images/742461"
Pascall Wine Gums 220g,$5.10,$2.32/100g,"https://cdn.metcash.media/image/upload/f_auto,c_limit,w_300,q_auto/igashop/images/150000007997"
Golden Circle Sarsaparilla Cordial 2L,$4.50,$2.25/1L,"https://cdn.metcash.media/image/upload/f_auto,c_limit,w_300,q_auto/igashop/images/442367"
Chum Chicken 700g,$2.95,$0.42/100g,"https://cdn.metcash.media/image/upload/f_auto,c_limit,w_300,q_auto/igashop/images/72659"
T2 Melbourne Breakfast Tea Bags 10 Pack,$8.00,$0.80 each,"https://cdn.metcash.media/image/upload/f_auto,c_limit,w_300,q_auto/igashop/images/160000014319"
Pez Halloween 17g,$4.10,$24.12/100g,https://www.igashop.com.au/static/default-product-image.png
BIC J26 Maxi Lighter,$3.70,N/A,"https://cdn.metcash.media/image/upload/f_auto,c_limit,w_300,q_auto/igashop/images/377677"
Mentos Pure Fresh Spearmint Gum Tower 30g,$2.40,$8.00/100g,"https://cdn.metcash.media/image/upload/f_auto,c_limit,w_300,q_auto/igashop/images/961049"
Huggies Nappy Pants Toddler Girl 29 Pack,$22.00,$0.76 each,"https://cdn.metcash.media/image/upload/f_auto,c_limit,w_300,q_auto/igashop/images/758807"
Campbell's Chunky Canned Soup Hearty Irish Stew 505g,$4.50,$0.89/100g,"https://cdn.metcash.media/image/upload/f_auto,c_limit,w_300,q_auto/igashop/images/413936"
Sunbeam Sunflower Seeds 225g,$2.55,$1.13/100g,"https://cdn.metcash.media/image/upload/f_auto,c_limit,w_300,q_auto/igashop/images/606107"
Luv-A-Duck Confit Duck Legs 500g,$14.80,$2.96/100g,"https://cdn.metcash.media/image/upload/f_auto,c_limit,w_300,q_auto/igashop/images/711779"
Black & Gold Bacon Shortcut 200g,$3.80,$1.90/100g,"https://cdn.metcash.media/image/upload/f_auto,c_limit,w_300,q_auto/igashop/images/658772"
Baked Provisions Chicken Sausage Rolls 340g,$6.50,$1.91/100g,"https://cdn.metcash.media/image/upload/f_auto,c_limit,w_300,q_auto/igashop/images/967511"
Oreo Mini Original Cookies Sharepack 157g,$4.50,$2.87/100g,"https://cdn.metcash.media/image/upload/f_auto,c_limit,w_300,q_auto/igashop/images/150000008054"
McKenzie's Gelatine Powder 100g,$4.20,$4.20/100g,"https://cdn.metcash.media/image/upload/f_auto,c_limit,w_300,q_auto/igashop/images/258263"
SPC Crushed Tomatoes 410g,$1.75,$0.43/100g,"https://cdn.metcash.media/image/upload/f_auto,c_limit,w_300,q_auto/igashop/images/50908"
Blackmores Valerian Forte 30 Pack,$16.00,$0.53 each,"https://cdn.metcash.media/image/upload/f_auto,c_limit,w_300,q_auto/igashop/images/720964"
Fluffy Fragrance Temptations Ultra Fabric Softener Spice Allure 1L,$4.75,$4.75/1L,"https://cdn.metcash.media/image/upload/f_auto,c_limit,w_300,q_auto/igashop/images/68320"
Yarra Valley Hilltop Three Berries Jam 475g,$4.95,$1.04/100g,https://www.igashop.com.au/static/default-product-image.png
SPC Fruit Snacks Mango In Tropical Juice 200g,$3.05,$1.53/100g,https://www.igashop.com.au/static/default-product-image.png
Macros Classic Chicken Satay 350g,$12.00,$3.43/100g,https://www.igashop.com.au/static/default-product-image.png
Harpic Eco Fresh Eucalyptus Toilet Gel 500mL,$7.00,$1.40/100mL,"https://cdn.metcash.media/image/upload/f_auto,c_limit,w_300,q_auto/igashop/images/838380"
Selleys Tarzans Grip General Purpose Glue 30mL,$5.50,$18.33/100mL,"https://cdn.metcash.media/image/upload/f_auto,c_limit,w_300,q_auto/igashop/images/250095"
Oates Soft Grip Window Squeegee,$4.50,N/A,"https://cdn.metcash.media/image/upload/f_auto,c_limit,w_300,q_auto/igashop/images/718873"
Always Fresh Artisan Collection Black Olives Pitted 220g,$4.00,$1.82/100g,"https://cdn.metcash.media/image/upload/f_auto,c_limit,w_300,q_auto/igashop/images/448826"
McCormick Slow Cookers Chunky Beef Stroganoff 40g,$1.80,$4.50/100g,"https://cdn.metcash.media/image/upload/f_auto,c_limit,w_300,q_auto/igashop/images/8925"
Cadbury Cherry Ripe Double Dip 40g,$3.00,$7.50/100g,"https://cdn.metcash.media/image/upload/f_auto,c_limit,w_300,q_auto/igashop/images/560712"
Community Co Unsweetened Almond Milk 1L,$1.85,$1.85/1L,"https://cdn.metcash.media/image/upload/f_auto,c_limit,w_300,q_auto/igashop/images/934851"
Paddle Pop Twister Mini Pineapple 6 Pack,$6.50,$1.08 each,"https://cdn.metcash.media/image/upload/f_auto,c_limit,w_300,q_auto/igashop/images/288496"
Nestlé After Eight Mint Chocolate Thins 300g,$14.50,$4.83/100g,"https://cdn.metcash.media/image/upload/f_auto,c_limit,w_300,q_auto/igashop/images/190000002254"
INGHAM'S Chicken Family Duets Creamy Garlic 600g,$11.50,$1.92/100g,"https://cdn.metcash.media/image/upload/f_auto,c_limit,w_300,q_auto/igashop/images/758166"
Continental Classics Mexican Rice Family Pack 180g,$4.00,$2.22/100g,"https://cdn.metcash.media/image/upload/f_auto,c_limit,w_300,q_auto/igashop/images/633489"
Campbell's Pipers 90g,$9.00,$10.00/100g,"https://cdn.metcash.media/image/upload/f_auto,c_limit,w_300,q_auto/igashop/images/200150"
NIVEA Men Derma Control Sensitive Aerosol 250mL,$4.75,$1.90/100mL,"https://cdn.metcash.media/image/upload/f_auto,c_limit,w_300,q_auto/igashop/images/1800000072076"
So Good Dairy Substitute Soy Milk High Protein 1L,$3.50,$3.50/1L,"https://cdn.metcash.media/image/upload/f_auto,c_limit,w_300,q_auto/igashop/images/180000006323"
Charlie's Quencher Honest Lemonade 500mL,$4.35,$0.87/100mL,"https://cdn.metcash.media/image/upload/f_auto,c_limit,w_300,q_auto/igashop/images/820476"
Youfoodz Juice Getcha Greens 350mL,$3.40,$0.97/100mL,"https://cdn.metcash.media/image/upload/f_auto,c_limit,w_300,q_auto/igashop/images/180000006561"
Mortein Outdoor Barrier Surface Spray Crawling Insect Killer 350g,$11.00,$3.14/100g,"https://cdn.metcash.media/image/upload/f_auto,c_limit,w_300,q_auto/igashop/images/409678"
La Casa Del Formaggio Traditional Bocconcini 220g,$6.00,$2.73/100g,"https://cdn.metcash.media/image/upload/f_auto,c_limit,w_300,q_auto/igashop/images/180000000230"
Pandaroo Glutinous Rice 1kg,$5.20,$5.20/kg,"https://cdn.metcash.media/image/upload/f_auto,c_limit,w_300,q_auto/igashop/images/20000005943"
Sally Williams Honey Nougat Almond 150g,$11.00,$7.33/100g,https://www.igashop.com.au/static/default-product-image.png
Ceres Brown Rice Cakes Original 110g,$4.00,$3.64/100g,"https://cdn.metcash.media/image/upload/f_auto,c_limit,w_300,q_auto/igashop/images/190000004118"
Mr Basil Passionfruit 290mL,$3.40,$1.17/100mL,"https://cdn.metcash.media/image/upload/f_auto,c_limit,w_300,q_auto/igashop/images/180000000364"
ViledaAnsell Gloves Super Small - Med Size 7.5,$3.90,N/A,"https://cdn.metcash.media/image/upload/f_auto,c_limit,w_300,q_auto/igashop/images/284808"
Whiskas Mixed Favourites In Jelly 7+ Years 12 Pack,$10.40,$0.87 each,"https://cdn.metcash.media/image/upload/f_auto,c_limit,w_300,q_auto/igashop/images/796800"
Sirena Tuna With Beans 185g,$3.70,$2.00/100g,"https://cdn.metcash.media/image/upload/f_auto,c_limit,w_300,q_auto/igashop/images/942930"
Emmaline's Dark Chocolate Oranges 150g,$10.99,$7.33/100g,"https://cdn.metcash.media/image/upload/f_auto,c_limit,w_300,q_auto/igashop/images/20000004432"
Zafarelli No 40 Liscio Piccolo 500g,$2.00,$0.40/100g,"https://cdn.metcash.media/image/upload/f_auto,c_limit,w_300,q_auto/igashop/images/361309"
Papa Joe's Blueberry Bread 700g,$9.10,$1.30/100g,"https://cdn.metcash.media/image/upload/f_auto,c_limit,w_300,q_auto/igashop/images/726651"
Gatorade G-Active Coconut 600mL,$4.20,$0.70/100mL,https://www.igashop.com.au/static/default-product-image.png
Mr Basil Pomegranate 290mL,$3.40,$11.72/1L,https://www.igashop.com.au/static/default-product-image.png
Musashi Energy Drink Blue Raspberry 500mL,$4.50,$0.90/100mL,"https://cdn.metcash.media/image/upload/f_auto,c_limit,w_300,q_auto/igashop/images/180000002785"
NIVEA Express Hydration Body Lotion 250mL,$3.90,$1.56/100mL,"https://cdn.metcash.media/image/upload/f_auto,c_limit,w_300,q_auto/igashop/images/81873"
Snapper Fillet 1kg,Final cost based on weight,$39.99/$39.99,"https://cdn.metcash.media/image/upload/f_auto,c_limit,w_300,q_auto/igashop/images/80072121"
Devondale Tasty Cheese Block 500g,$9.50,$1.90/100g,"https://cdn.metcash.media/image/upload/f_auto,c_limit,w_300,q_auto/igashop/images/153879"
Aerogard Aero 40% Deet 150g,$15.00,$10.00/100g,"https://cdn.metcash.media/image/upload/f_auto,c_limit,w_300,q_auto/igashop/images/421866"
Nestlé Kit Kat Chocolate Honeycomb Buzz Block 160g,$7.50,$4.69/100g,"https://cdn.metcash.media/image/upload/f_auto,c_limit,w_300,q_auto/igashop/images/180000002361"
Silky White Toilet Tissue 2 Pack,$2.83,$1.42 each,"https://cdn.metcash.media/image/upload/f_auto,c_limit,w_300,q_auto/igashop/images/343165"
Listerine Freshburst Zero 500mL,$4.00,$0.80/100mL,"https://cdn.metcash.media/image/upload/f_auto,c_limit,w_300,q_auto/igashop/images/522303"
Falwasser Natural Sesame Crispbread 120g,$9.50,$7.92/100g,"https://cdn.metcash.media/image/upload/f_auto,c_limit,w_300,q_auto/igashop/images/150000007639"
Earth Choice Wild Orchid Fabric Softener 1L,$6.15,$6.15/1L,"https://cdn.metcash.media/image/upload/f_auto,c_limit,w_300,q_auto/igashop/images/846053"
Suimin Origins Premium Noodle Bowl Thai Green Curry 122g,$3.50,$2.87/100g,"https://cdn.metcash.media/image/upload/f_auto,c_limit,w_300,q_auto/igashop/images/931052"
Birds Eye Chinese Stir Fry Value Pack 850g,$5.50,$0.65/100g,"https://cdn.metcash.media/image/upload/f_auto,c_limit,w_300,q_auto/igashop/images/131136"
Old El Paso Street Market Tortilla Meal Kit Bbq 255g,$6.50,$2.55/100g,https://www.igashop.com.au/static/default-product-image.png
Community Co Oxy Action Laundry Soaker 1kg,$3.90,$3.90/kg,"https://cdn.metcash.media/image/upload/f_auto,c_limit,w_300,q_auto/igashop/images/926984"
Beerenberg 4 Cheese Blood Quince & Pear 195g,$5.75,$2.95/100g,"https://cdn.metcash.media/image/upload/f_auto,c_limit,w_300,q_auto/igashop/images/740906"
The Cheesecake Shop Quarter Citron Glaze 260g,$15.30,$5.88/100g,https://www.igashop.com.au/static/default-product-image.png
Cancer Council Everyday Value Sunscreen SPF 50+ 110mL,$12.50,$11.36/100mL,"https://cdn.metcash.media/image/upload/f_auto,c_limit,w_300,q_auto/igashop/images/20000006604"
The Goods Kimchi Traditional 430g,$8.25,$1.92/100g,"https://cdn.metcash.media/image/upload/f_auto,c_limit,w_300,q_auto/igashop/images/591459"
Maximus Sports Drink Lemonade Ice Block 1L,$2.80,$2.80/1L,"https://cdn.metcash.media/image/upload/f_auto,c_limit,w_300,q_auto/igashop/images/669008"
Sorbent Gold Ultra Soft 4 Pack,$3.70,$0.93 each,"https://cdn.metcash.media/image/upload/f_auto,c_limit,w_300,q_auto/igashop/images/685101"
Norco Milk Full Cream Taste Only 2% Fat 2L,$5.20,$2.60/1L,"https://cdn.metcash.media/image/upload/f_auto,c_limit,w_300,q_auto/igashop/images/90701"
Grannys Carrot & Walnut Cake Tray 360g,$8.15,$2.26/100g,"https://cdn.metcash.media/image/upload/f_auto,c_limit,w_300,q_auto/igashop/images/597426"
Dona Cholita White Corn Chips 200g,$9.95,$4.98/100g,"https://cdn.metcash.media/image/upload/f_auto,c_limit,w_300,q_auto/igashop/images/150000007719"
Mum Dry All Day Antiperspirant Deodorant 100g,$3.00,$3.00/100g,"https://cdn.metcash.media/image/upload/f_auto,c_limit,w_300,q_auto/igashop/images/190000002147"
Edgell Black Beans & Charred Corn Lime & Herbs 70g,$1.60,$2.29/100g,"https://cdn.metcash.media/image/upload/f_auto,c_limit,w_300,q_auto/igashop/images/20000006674"
Arnott's Mini Chocolate Chip Cookies 7 Pack,$4.00,$0.57 each,"https://cdn.metcash.media/image/upload/f_auto,c_limit,w_300,q_auto/igashop/images/839695"
NORCO LITE 3LT 3L,$6.25,$2.08/1L,"https://cdn.metcash.media/image/upload/f_auto,c_limit,w_300,q_auto/igashop/images/190000003939"
Pedigree Kangaroo Vegetable Loaf Dog Food 1.2kg,$4.50,$3.75/kg,"https://cdn.metcash.media/image/upload/f_auto,c_limit,w_300,q_auto/igashop/images/919746"
Anchor Tiger Mosquito Coil,$2.80,N/A,"https://cdn.metcash.media/image/upload/f_auto,c_limit,w_300,q_auto/igashop/images/356922"
Palmolive Antibacterial Hand Sanitiser Japanese Cherry Blossom 200mL,$6.70,$3.35/100mL,"https://cdn.metcash.media/image/upload/f_auto,c_limit,w_300,q_auto/igashop/images/835515"
Aeroplane Jelly Lite Twin Lemon 2 Pack,$2.50,$1.25 each,"https://cdn.metcash.media/image/upload/f_auto,c_limit,w_300,q_auto/igashop/images/180000000168"
Pringles Sour Cream And Onion Chips 134g,$5.50,$4.10/100g,"https://cdn.metcash.media/image/upload/f_auto,c_limit,w_300,q_auto/igashop/images/636458"
Listerine Pocketmist Freshburst 7.7mL,$9.50,$123.38/100mL,"https://cdn.metcash.media/image/upload/f_auto,c_limit,w_300,q_auto/igashop/images/522230"
Frozen Sunshine Chocolate Ice Block 4 Pack,$13.50,$3.38 each,"https://cdn.metcash.media/image/upload/f_auto,c_limit,w_300,q_auto/igashop/images/20000005888"
Suimin Thins Rice Crackers Barbecue 100g,$2.20,$2.20/100g,https://www.igashop.com.au/static/default-product-image.png
Mayver's Protein + Peanut Butter with Hemp Seeds 375g,$6.50,$1.73/100g,"https://cdn.metcash.media/image/upload/f_auto,c_limit,w_300,q_auto/igashop/images/160000000554"
Multix Medium Size Roasting & BBQ Alfoil Tray,$5.85,N/A,"https://cdn.metcash.media/image/upload/f_auto,c_limit,w_300,q_auto/igashop/images/96611"
Tip Top Bread Potato Bun 292g,$4.20,$1.44/100g,"https://cdn.metcash.media/image/upload/f_auto,c_limit,w_300,q_auto/igashop/images/573037"
Double D Smart Sweets Sour Watermelon 50g,$2.65,$5.30/100g,https://www.igashop.com.au/static/default-product-image.png
Clif Bar Energy Bar Chocolate Brownie 68g,$3.40,$5.00/100g,"https://cdn.metcash.media/image/upload/f_auto,c_limit,w_300,q_auto/igashop/images/160000012136"
Cadbury Dairy Milk Freddo Strawberry 12 Pack,$5.00,$0.42 each,"https://cdn.metcash.media/image/upload/f_auto,c_limit,w_300,q_auto/igashop/images/941125"
Chux Non-Scratch Scourer 3 Pack,$2.80,$0.93 each,"https://cdn.metcash.media/image/upload/f_auto,c_limit,w_300,q_auto/igashop/images/976426"
Talley's Chilled Mussels Marinated Plain 375g,$5.00,$1.33/100g,"https://cdn.metcash.media/image/upload/f_auto,c_limit,w_300,q_auto/igashop/images/143599"
Curried Egg & Cauliflower Salad 250g,Final cost based on weight,$6.75/$27.00,"https://cdn.metcash.media/image/upload/f_auto,c_limit,w_300,q_auto/igashop/images/80072041"
Beef Mince 500g,Final cost based on weight,$8.00/$16.00,"https://cdn.metcash.media/image/upload/f_auto,c_limit,w_300,q_auto/igashop/images/80080004"
Community Co Extra Virgin Olive Oil 500mL,$9.00,$1.80/100mL,"https://cdn.metcash.media/image/upload/f_auto,c_limit,w_300,q_auto/igashop/images/717589"
Maggie Beer Products Pate Duck And Green Peppercorn Pate 120g,$7.30,$6.08/100g,https://www.igashop.com.au/static/default-product-image.png
The Yoghurt Shop Just Magical Mango 190g,$4.50,$2.37/100g,"https://cdn.metcash.media/image/upload/f_auto,c_limit,w_300,q_auto/igashop/images/20000007010"
Swisse Ultiboost Vitamin C Chewable 310 Pack,$35.00,$0.11 each,"https://cdn.metcash.media/image/upload/f_auto,c_limit,w_300,q_auto/igashop/images/418729"
Hubba Bubba Assorted Variety 4 Pack,$5.10,$1.28 each,https://www.igashop.com.au/static/default-product-image.png
Colgate Mouthwash Plax Gentle Care 500mL,$7.00,$1.40/100mL,"https://cdn.metcash.media/image/upload/f_auto,c_limit,w_300,q_auto/igashop/images/375633"
Kleenex Everyday Kids Facial Tissues 2-Ply 200 Sheets 200 Pack,$3.00,$0.02 each,"https://cdn.metcash.media/image/upload/f_auto,c_limit,w_300,q_auto/igashop/images/499225"
Suprima Grab & Go Raspberry Scrolls 110g,$3.55,$3.23/100g,https://www.igashop.com.au/static/default-product-image.png
Sirena Ready To Eat Meal Fried Rice With Chicken 190g,$4.30,$2.26/100g,"https://cdn.metcash.media/image/upload/f_auto,c_limit,w_300,q_auto/igashop/images/459416"
Allen's Frogs Alive 64g,$2.00,$3.13/100g,"https://cdn.metcash.media/image/upload/f_auto,c_limit,w_300,q_auto/igashop/images/923729"
Meredith Dairy Natural Goat Milk Probiotic Yoghurt 1kg,$13.95,$13.95/kg,"https://cdn.metcash.media/image/upload/f_auto,c_limit,w_300,q_auto/igashop/images/20000006259"
Life Savers Fruit Tingles 34g,$1.25,$3.68/100g,"https://cdn.metcash.media/image/upload/f_auto,c_limit,w_300,q_auto/igashop/images/69342"
Red Tractor Protein Oats Instant 400g,$6.75,$1.69/100g,"https://cdn.metcash.media/image/upload/f_auto,c_limit,w_300,q_auto/igashop/images/20000005402"
Lindt Excellence Milk Sea Salt Caramel 100g,$4.95,$4.95/100g,"https://cdn.metcash.media/image/upload/f_auto,c_limit,w_300,q_auto/igashop/images/830002"
Sistema 7.5L Rectangle Klip It Plus,$7.90,N/A,"https://cdn.metcash.media/image/upload/f_auto,c_limit,w_300,q_auto/igashop/images/898039"
Mutti Cherry Tomatoes 400g,$2.70,$0.68/100g,"https://cdn.metcash.media/image/upload/f_auto,c_limit,w_300,q_auto/igashop/images/431769"
Dr Pepper Cola Drinks 330mL,$3.40,$1.03/100mL,"https://cdn.metcash.media/image/upload/f_auto,c_limit,w_300,q_auto/igashop/images/739557"
Schweppes Passionfruit Lemonade Soft Drink 1.1L,$1.50,$1.36/1L,"https://cdn.metcash.media/image/upload/f_auto,c_limit,w_300,q_auto/igashop/images/742827"
Community Co Lightly Sparkling Natural Water 1.25L,$1.90,$1.52/1L,"https://cdn.metcash.media/image/upload/f_auto,c_limit,w_300,q_auto/igashop/images/800531"
Uncle Tobys Barista Style Oat Milk 1L,$5.05,$5.05/1L,"https://cdn.metcash.media/image/upload/f_auto,c_limit,w_300,q_auto/igashop/images/190000004710"
Bulla Creamy Classics Vanilla Choc Fudge Ice Cream Cones 4 Pack,$5.50,$1.38 each,"https://cdn.metcash.media/image/upload/f_auto,c_limit,w_300,q_auto/igashop/images/650279"
Ritter Sport Honey Salt Almond Milk Chocolate 100g,$6.00,$6.00/100g,"https://cdn.metcash.media/image/upload/f_auto,c_limit,w_300,q_auto/igashop/images/20000003385"
Raid One Shot Flying Insect Killer Odourless 220g,$7.05,$3.20/100g,"https://cdn.metcash.media/image/upload/f_auto,c_limit,w_300,q_auto/igashop/images/57450"
Noah's Valencia Orange Fruit Juice 260mL,$5.00,$1.92/100mL,"https://cdn.metcash.media/image/upload/f_auto,c_limit,w_300,q_auto/igashop/images/20000003360"
Violet Crumble Honeycomb Cream Bunny 30g,$2.05,$6.83/100g,https://www.igashop.com.au/static/default-product-image.png
Spring Gully Gherkins Round 550g,$5.00,$0.91/100g,"https://cdn.metcash.media/image/upload/f_auto,c_limit,w_300,q_auto/igashop/images/490679"
Kewpie Salad Dressing Roasted Sesame 210mL,$5.20,$2.48/100mL,"https://cdn.metcash.media/image/upload/f_auto,c_limit,w_300,q_auto/igashop/images/305044"
Cold Power Laundry Detergent Extreme Clean 2L,$24.00,$12.00/1L,"https://cdn.metcash.media/image/upload/f_auto,c_limit,w_300,q_auto/igashop/images/353474"
Fehlbergs Chipotle Cucumbers 470g,$3.20,$0.68/100g,"https://cdn.metcash.media/image/upload/f_auto,c_limit,w_300,q_auto/igashop/images/659032"
Garnier Fructis Hair Food Watermelon Shampoo 350mL,$6.50,$1.86/100mL,"https://cdn.metcash.media/image/upload/f_auto,c_limit,w_300,q_auto/igashop/images/526331"
Sirena Ready To Eat Meal Tuna Thai Curry Noodles 170g,$3.40,$2.00/100g,"https://cdn.metcash.media/image/upload/f_auto,c_limit,w_300,q_auto/igashop/images/670499"
Glad Tuck Aways Foil Trays 2 Pack,$5.35,$2.68 each,"https://cdn.metcash.media/image/upload/f_auto,c_limit,w_300,q_auto/igashop/images/6543"
The Natural Confectionery Co. Chews Smoothie Bags 180g,$5.00,$2.78/100g,"https://cdn.metcash.media/image/upload/f_auto,c_limit,w_300,q_auto/igashop/images/694477"
Willow Coolers Sixer Can Blue,$23.45,N/A,"https://cdn.metcash.media/image/upload/f_auto,c_limit,w_300,q_auto/igashop/images/767759"
Altimate Waffle Ice Cream Cones 170g,$6.60,$3.88/100g,"https://cdn.metcash.media/image/upload/f_auto,c_limit,w_300,q_auto/igashop/images/180000000207"
Nescafe Blend 43 Espresso 150g,$6.90,$4.60/100g,"https://cdn.metcash.media/image/upload/f_auto,c_limit,w_300,q_auto/igashop/images/397766"
Schwarzkopf Extra Care Liquid Silk Smoothing Shampoo 400mL,$10.00,$2.50/100mL,"https://cdn.metcash.media/image/upload/f_auto,c_limit,w_300,q_auto/igashop/images/160000003679"
Griffin's Choc Thins 180g,$4.20,$2.33/100g,"https://cdn.metcash.media/image/upload/f_auto,c_limit,w_300,q_auto/igashop/images/190000005212"
Sorbent Silky White Flushable Wipes 40 Pack,$3.75,$0.09 each,"https://cdn.metcash.media/image/upload/f_auto,c_limit,w_300,q_auto/igashop/images/466573"
Saxa Iodised Rock Salt 500g,$2.80,$0.56/100g,"https://cdn.metcash.media/image/upload/f_auto,c_limit,w_300,q_auto/igashop/images/344145"
Radiant Fabric Powder Whites & Colours 4kg,$23.00,$5.75/kg,https://www.igashop.com.au/static/default-product-image.png
Clearasil Ultra Rapid Action Scrub 150mL,$14.80,$9.87/100mL,"https://cdn.metcash.media/image/upload/f_auto,c_limit,w_300,q_auto/igashop/images/313071"
Whiskas 1+ Dry Cat Food Chicken & Rabbit Flavours 800g,$5.60,$0.70/100g,"https://cdn.metcash.media/image/upload/f_auto,c_limit,w_300,q_auto/igashop/images/150000006364"
Listerine Teeth Defence Mouthwash Antiseptic With Fluoride 500mL,$7.00,$1.40/100mL,"https://cdn.metcash.media/image/upload/f_auto,c_limit,w_300,q_auto/igashop/images/61446"
Perkii Orange Mango & Passionfruit Sparkling Drink 330mL,$4.65,$1.41/100mL,"https://cdn.metcash.media/image/upload/f_auto,c_limit,w_300,q_auto/igashop/images/20000005950"
Bundy Juice Mandarin & Mango 2L,$5.50,$2.75/1L,"https://cdn.metcash.media/image/upload/f_auto,c_limit,w_300,q_auto/igashop/images/20000006357"
Pure Pops Choc Malt Shake 4 Pack,$13.50,$3.38 each,"https://cdn.metcash.media/image/upload/f_auto,c_limit,w_300,q_auto/igashop/images/20000003376"
Bun Plus Sweet Bun Orange 75g,$4.30,$5.73/100g,https://www.igashop.com.au/static/default-product-image.png
Golden Bread Caramel Butterscotch Flavoured Loaf 600g,$7.65,$1.28/100g,https://www.igashop.com.au/static/default-product-image.png
Chandler Cat Litter Original 7L,$8.50,$1.21/1L,"https://cdn.metcash.media/image/upload/f_auto,c_limit,w_300,q_auto/igashop/images/942134"
Minor Figures Oat Milk Light 1L,$4.98,$4.98/1L,"https://cdn.metcash.media/image/upload/f_auto,c_limit,w_300,q_auto/igashop/images/160000013884"
President Camembert Cheese 200g,$7.00,$3.50/100g,"https://cdn.metcash.media/image/upload/f_auto,c_limit,w_300,q_auto/igashop/images/322790"
SunRice Black Rice Pouch 250g,$3.50,$1.40/100g,"https://cdn.metcash.media/image/upload/f_auto,c_limit,w_300,q_auto/igashop/images/190436"
Europe Summer Roll Minis 135g,$5.00,$3.70/100g,"https://cdn.metcash.media/image/upload/f_auto,c_limit,w_300,q_auto/igashop/images/486853"
Redberry Small Brown Hair Pins 72 Pack,$4.20,$0.06 each,"https://cdn.metcash.media/image/upload/f_auto,c_limit,w_300,q_auto/igashop/images/248409"
Community Co BBQ Beef Burger 500g,$9.00,$1.80/100g,"https://cdn.metcash.media/image/upload/f_auto,c_limit,w_300,q_auto/igashop/images/190000010640"
Saxa Salt Cooking Iodised 1kg,$2.60,$2.60/kg,"https://cdn.metcash.media/image/upload/f_auto,c_limit,w_300,q_auto/igashop/images/326430"
Buderim Naked Ginger 200g,$6.50,$3.25/100g,"https://cdn.metcash.media/image/upload/f_auto,c_limit,w_300,q_auto/igashop/images/374700"
Raid Max Flying Insect Killer 300g,$10.50,$3.50/100g,"https://cdn.metcash.media/image/upload/f_auto,c_limit,w_300,q_auto/igashop/images/944288"
Uncle Tobys Cereal Bar Protein Bar Honey Dark Chocolate Cinnamon 175g,$6.70,$3.83/100g,"https://cdn.metcash.media/image/upload/f_auto,c_limit,w_300,q_auto/igashop/images/465954"
Handee Ultra Paper Towels 2 Pack,$3.35,$1.68 each,"https://cdn.metcash.media/image/upload/f_auto,c_limit,w_300,q_auto/igashop/images/480658"
Gourmet Garden Coriander Lightly Dried 8g,$4.50,$56.25/100g,https://www.igashop.com.au/static/default-product-image.png
Rexona Men Clinical Sport 180mL,$6.00,$3.33/100mL,"https://cdn.metcash.media/image/upload/f_auto,c_limit,w_300,q_auto/igashop/images/238129"
Harvest Snaps Sour Cream & Chives 85g,$3.50,$4.12/100g,"https://cdn.metcash.media/image/upload/f_auto,c_limit,w_300,q_auto/igashop/images/727571"
Smith's Crinkle Fried Chicken 150g,$2.40,$1.60/100g,https://www.igashop.com.au/static/default-product-image.png
Armor All Speed Wax Spray 500mL,$20.00,$4.00/100mL,https://www.igashop.com.au/static/default-product-image.png
Cottee Coola No Added Sugar 1L,$5.50,$5.50/1L,"https://cdn.metcash.media/image/upload/f_auto,c_limit,w_300,q_auto/igashop/images/64130"
NIVEA Kids Caring Roll On Sun Lotion SPF50 65mL,$7.50,$11.54/100mL,"https://cdn.metcash.media/image/upload/f_auto,c_limit,w_300,q_auto/igashop/images/402883"
Band-Aid Fabric Strips 50 Pack,$3.50,$0.07 each,"https://cdn.metcash.media/image/upload/f_auto,c_limit,w_300,q_auto/igashop/images/996117"
"Buderim Ginger Ginger, Lemon & Lime Marmalade 365g",$6.50,$1.78/100g,"https://cdn.metcash.media/image/upload/f_auto,c_limit,w_300,q_auto/igashop/images/455239"
CSR Brown Sugar 1kg,$4.40,$4.40/kg,"https://cdn.metcash.media/image/upload/f_auto,c_limit,w_300,q_auto/igashop/images/43016"
BabyLove Cosifit Bulk Nappies Junior 26 Pack,$18.00,$0.69 each,"https://cdn.metcash.media/image/upload/f_auto,c_limit,w_300,q_auto/igashop/images/902273"
Cottee's Zero Sugar Cordial Apple & Raspberry 1L,$5.50,$5.50/1L,"https://cdn.metcash.media/image/upload/f_auto,c_limit,w_300,q_auto/igashop/images/190000010273"
Community Co U Ultrathin Pads 12 Pack,$2.75,$0.23 each,"https://cdn.metcash.media/image/upload/f_auto,c_limit,w_300,q_auto/igashop/images/190000001522"
Rexona Advanced Protection Antiperspirant Roll On Invisible Dry Fresh 50mL,$2.75,$5.50/100mL,"https://cdn.metcash.media/image/upload/f_auto,c_limit,w_300,q_auto/igashop/images/325303"
Passage To India Veg Curry Bowl Butter Masala With Rice 280g,$2.75,$0.98/100g,"https://cdn.metcash.media/image/upload/f_auto,c_limit,w_300,q_auto/igashop/images/814276"
Grinders Crema Ground Coffee 200g,$14.00,$7.00/100g,"https://cdn.metcash.media/image/upload/f_auto,c_limit,w_300,q_auto/igashop/images/352143"
Cadbury Dairy Milk Baubles 112g,$2.00,$1.79/100g,"https://cdn.metcash.media/image/upload/f_auto,c_limit,w_300,q_auto/igashop/images/540262"
Continental Cup A Soup Chinese Chicken & Corn With Lots Of Noodles 2 Pack,$2.80,$1.40 each,"https://cdn.metcash.media/image/upload/f_auto,c_limit,w_300,q_auto/igashop/images/457914"
Byron Bay Chilli Co. Spicy Lemongrass Chilli Sauce 250mL,$5.75,$2.30/100mL,"https://cdn.metcash.media/image/upload/f_auto,c_limit,w_300,q_auto/igashop/images/160000013682"
Dove Antiperspirant Aerosol Go Fresh Pomegranate & Lemon Verbana 150mL,$6.00,$4.00/100mL,"https://cdn.metcash.media/image/upload/f_auto,c_limit,w_300,q_auto/igashop/images/269162"
Bird Munchies Budgie & Canary Seed Treat 110g,$2.30,$2.09/100g,https://www.igashop.com.au/static/default-product-image.png
Community Co Sliced Extra Tasty Cheese 500g,$7.90,$1.58/100g,"https://cdn.metcash.media/image/upload/f_auto,c_limit,w_300,q_auto/igashop/images/692970"
Sukin Teen Skin Mighty Moisturiser Pump 125mL,$17.35,$13.88/100mL,"https://cdn.metcash.media/image/upload/f_auto,c_limit,w_300,q_auto/igashop/images/698798"
Strepsils Herbal Immune Support Lozenges Honey Lemon 16 Pack,$6.50,$0.41 each,"https://cdn.metcash.media/image/upload/f_auto,c_limit,w_300,q_auto/igashop/images/162373"
Gluten Free Bakehouse Rum Balls 12 Pack,$19.50,$1.62 each,https://www.igashop.com.au/static/default-product-image.png
Baker's Oven Jam Drop Cookies 500g,$6.00,$1.20/100g,"https://cdn.metcash.media/image/upload/f_auto,c_limit,w_300,q_auto/igashop/images/245244"
Uncle Tobys Protein Bars with Caramel & Dark Chocolate 5 Pack 175g,$6.70,$3.83/100g,"https://cdn.metcash.media/image/upload/f_auto,c_limit,w_300,q_auto/igashop/images/609684"
Duck Deep Action Limited Edition Gel 750mL,$5.30,$0.71/100mL,"https://cdn.metcash.media/image/upload/f_auto,c_limit,w_300,q_auto/igashop/images/16865"
Espressotoria Coffee Capsules Caffe Aurora Espresso 12 Pack,$5.00,$0.42 each,"https://cdn.metcash.media/image/upload/f_auto,c_limit,w_300,q_auto/igashop/images/735841"
SunRice Brown Rice Cups 250g,$3.50,$1.40/100g,"https://cdn.metcash.media/image/upload/f_auto,c_limit,w_300,q_auto/igashop/images/56962"
Riviana Popping Corn Kernels 400g,$2.00,$0.50/100g,"https://cdn.metcash.media/image/upload/f_auto,c_limit,w_300,q_auto/igashop/images/421065"
Safcol Responsibly Fished Tuna Pieces with Sweet Chilli Sauce 100g,$2.70,$2.70/100g,"https://cdn.metcash.media/image/upload/f_auto,c_limit,w_300,q_auto/igashop/images/12154"
Pic's Peanut Butter Crunchy 380g,$7.20,$1.89/100g,"https://cdn.metcash.media/image/upload/f_auto,c_limit,w_300,q_auto/igashop/images/190000001602"
Cadbury Dairy Milk Breakaway Bar 44g,$3.00,$6.82/100g,"https://cdn.metcash.media/image/upload/f_auto,c_limit,w_300,q_auto/igashop/images/581836"
Nice & Natural Chocolate Nut Bars Peanut & Almond 6 Pack,$5.50,$0.92 each,"https://cdn.metcash.media/image/upload/f_auto,c_limit,w_300,q_auto/igashop/images/180000004615"
Ferrero Rocher Collection Easter Eggs Dark and Milk Chocolate and Caramel 10 Pack,$7.65,$0.77 each,"https://cdn.metcash.media/image/upload/f_auto,c_limit,w_300,q_auto/igashop/images/190000009729"
Black Swan Avocado Dip 200g,$3.90,$1.95/100g,"https://cdn.metcash.media/image/upload/f_auto,c_limit,w_300,q_auto/igashop/images/148688"
Mission Pizza Base Wholemeal 2 Pack,$5.60,$2.80 each,"https://cdn.metcash.media/image/upload/f_auto,c_limit,w_300,q_auto/igashop/images/982969"
Wattle Valley Delish Dips Peppersweet & Feta 200g,$5.20,$2.60/100g,"https://cdn.metcash.media/image/upload/f_auto,c_limit,w_300,q_auto/igashop/images/20000003707"
Royal Kerry Peach Halves in Syrup 1kg,$8.50,$8.50/kg,"https://cdn.metcash.media/image/upload/f_auto,c_limit,w_300,q_auto/igashop/images/20000002467"
Nerada Organics White Tea Bags 50 Pack,$7.30,$0.15 each,"https://cdn.metcash.media/image/upload/f_auto,c_limit,w_300,q_auto/igashop/images/160000012864"
Baked Provisions Beesting Log Cake 340g,$9.45,$2.78/100g,"https://cdn.metcash.media/image/upload/f_auto,c_limit,w_300,q_auto/igashop/images/20000000571"
Golden Circle Orange Burst Fruit Drink Multipack Poppers 6 Pack,$5.10,$0.85 each,"https://cdn.metcash.media/image/upload/f_auto,c_limit,w_300,q_auto/igashop/images/65474"
Mid Coast Free Range Eggs 6 Pack 350g,$5.10,$1.46/100g,"https://cdn.metcash.media/image/upload/f_auto,c_limit,w_300,q_auto/igashop/images/160000018082"
Daily Juice Co Orange Juice + Fibre 1L,$4.80,$4.80/1L,"https://cdn.metcash.media/image/upload/f_auto,c_limit,w_300,q_auto/igashop/images/1800000069567"
Huggies Skin Protect Nappy Pant Size 4 Large 58 Pack,$29.00,$0.50 each,https://www.igashop.com.au/static/default-product-image.png
Mission Yellow Corn Tortilla Strips 230g,$4.50,$1.96/100g,"https://cdn.metcash.media/image/upload/f_auto,c_limit,w_300,q_auto/igashop/images/233035"
Love'Em Kangaroo Meat Strips 50g,$6.00,$12.00/100g,https://www.igashop.com.au/static/default-product-image.png
McKenzie's Tri Colour Quinoa 375g,$9.70,$2.59/100g,"https://cdn.metcash.media/image/upload/f_auto,c_limit,w_300,q_auto/igashop/images/187412"
Palmer's Coconut Body Oil 150mL,$11.50,$7.67/100mL,"https://cdn.metcash.media/image/upload/f_auto,c_limit,w_300,q_auto/igashop/images/468800"
Quest Frosted Cookies Chocolate Cake 50g,$6.50,$13.00/100g,"https://cdn.metcash.media/image/upload/f_auto,c_limit,w_300,q_auto/igashop/images/256229"
CSR All Natural Buttercream Icing Mix Chocolate 250g,$2.80,$1.12/100g,"https://cdn.metcash.media/image/upload/f_auto,c_limit,w_300,q_auto/igashop/images/614406"
Claratyne Loratadine 10 mg Hayfever Allergy Relief Tablets 5 Pack,$8.50,$1.70 each,"https://cdn.metcash.media/image/upload/f_auto,c_limit,w_300,q_auto/igashop/images/245354"
Barossa Fine Foods French Pate 110g,$5.49,$4.99/100g,"https://cdn.metcash.media/image/upload/f_auto,c_limit,w_300,q_auto/igashop/images/20000000551"
The British Sausage Co Thick Cumberland Sausages 500g,$9.50,$1.90/100g,"https://cdn.metcash.media/image/upload/f_auto,c_limit,w_300,q_auto/igashop/images/880638"
Bega Simply Nuts Smooth Natural Peanut Butter 650g,$8.40,$1.29/100g,"https://cdn.metcash.media/image/upload/f_auto,c_limit,w_300,q_auto/igashop/images/160000013203"
Gold Max Soft Wholemeal Sandwich Bread 700g,$2.20,$0.31/100g,"https://cdn.metcash.media/image/upload/f_auto,c_limit,w_300,q_auto/igashop/images/610732"
Multix Aluminium Foil 20m,$6.40,N/A,"https://cdn.metcash.media/image/upload/f_auto,c_limit,w_300,q_auto/igashop/images/52366"
Simply Wize Basilico Pasta Sauce Gluten Free 500g,$5.90,$1.18/100g,"https://cdn.metcash.media/image/upload/f_auto,c_limit,w_300,q_auto/igashop/images/160000012350"
Treat Time Dog Treats Chicken Jerky Bar 100g,$7.50,$7.50/100g,"https://cdn.metcash.media/image/upload/f_auto,c_limit,w_300,q_auto/igashop/images/20000004385"
Optimum Adult Beef And Rice 100g,$10.50,$10.50/100g,https://www.igashop.com.au/static/default-product-image.png
Summer Snow Granny Smith & Mint Sparkling Juice 750mL,$6.50,$0.87/100mL,"https://cdn.metcash.media/image/upload/f_auto,c_limit,w_300,q_auto/igashop/images/20000005967"
My Muscle Chef Beef Massaman Curry With Brown Rice 320g,$11.95,$3.73/100g,"https://cdn.metcash.media/image/upload/f_auto,c_limit,w_300,q_auto/igashop/images/75034"
Maybelline Concealer Instant Age Rewind Eraser Light,$23.00,N/A,"https://cdn.metcash.media/image/upload/f_auto,c_limit,w_300,q_auto/igashop/images/910328"
"Pedigree Wet Dog Food Chicken, Rice & Vegies Homestyle 1.2kg Can 1.2kg",$4.50,$3.75/kg,"https://cdn.metcash.media/image/upload/f_auto,c_limit,w_300,q_auto/igashop/images/616500"
Easy-Off Drain Cleaner 2in1 500mL,$11.50,$2.30/100mL,"https://cdn.metcash.media/image/upload/f_auto,c_limit,w_300,q_auto/igashop/images/170000004003"
Supervite Superblend Dog Food Chicken 7.5kg,$32.85,$4.38/kg,"https://cdn.metcash.media/image/upload/f_auto,c_limit,w_300,q_auto/igashop/images/20000004922"
Hans Platinum Twin Kabana 300g,$5.00,$1.67/100g,"https://cdn.metcash.media/image/upload/f_auto,c_limit,w_300,q_auto/igashop/images/190000003961"
Air Wick Pure Cherry Blossom Electric Primary 19mL,$14.00,$73.68/100mL,"https://cdn.metcash.media/image/upload/f_auto,c_limit,w_300,q_auto/igashop/images/643743"
True Thai Spring Roll Sauce 300mL,$3.60,$1.20/100mL,"https://cdn.metcash.media/image/upload/f_auto,c_limit,w_300,q_auto/igashop/images/160000013332"
Gravox Diane Finishing Sauce 165g,$3.50,$2.12/100g,"https://cdn.metcash.media/image/upload/f_auto,c_limit,w_300,q_auto/igashop/images/452231"
Rockstar Refresh Energy Drink Summer Fruits 500mL,$2.75,$5.50/1L,"https://cdn.metcash.media/image/upload/f_auto,c_limit,w_300,q_auto/igashop/images/326228"
Freshbake Lattice Rounds Strawberry 255g,$6.30,$2.47/100g,https://www.igashop.com.au/static/default-product-image.png
Mission Deli Style Tortilla Triangles 500g,$7.50,$1.50/100g,"https://cdn.metcash.media/image/upload/f_auto,c_limit,w_300,q_auto/igashop/images/334739"
The Collective Super Kefir 13 Mango Turmeric 700g,$5.00,$0.71/100g,"https://cdn.metcash.media/image/upload/f_auto,c_limit,w_300,q_auto/igashop/images/838673"
Allen's Peaches & Cream 170g,$3.50,$2.06/100g,"https://cdn.metcash.media/image/upload/f_auto,c_limit,w_300,q_auto/igashop/images/981861"
Betty Crocker Cake Mix Rainbow Chip Party Cake 450g,$6.00,$1.33/100g,"https://cdn.metcash.media/image/upload/f_auto,c_limit,w_300,q_auto/igashop/images/180000002929"
Simply Clean Lemon Myrtle Spray & Wipe 500mL,$9.00,$1.80/100mL,"https://cdn.metcash.media/image/upload/f_auto,c_limit,w_300,q_auto/igashop/images/150000008106"
Chicken Wings 500g,Final cost based on weight,$4.50/$9.00,"https://cdn.metcash.media/image/upload/f_auto,c_limit,w_300,q_auto/igashop/images/80080053"
BuonTempo Gluten Free Pasta Penne 600g,$6.00,$1.00/100g,"https://cdn.metcash.media/image/upload/f_auto,c_limit,w_300,q_auto/igashop/images/20000007114"
Harper's Borax 500g,$7.50,$1.50/100g,"https://cdn.metcash.media/image/upload/f_auto,c_limit,w_300,q_auto/igashop/images/371485"
Helga's Mixed Grain Wraps 8 Pack,$3.50,$0.44 each,"https://cdn.metcash.media/image/upload/f_auto,c_limit,w_300,q_auto/igashop/images/20000003067"
Always Fresh Olives Anchovy Stuffed 235g,$4.80,$2.04/100g,"https://cdn.metcash.media/image/upload/f_auto,c_limit,w_300,q_auto/igashop/images/324739"
Kinder Chocolate Little Ones 4 Pack,$2.80,$0.70 each,"https://cdn.metcash.media/image/upload/f_auto,c_limit,w_300,q_auto/igashop/images/831930"
Community Co Chunky Stir Fry 350g,$3.75,$1.07/100g,"https://cdn.metcash.media/image/upload/f_auto,c_limit,w_300,q_auto/igashop/images/588715"
Birds Eye Plant Based Succulent Meatballs 300g,$6.80,$2.27/100g,"https://cdn.metcash.media/image/upload/f_auto,c_limit,w_300,q_auto/igashop/images/180000001343"
Green's Gluten Free Muffins Mix Apple & Cinnamon 385g,$5.50,$1.43/100g,"https://cdn.metcash.media/image/upload/f_auto,c_limit,w_300,q_auto/igashop/images/191181"
Lindt Lindor Peppermint Cookie Bag 105g,$9.00,$8.57/100g,"https://cdn.metcash.media/image/upload/f_auto,c_limit,w_300,q_auto/igashop/images/443716"
Green's Velvety Chocolate Cupcake Mix 450g,$5.50,$1.22/100g,"https://cdn.metcash.media/image/upload/f_auto,c_limit,w_300,q_auto/igashop/images/50720"
Chris' Vintage Cheddar Cheese & Caramelised Onion Dip 170g,$10.00,$5.88/100g,"https://cdn.metcash.media/image/upload/f_auto,c_limit,w_300,q_auto/igashop/images/358152"
The Natural Confectionery Co. Christmas Stocking 210g,$5.00,$2.38/100g,"https://cdn.metcash.media/image/upload/f_auto,c_limit,w_300,q_auto/igashop/images/180000000861"
Red Rock Deli Style Gourmet Snack Cheese Basil Pesto Pecorino & Cashew Dip & Crackers 55g,$5.40,$9.82/100g,"https://cdn.metcash.media/image/upload/f_auto,c_limit,w_300,q_auto/igashop/images/1800000071276"
Amazonia Acai Unsweetened 400g,$9.50,$2.38/100g,"https://cdn.metcash.media/image/upload/f_auto,c_limit,w_300,q_auto/igashop/images/190000004056"
Famous Soda Co Pink Lemonade Bottle 330mL,$4.00,$1.21/100mL,"https://cdn.metcash.media/image/upload/f_auto,c_limit,w_300,q_auto/igashop/images/6652"
True Thai Hoisin Sauce 300mL,$3.60,$1.20/100mL,"https://cdn.metcash.media/image/upload/f_auto,c_limit,w_300,q_auto/igashop/images/160000012460"
Birds Eye Golden Crunch Super Crunch 750g,$4.00,$0.53/100g,"https://cdn.metcash.media/image/upload/f_auto,c_limit,w_300,q_auto/igashop/images/131165"
Old El Paso Spice Mix Gluten Free 30g,$3.00,$10.00/100g,"https://cdn.metcash.media/image/upload/f_auto,c_limit,w_300,q_auto/igashop/images/629333"
Dine Desire Tuna & Prawn in Seafood Sauce 6 Pack,$12.00,$2.00 each,"https://cdn.metcash.media/image/upload/f_auto,c_limit,w_300,q_auto/igashop/images/25178"
Mill Lane Sourdough Vienna 680g,$7.50,$1.10/100g,"https://cdn.metcash.media/image/upload/f_auto,c_limit,w_300,q_auto/igashop/images/180000000640"
Only Organic Baby Wafers Mango & Carrot 16g,$3.75,$23.44/100g,https://www.igashop.com.au/static/default-product-image.png
Cadbury Dream Freddo Sharepack 12 Pack,$5.00,$0.42 each,"https://cdn.metcash.media/image/upload/f_auto,c_limit,w_300,q_auto/igashop/images/628109"
I&J Fish Tenders Sweet Chilli 320g,$8.00,$2.50/100g,"https://cdn.metcash.media/image/upload/f_auto,c_limit,w_300,q_auto/igashop/images/752288"
Alter Eco Organic Dark Chocolate Salted Burnt Caramel 80g,$7.50,$9.38/100g,"https://cdn.metcash.media/image/upload/f_auto,c_limit,w_300,q_auto/igashop/images/240692"
Prime Pantry Snapper & Vegetables 1.7kg,$13.30,$7.82/kg,"https://cdn.metcash.media/image/upload/f_auto,c_limit,w_300,q_auto/igashop/images/150000000197"
Vaseline Invigorating Glow Skin Serum Cranberry Juice 400mL,$4.50,$1.13/100mL,"https://cdn.metcash.media/image/upload/f_auto,c_limit,w_300,q_auto/igashop/images/936976"
Twinings Live Well Focus 22 Pack,$8.50,$0.39 each,"https://cdn.metcash.media/image/upload/f_auto,c_limit,w_300,q_auto/igashop/images/578485"
Remedy Energy Kick Mango Pineapple 250mL,$2.95,$11.80/1L,"https://cdn.metcash.media/image/upload/f_auto,c_limit,w_300,q_auto/igashop/images/692687"
Organic Care Naturals Silky Smooth Conditioner 400mL,$2.90,$0.73/100mL,"https://cdn.metcash.media/image/upload/f_auto,c_limit,w_300,q_auto/igashop/images/160000002399"
Golden Circle Beetroot Slices Pickled 440g,$3.50,$0.80/100g,"https://cdn.metcash.media/image/upload/f_auto,c_limit,w_300,q_auto/igashop/images/410412"
Brunswick Wild Sardines In Spring Water No Added Salt 106g,$2.90,$2.74/100g,"https://cdn.metcash.media/image/upload/f_auto,c_limit,w_300,q_auto/igashop/images/331786"
Multix Disposable Bag Kitchen Tidy Medium 50 Pack,$4.15,$0.08 each,"https://cdn.metcash.media/image/upload/f_auto,c_limit,w_300,q_auto/igashop/images/371964"
Saxbys Ginger Beer 4 Pack,$6.00,$1.50 each,"https://cdn.metcash.media/image/upload/f_auto,c_limit,w_300,q_auto/igashop/images/20000005419"
Pringles Sour Cream & Onion Chips 53g,$2.00,$3.77/100g,"https://cdn.metcash.media/image/upload/f_auto,c_limit,w_300,q_auto/igashop/images/636474"
Schwarzkopf Taft Styling Curl Mousse Strong Hold 200g,$6.95,$3.48/100g,"https://cdn.metcash.media/image/upload/f_auto,c_limit,w_300,q_auto/igashop/images/461793"
Mortein Powergard Control Bomb 2 Pack,$12.50,$6.25 each,"https://cdn.metcash.media/image/upload/f_auto,c_limit,w_300,q_auto/igashop/images/917668"
Mr Chen's BBQ Pork Buns 550g,$16.00,$2.91/100g,"https://cdn.metcash.media/image/upload/f_auto,c_limit,w_300,q_auto/igashop/images/342889"
Dettol 2 in 1 Hands and Surfaces 15 Anti-Bacterial Wipes 3 Pack,$7.20,$2.40 each,"https://cdn.metcash.media/image/upload/f_auto,c_limit,w_300,q_auto/igashop/images/878542"
Schwarzkopf Extra Care Super Styling Lacquer 100g,$6.30,$6.30/100g,"https://cdn.metcash.media/image/upload/f_auto,c_limit,w_300,q_auto/igashop/images/66695"
BabyLove Nappy Pants Walker 25 Pack,$12.00,$0.48 each,"https://cdn.metcash.media/image/upload/f_auto,c_limit,w_300,q_auto/igashop/images/373490"
Tamar Valley Dairy Greek Style Yoghurt 1kg,$8.00,$8.00/kg,"https://cdn.metcash.media/image/upload/f_auto,c_limit,w_300,q_auto/igashop/images/904131"
Dylon Fabric Dye Velvet Black In Washing Machine 100g,$12.75,$12.75/100g,"https://cdn.metcash.media/image/upload/f_auto,c_limit,w_300,q_auto/igashop/images/327339"
Dari's Creamy Chicken Soup 550g,$8.00,$1.45/100g,"https://cdn.metcash.media/image/upload/f_auto,c_limit,w_300,q_auto/igashop/images/657349"
Softly Delicates Fabric Solution Gently Fragrant 1.25L,$9.00,$7.20/1L,"https://cdn.metcash.media/image/upload/f_auto,c_limit,w_300,q_auto/igashop/images/325078"
Queen Natural Peppermint Extract 50mL,$1.15,$2.30/100mL,"https://cdn.metcash.media/image/upload/f_auto,c_limit,w_300,q_auto/igashop/images/384137"
Continental Recipe Base Sheperd's Pie 50g,$1.80,$3.60/100g,"https://cdn.metcash.media/image/upload/f_auto,c_limit,w_300,q_auto/igashop/images/330934"
Optimum Cat Multi Cat Chicken 2.8kg,$28.00,$10.00/kg,"https://cdn.metcash.media/image/upload/f_auto,c_limit,w_300,q_auto/igashop/images/1800000068689"
Heinz Baby Bottle & Teat Brush,$8.15,N/A,"https://cdn.metcash.media/image/upload/f_auto,c_limit,w_300,q_auto/igashop/images/160000018274"
Rafferty's Garden Little Smoothies Coconut Green No Added Sugar 120g,$2.50,$2.08/100g,"https://cdn.metcash.media/image/upload/f_auto,c_limit,w_300,q_auto/igashop/images/288776"
Continental Recipe Base Devilled Sausages 40g,$1.80,$4.50/100g,"https://cdn.metcash.media/image/upload/f_auto,c_limit,w_300,q_auto/igashop/images/426638"
Fresh Fodder Hummus Dip Middle Eastern 200g,$5.95,$2.98/100g,"https://cdn.metcash.media/image/upload/f_auto,c_limit,w_300,q_auto/igashop/images/20000003271"
Back 2 Nature Small Animal Bedding & Litter 10L,$14.00,$1.40/1L,"https://cdn.metcash.media/image/upload/f_auto,c_limit,w_300,q_auto/igashop/images/799285"
ZoOSh Caesar Dressing 300mL,$3.00,$1.00/100mL,"https://cdn.metcash.media/image/upload/f_auto,c_limit,w_300,q_auto/igashop/images/901455"
L'Or Espresso Colombia Capsules 50 Pack,$29.00,$0.58 each,"https://cdn.metcash.media/image/upload/f_auto,c_limit,w_300,q_auto/igashop/images/1800000067673"
Taste Of India Simmering Korma Sauce 425g,$6.00,$1.41/100g,https://www.igashop.com.au/static/default-product-image.png
ZoOSh Smokey Bacon Dip 185g,$3.00,$1.62/100g,"https://cdn.metcash.media/image/upload/f_auto,c_limit,w_300,q_auto/igashop/images/164053"
OMO Laundry Capsules Touch Of Comfort McGrath Foundation 17 Pack,$11.50,$0.68 each,"https://cdn.metcash.media/image/upload/f_auto,c_limit,w_300,q_auto/igashop/images/659338"
Wonderbao Vegie Bao 405g,$14.95,$3.69/100g,"https://cdn.metcash.media/image/upload/f_auto,c_limit,w_300,q_auto/igashop/images/20000005756"
Kraft Vegemite Spread 220g,$5.20,$2.36/100g,"https://cdn.metcash.media/image/upload/f_auto,c_limit,w_300,q_auto/igashop/images/59041"
Schwarzkopf Extra Care Super Styling Lacquer 250g,$7.70,$3.08/100g,"https://cdn.metcash.media/image/upload/f_auto,c_limit,w_300,q_auto/igashop/images/53396"
Decor Microsafe Easy Heat Value Pack 5 Pack,$21.00,$4.20 each,"https://cdn.metcash.media/image/upload/f_auto,c_limit,w_300,q_auto/igashop/images/770150"
Bostik Glu Stik 35g,$3.60,$10.29/100g,"https://cdn.metcash.media/image/upload/f_auto,c_limit,w_300,q_auto/igashop/images/958538"
Castello Creamy Blue Cheese 100g,$6.00,$6.00/100g,"https://cdn.metcash.media/image/upload/f_auto,c_limit,w_300,q_auto/igashop/images/970873"
Sistema Lunch Cool To Go Maxi,$12.75,N/A,"https://cdn.metcash.media/image/upload/f_auto,c_limit,w_300,q_auto/igashop/images/221724"
Yoplait Yop Yoghurt Blueberry No Added Sugar 130g,$1.45,$1.12/100g,"https://cdn.metcash.media/image/upload/f_auto,c_limit,w_300,q_auto/igashop/images/439754"
Green's Traditional Zesty Orange Cake 470g,$3.00,$0.64/100g,"https://cdn.metcash.media/image/upload/f_auto,c_limit,w_300,q_auto/igashop/images/1506"
Colgate Kids Minions Manual Toothbrush for Children 6+ Years Value Extra Soft Bristles Colours May Vary 2 Pack,$5.50,$2.75 each,"https://cdn.metcash.media/image/upload/f_auto,c_limit,w_300,q_auto/igashop/images/1800000069389"
K-Roo Diced Kangaroo 500g,$11.50,$2.30/100g,"https://cdn.metcash.media/image/upload/f_auto,c_limit,w_300,q_auto/igashop/images/180000004570"
Hot & Spicy Flavour Thai Noodle Soup 50g,$1.25,$2.50/100g,"https://cdn.metcash.media/image/upload/f_auto,c_limit,w_300,q_auto/igashop/images/415962"
Inaba Churu Bites Chicken Cat Food 30g,$5.50,$18.33/100g,https://www.igashop.com.au/static/default-product-image.png
Belladotti Crispy Onion Salad Topper 100g,$3.95,$3.95/100g,https://www.igashop.com.au/static/default-product-image.png
Old El Paso Bulk Hard & Soft Kit 560g,$10.80,$1.93/100g,"https://cdn.metcash.media/image/upload/f_auto,c_limit,w_300,q_auto/igashop/images/450072"
Moccona Barista Reserve Dark Roast Espresso 10 Pack,$3.60,$0.36 each,"https://cdn.metcash.media/image/upload/f_auto,c_limit,w_300,q_auto/igashop/images/425726"
Coca-Cola Vanilla Soft Drink Multipack Mini Cans 6 Pack,$10.00,$1.67 each,"https://cdn.metcash.media/image/upload/f_auto,c_limit,w_300,q_auto/igashop/images/673057"
Really Juice Squeezed Lemon Juice 285mL,$7.50,$2.63/100mL,"https://cdn.metcash.media/image/upload/f_auto,c_limit,w_300,q_auto/igashop/images/190000001991"
Edgell Sweet Sliced Beetroot Sliced Sweet 425g,$2.80,$0.66/100g,"https://cdn.metcash.media/image/upload/f_auto,c_limit,w_300,q_auto/igashop/images/668256"
Schmackos Training Bites Chewy Cubes Beef 130g,$4.00,$3.08/100g,https://www.igashop.com.au/static/default-product-image.png
Borg's Puff Pastry Sheets 1.2kg,$6.65,$5.54/kg,"https://cdn.metcash.media/image/upload/f_auto,c_limit,w_300,q_auto/igashop/images/160000014156"
Jalna Lactose Free Greek Yoghurt 1kg,$8.90,$8.90/kg,"https://cdn.metcash.media/image/upload/f_auto,c_limit,w_300,q_auto/igashop/images/20000001745"
Strepsils Double Antibacterial Soothing Throat Lozenge Honey And Lemon 36 Pack,$11.20,$0.31 each,"https://cdn.metcash.media/image/upload/f_auto,c_limit,w_300,q_auto/igashop/images/373908"
Dairy Farmers Malanda New Milk 2L,$4.50,$2.25/1L,"https://cdn.metcash.media/image/upload/f_auto,c_limit,w_300,q_auto/igashop/images/431617"
Tetley Teacup Bag 100 Pack,$4.00,$0.04 each,https://www.igashop.com.au/static/default-product-image.png
SunRice Microwave Indian Aromatic Basmati Rice 450g,$3.95,$0.88/100g,"https://cdn.metcash.media/image/upload/f_auto,c_limit,w_300,q_auto/igashop/images/318089"
Carman's Dark Choc Cherry Coconut Bar 210g,$7.50,$3.57/100g,"https://cdn.metcash.media/image/upload/f_auto,c_limit,w_300,q_auto/igashop/images/848893"
Meiji Yan Yan Creamy Chocolate Dip Biscui 50g,$2.09,$4.18/100g,"https://cdn.metcash.media/image/upload/f_auto,c_limit,w_300,q_auto/igashop/images/20000004294"
Nestlé Peppermint Crisp 35g,$3.00,$8.57/100g,"https://cdn.metcash.media/image/upload/f_auto,c_limit,w_300,q_auto/igashop/images/92015"
Durex Pleasure Me Condoms Regular 12 Pack,$6.38,$0.53 each,"https://cdn.metcash.media/image/upload/f_auto,c_limit,w_300,q_auto/igashop/images/810073"
The Yoghurt Shop Passionfruit Greek Yoghurt 500g,$6.90,$1.38/100g,"https://cdn.metcash.media/image/upload/f_auto,c_limit,w_300,q_auto/igashop/images/559415"
INGHAM'S Table Pleasers Chicken Breast Tenders Sweet Chilli 400g,$5.50,$1.38/100g,"https://cdn.metcash.media/image/upload/f_auto,c_limit,w_300,q_auto/igashop/images/100481"
SodaKING Lemon Lime & Bitters Syrup 250mL,$3.60,$1.44/100mL,"https://cdn.metcash.media/image/upload/f_auto,c_limit,w_300,q_auto/igashop/images/160000012311"
Tommee Tippee Closer To Nature Milk Feeding Bib 2 Pack,$14.25,$7.13 each,"https://cdn.metcash.media/image/upload/f_auto,c_limit,w_300,q_auto/igashop/images/160000018230"
Nescafe Blend 43 Original 50g,$8.50,$17.00/100g,"https://cdn.metcash.media/image/upload/f_auto,c_limit,w_300,q_auto/igashop/images/10893"
Haribo Confectionery Balla Stixx Sour Rainbow 200g,$4.00,$2.00/100g,https://www.igashop.com.au/static/default-product-image.png
Babybel Cheese 100g,$6.25,$6.25/100g,"https://cdn.metcash.media/image/upload/f_auto,c_limit,w_300,q_auto/igashop/images/180000006209"
Primo Hungarian Salami Knob 200g,$7.00,$3.50/100g,"https://cdn.metcash.media/image/upload/f_auto,c_limit,w_300,q_auto/igashop/images/180000003649"
YoPRO Vanilla Yoghurt 700g,$8.00,$1.14/100g,"https://cdn.metcash.media/image/upload/f_auto,c_limit,w_300,q_auto/igashop/images/490108"
Arnott's Nice 250g,$2.20,$0.88/100g,"https://cdn.metcash.media/image/upload/f_auto,c_limit,w_300,q_auto/igashop/images/309048"
Aptamil Gold+ Colic & Constipation Baby Infant Formula From Birth to 12 Months 900 grams 900g,$34.00,$3.78/100g,"https://cdn.metcash.media/image/upload/f_auto,c_limit,w_300,q_auto/igashop/images/170000000962"
The Gourmet Sausage Company Chicken Fetta Pistachio Rocket 500g,$11.00,$2.20/100g,"https://cdn.metcash.media/image/upload/f_auto,c_limit,w_300,q_auto/igashop/images/180000001526"
Ceres Organics Chickpea Crisps Himalayan 100g,$4.30,$4.30/100g,"https://cdn.metcash.media/image/upload/f_auto,c_limit,w_300,q_auto/igashop/images/20000002109"
Mayver's Dark Crunchy Peanut Butter 375g,$5.80,$1.55/100g,"https://cdn.metcash.media/image/upload/f_auto,c_limit,w_300,q_auto/igashop/images/849271"
Mcvities Go Ahead Apple 174g,$5.00,$2.87/100g,"https://cdn.metcash.media/image/upload/f_auto,c_limit,w_300,q_auto/igashop/images/528451"
Allen's Minties Mint Chew Lollies Bag 150g,$3.50,$2.33/100g,"https://cdn.metcash.media/image/upload/f_auto,c_limit,w_300,q_auto/igashop/images/440640"
Dishmatic Micro- Soft Refills 3 Pack,$5.85,$1.95 each,"https://cdn.metcash.media/image/upload/f_auto,c_limit,w_300,q_auto/igashop/images/285626"
Woodside Swag Cheese Chevre 150g,$12.90,$8.60/100g,"https://cdn.metcash.media/image/upload/f_auto,c_limit,w_300,q_auto/igashop/images/472346"
Kan Tong Pineapple Sweet & Sour Stir Fry Cooking Sauce 515g,$2.00,$0.39/100g,"https://cdn.metcash.media/image/upload/f_auto,c_limit,w_300,q_auto/igashop/images/390382"
Sunbeam Nuts Natural Cashews 450g,$15.00,$3.33/100g,"https://cdn.metcash.media/image/upload/f_auto,c_limit,w_300,q_auto/igashop/images/301980"
Jack N' Jill Kids Bio Toothbrush Unicorn,$5.95,N/A,"https://cdn.metcash.media/image/upload/f_auto,c_limit,w_300,q_auto/igashop/images/539300"
McKenzie's Natural Bran 300g,$3.00,$1.00/100g,"https://cdn.metcash.media/image/upload/f_auto,c_limit,w_300,q_auto/igashop/images/99871"
BSc x Violet Crumble Soft Protein Bar 55g,$5.00,$9.09/100g,"https://cdn.metcash.media/image/upload/f_auto,c_limit,w_300,q_auto/igashop/images/180000004507"
Borg's Puff Toastie Really Cheesy 2 Pack,$6.00,$3.00 each,"https://cdn.metcash.media/image/upload/f_auto,c_limit,w_300,q_auto/igashop/images/1800000068174"
Poppin Microwave Popcorn Sweet & Salty 100g,$2.00,$2.00/100g,"https://cdn.metcash.media/image/upload/f_auto,c_limit,w_300,q_auto/igashop/images/734015"
Lindt Les Grandes Milk Chocolate & Hazelnuts 150g,$8.65,$5.77/100g,"https://cdn.metcash.media/image/upload/f_auto,c_limit,w_300,q_auto/igashop/images/160000000377"
Jack Hammer Elastic Strap 900mm Length,$3.75,N/A,"https://cdn.metcash.media/image/upload/f_auto,c_limit,w_300,q_auto/igashop/images/219714"
Continental Nutrish Snack Mex It Up Pot 80g,$3.70,$4.63/100g,"https://cdn.metcash.media/image/upload/f_auto,c_limit,w_300,q_auto/igashop/images/890683"
Kan Tong Peanut Satay Stir Fry Cooking Sauce 505g,$2.00,$0.40/100g,"https://cdn.metcash.media/image/upload/f_auto,c_limit,w_300,q_auto/igashop/images/390426"
Safcol Salmon Premium 200g,$5.00,$2.50/100g,"https://cdn.metcash.media/image/upload/f_auto,c_limit,w_300,q_auto/igashop/images/337449"
Gaviscon Alkaline Remedies Extra Strength Peppermint 300mL,$22.50,$7.50/100mL,"https://cdn.metcash.media/image/upload/f_auto,c_limit,w_300,q_auto/igashop/images/523448"
Bref Blue Active Flower Toilet Cleaner 50g,$7.00,$14.00/100g,"https://cdn.metcash.media/image/upload/f_auto,c_limit,w_300,q_auto/igashop/images/834213"
Old El Paso Taco Soft Crispy Chicken Dinner Kit 370g,$8.50,$2.30/100g,"https://cdn.metcash.media/image/upload/f_auto,c_limit,w_300,q_auto/igashop/images/160000014007"
Pura Sour Cream 400mL,$4.19,$1.05/100mL,"https://cdn.metcash.media/image/upload/f_auto,c_limit,w_300,q_auto/igashop/images/1800000069659"
Mennen Lady Speed Stick Women's Antiperspirant Deodorant Invisible Cool & Fresh 24 Hour Protection 45g,$4.30,$9.56/100g,"https://cdn.metcash.media/image/upload/f_auto,c_limit,w_300,q_auto/igashop/images/416992"
Weis Ice Cream Fruito 4 Pack,$9.50,$2.38 each,"https://cdn.metcash.media/image/upload/f_auto,c_limit,w_300,q_auto/igashop/images/177491"
Old El Paso Mexican Burrito Tortillas 10 Pack,$5.50,$0.55 each,"https://cdn.metcash.media/image/upload/f_auto,c_limit,w_300,q_auto/igashop/images/20000006141"
Kiss Chocolates Milk Bottles 100g,$2.20,$2.20/100g,https://www.igashop.com.au/static/default-product-image.png
Birds Eye Plant Based Greek Lamb Style Strips 200g,$6.80,$3.40/100g,"https://cdn.metcash.media/image/upload/f_auto,c_limit,w_300,q_auto/igashop/images/269280"
Grinders Café-Q Classico Coffee Beans 500g,$32.00,$6.40/100g,"https://cdn.metcash.media/image/upload/f_auto,c_limit,w_300,q_auto/igashop/images/180000003024"
Colgate Savacol Rinse Alcohol Free Original Mint 300mL,$12.00,$4.00/100mL,"https://cdn.metcash.media/image/upload/f_auto,c_limit,w_300,q_auto/igashop/images/180000005370"
Weet-Bix Bites Crunchy Honey 510g,$6.50,$1.27/100g,"https://cdn.metcash.media/image/upload/f_auto,c_limit,w_300,q_auto/igashop/images/405543"
Chux Collections Thin Sponges 4 Pack,$4.00,$1.00 each,"https://cdn.metcash.media/image/upload/f_auto,c_limit,w_300,q_auto/igashop/images/396359"
Temptations Spoons Chicken And Salmon 40g,$5.00,$12.50/100g,https://www.igashop.com.au/static/default-product-image.png
Bonds Comfy Tops Slim Sheer Tights Nude Small,$8.00,N/A,"https://cdn.metcash.media/image/upload/f_auto,c_limit,w_300,q_auto/igashop/images/337562"
Leggo's Pasta Sauce Garden Vegetable 500g,$2.30,$0.46/100g,"https://cdn.metcash.media/image/upload/f_auto,c_limit,w_300,q_auto/igashop/images/612519"
CCs Corn Chips Chilli & Lime 175g,$4.00,$2.29/100g,"https://cdn.metcash.media/image/upload/f_auto,c_limit,w_300,q_auto/igashop/images/169210"
Cadbury Dairy Milk Hollow Egg 50g,$5.00,$10.00/100g,"https://cdn.metcash.media/image/upload/f_auto,c_limit,w_300,q_auto/igashop/images/190000009720"
Heinz Smokey Barbeque Sauce 500mL,$4.50,$0.90/100mL,"https://cdn.metcash.media/image/upload/f_auto,c_limit,w_300,q_auto/igashop/images/666615"
Carefree Original Tampons Super 32 Pack,$5.95,$0.19 each,"https://cdn.metcash.media/image/upload/f_auto,c_limit,w_300,q_auto/igashop/images/56718"
Arnott's Jatz Minis Crackers Sea Salt 170g,$3.00,$1.76/100g,"https://cdn.metcash.media/image/upload/f_auto,c_limit,w_300,q_auto/igashop/images/180000005612"
Smith's Oven Baked Sour Cream & Chives 130g,$3.00,$2.31/100g,"https://cdn.metcash.media/image/upload/f_auto,c_limit,w_300,q_auto/igashop/images/902236"
Barr Bubblegum 300mL,$3.00,$1.00/100mL,"https://cdn.metcash.media/image/upload/f_auto,c_limit,w_300,q_auto/igashop/images/20000006052"
Liddells Lactose Free Plain Yoghurt 4 Pack,$6.40,$1.60 each,"https://cdn.metcash.media/image/upload/f_auto,c_limit,w_300,q_auto/igashop/images/190000002349"
Hershey's Ice Cream Tubs Milk Chocolate Tub 1L,$11.00,$11.00/1L,"https://cdn.metcash.media/image/upload/f_auto,c_limit,w_300,q_auto/igashop/images/160000018247"
Pascall Party Pack Lollies 180g,$5.10,$2.83/100g,"https://cdn.metcash.media/image/upload/f_auto,c_limit,w_300,q_auto/igashop/images/160000000811"
Jack Hammer Plant Ties 17cm,$3.95,N/A,https://www.igashop.com.au/static/default-product-image.png
Vittoria Espressotoria Espresso Coffee Capsules 12 Pack,$6.60,$0.55 each,"https://cdn.metcash.media/image/upload/f_auto,c_limit,w_300,q_auto/igashop/images/729120"
Grannys Chocolate Cake Tray 360g,$8.15,$2.26/100g,"https://cdn.metcash.media/image/upload/f_auto,c_limit,w_300,q_auto/igashop/images/596852"
Zero Slim & Healthy Certified Organic Konjac Rice 400g,$4.20,$1.05/100g,"https://cdn.metcash.media/image/upload/f_auto,c_limit,w_300,q_auto/igashop/images/160000012560"
Uncle Tobys Snacks Chokito Snack Bars 145g,$2.75,$1.90/100g,https://www.igashop.com.au/static/default-product-image.png
Carman's Gourmet Porridge Sachets Apple Sultana & Cinnamon 320g,$7.50,$2.34/100g,"https://cdn.metcash.media/image/upload/f_auto,c_limit,w_300,q_auto/igashop/images/618531"
Cottons Organic Ultra Thin Pads With Wings Regular 14 Pack,$5.80,$0.41 each,"https://cdn.metcash.media/image/upload/f_auto,c_limit,w_300,q_auto/igashop/images/401329"
Sunsilk Shampoo Addictive Brilliant Shine 700mL,$10.00,$1.43/100mL,"https://cdn.metcash.media/image/upload/f_auto,c_limit,w_300,q_auto/igashop/images/618133"
Cadbury Freddo Dairy Milk Chocolate 12g,$0.80,$6.67/100g,"https://cdn.metcash.media/image/upload/f_auto,c_limit,w_300,q_auto/igashop/images/307237"
Real Natural Tasty Cheese Slices 500g,$10.00,$2.00/100g,"https://cdn.metcash.media/image/upload/f_auto,c_limit,w_300,q_auto/igashop/images/696377"
Yumi's Red Capsicum & Roasted Cashews Dip 3 Pack,$4.50,$1.50 each,"https://cdn.metcash.media/image/upload/f_auto,c_limit,w_300,q_auto/igashop/images/9243"
Depend Real Fit For Men's Underwear Medium 8 Pack,$17.50,$2.19 each,"https://cdn.metcash.media/image/upload/f_auto,c_limit,w_300,q_auto/igashop/images/380950"
Nexba Kombucha Energise Ginger & Tahitian Lime 4 Pack,$8.95,$2.24 each,"https://cdn.metcash.media/image/upload/f_auto,c_limit,w_300,q_auto/igashop/images/210529"
Juicy Fruit Pellets 14g,$4.00,$28.57/100g,https://www.igashop.com.au/static/default-product-image.png
U By Kotex Feminine Pad Petite Ultrathin Overnight 12 Pack,$5.00,$0.42 each,"https://cdn.metcash.media/image/upload/f_auto,c_limit,w_300,q_auto/igashop/images/656908"
Ajax Spray n' Wipe MultiPurpose Antibacterial Disinfectant Household Cleaner Lavender & Citrus Refill Value Pack 750mL,$4.00,$0.53/100mL,"https://cdn.metcash.media/image/upload/f_auto,c_limit,w_300,q_auto/igashop/images/37395"
Palmolive Ultra Gentle Care Aloe Handwash 950mL,$4.75,$0.50/100mL,"https://cdn.metcash.media/image/upload/f_auto,c_limit,w_300,q_auto/igashop/images/552968"
Oreo Sour Patch Kids Slug 131g,$2.00,$1.53/100g,https://www.igashop.com.au/static/default-product-image.png
KB's Gyoza Chicken 1kg,$26.50,$26.50/kg,"https://cdn.metcash.media/image/upload/f_auto,c_limit,w_300,q_auto/igashop/images/20000004957"
The Spice Tailor Classic Butter Chicken 300g,$6.70,$2.23/100g,"https://cdn.metcash.media/image/upload/f_auto,c_limit,w_300,q_auto/igashop/images/844878"
Schick Silk Effects 2 Pack,$8.65,$4.33 each,"https://cdn.metcash.media/image/upload/f_auto,c_limit,w_300,q_auto/igashop/images/404377"
Latina Fresh Lasagne Sheet Gluten Free 280g,$8.75,$3.12/100g,"https://cdn.metcash.media/image/upload/f_auto,c_limit,w_300,q_auto/igashop/images/20000003840"
Glad Bake & Cooking Paper 18m,$5.95,N/A,"https://cdn.metcash.media/image/upload/f_auto,c_limit,w_300,q_auto/igashop/images/325272"
Mogu Mogu Mango Drink with Nata de Coco 320mL,$2.40,$0.75/100mL,"https://cdn.metcash.media/image/upload/f_auto,c_limit,w_300,q_auto/igashop/images/160000018119"
Obento Japanese Tempura Batter 500g,$3.95,$0.79/100g,"https://cdn.metcash.media/image/upload/f_auto,c_limit,w_300,q_auto/igashop/images/842410"
Ajitas Vege Mini Rice Crackers Multipack 180g,$8.60,$4.78/100g,"https://cdn.metcash.media/image/upload/f_auto,c_limit,w_300,q_auto/igashop/images/527078"
Doritos Corn Chips Street Art Chaos Cajun Pop Chicken 80g,$3.00,$3.75/100g,"https://cdn.metcash.media/image/upload/f_auto,c_limit,w_300,q_auto/igashop/images/544287"
Fairy Platinum Antibacterial Dishwashing & Kitchen Spray 275mL,$7.50,$2.73/100mL,"https://cdn.metcash.media/image/upload/f_auto,c_limit,w_300,q_auto/igashop/images/160000011017"
BelVita Breakfast Biscuits Milk & Cereal 300g,$4.50,$1.50/100g,"https://cdn.metcash.media/image/upload/f_auto,c_limit,w_300,q_auto/igashop/images/672904"
Kinder Mix Chocolate Advent Calendar Christmas 123g,$12.95,$10.53/100g,https://www.igashop.com.au/static/default-product-image.png
Garofalo Gluten Free Penne Rigate Pasta 400g,$6.50,$1.63/100g,"https://cdn.metcash.media/image/upload/f_auto,c_limit,w_300,q_auto/igashop/images/160000013923"
Steggles Turkey Frozen 3.8kg,$31.60,$8.32/kg,"https://cdn.metcash.media/image/upload/f_auto,c_limit,w_300,q_auto/igashop/images/388275"
Messy Monkeys Lightly Sweet & Salty Popcorn 130g,$5.99,$4.61/100g,"https://cdn.metcash.media/image/upload/f_auto,c_limit,w_300,q_auto/igashop/images/16000001592"
Princi Smallgoods Boneless Ham Sliced 150g,$7.49,$4.99/100g,"https://cdn.metcash.media/image/upload/f_auto,c_limit,w_300,q_auto/igashop/images/190000004991"
Dine Saucy Morsels With Tuna Mornay & Cheese Wet Cat Food Tray 85g,$1.60,$1.88/100g,"https://cdn.metcash.media/image/upload/f_auto,c_limit,w_300,q_auto/igashop/images/51357"
Premium Black Sesame 300g,$3.00,$1.00/100g,"https://cdn.metcash.media/image/upload/f_auto,c_limit,w_300,q_auto/igashop/images/977113"
Schwarzkopf Taft Styling Lacquer Extra Strong Hold 200g,$7.00,$3.50/100g,"https://cdn.metcash.media/image/upload/f_auto,c_limit,w_300,q_auto/igashop/images/490043"
Simply Clean Simply No Mould Spray 500mL,$9.95,$1.99/100mL,"https://cdn.metcash.media/image/upload/f_auto,c_limit,w_300,q_auto/igashop/images/150000008107"
Sirena Tuna Lite Chilli 185g,$4.70,$2.54/100g,https://www.igashop.com.au/static/default-product-image.png
Heinz Salad Cream 250g,$3.50,$1.40/100g,"https://cdn.metcash.media/image/upload/f_auto,c_limit,w_300,q_auto/igashop/images/35885"
Rafferty's Garden Veggie Patch Broccoli Sweet Potato & Carrot 6M+ 120g,$2.20,$1.83/100g,https://www.igashop.com.au/static/default-product-image.png
Bega Country Light Tasty 50% Less Fat Natural Cheese Slices 15 Pack,$6.50,$0.43 each,"https://cdn.metcash.media/image/upload/f_auto,c_limit,w_300,q_auto/igashop/images/180669"
Suimin Noodle Bowl Red Curry 110g,$2.65,$2.41/100g,"https://cdn.metcash.media/image/upload/f_auto,c_limit,w_300,q_auto/igashop/images/392282"
Beef Silverside 1kg,Final cost based on weight,$28.00/$28.00,"https://cdn.metcash.media/image/upload/f_auto,c_limit,w_300,q_auto/igashop/images/80072002"
H2jUICE Mango Mix 1.25L,$3.75,$3.00/1L,"https://cdn.metcash.media/image/upload/f_auto,c_limit,w_300,q_auto/igashop/images/227652"
Soyco Hi-Protein Firm Tofu 350g,$5.50,$1.57/100g,"https://cdn.metcash.media/image/upload/f_auto,c_limit,w_300,q_auto/igashop/images/160000017653"
"Robitussin Cold & Chesty Cough, Cough Liquid 200mL",$13.00,$6.50/100mL,"https://cdn.metcash.media/image/upload/f_auto,c_limit,w_300,q_auto/igashop/images/390905"
Thins Potato Chips Margherita Pizza 150g,$2.50,$1.67/100g,https://www.igashop.com.au/static/default-product-image.png
Wiltshire 3 Stage Knife Sharpener,$26.00,N/A,"https://cdn.metcash.media/image/upload/f_auto,c_limit,w_300,q_auto/igashop/images/441984"
Double D Sugarfree Marshmallows 70g,$2.65,$3.79/100g,"https://cdn.metcash.media/image/upload/f_auto,c_limit,w_300,q_auto/igashop/images/20000002239"
Fantastic Chicken & Corn Noodle Cup 70g,$2.50,$3.57/100g,"https://cdn.metcash.media/image/upload/f_auto,c_limit,w_300,q_auto/igashop/images/328911"
Moccona Liquid Espresso Dark Roast 8 Pack,$8.60,$1.08 each,"https://cdn.metcash.media/image/upload/f_auto,c_limit,w_300,q_auto/igashop/images/1800000067714"
ViledaAnsell Silverlined Pink Gloves XL,$3.60,N/A,"https://cdn.metcash.media/image/upload/f_auto,c_limit,w_300,q_auto/igashop/images/716148"
Abbott's Bakery Bread Smooth Oat 700g,$5.20,$0.74/100g,https://www.igashop.com.au/static/default-product-image.png
L'Oreal Men Expert Magnesium Defence Moisturiser 50mL,$20.00,$40.00/100mL,"https://cdn.metcash.media/image/upload/f_auto,c_limit,w_300,q_auto/igashop/images/254175"
Clif Bar Energy Bar White Chocolate Macadamia 68g,$3.40,$5.00/100g,"https://cdn.metcash.media/image/upload/f_auto,c_limit,w_300,q_auto/igashop/images/160000012140"
Community Co Chocolate Hot Cross Buns 6 Pack,$4.00,$0.67 each,"https://cdn.metcash.media/image/upload/f_auto,c_limit,w_300,q_auto/igashop/images/54567"
Dari’s Hearty Vegetable Soup 560mL,$7.50,$1.34/100mL,"https://cdn.metcash.media/image/upload/f_auto,c_limit,w_300,q_auto/igashop/images/9409"
Gotzinger Maple Bacon 400g,$12.25,$3.06/100g,"https://cdn.metcash.media/image/upload/f_auto,c_limit,w_300,q_auto/igashop/images/190000004964"
Orgran Gluten Free Buckwheat Pancake Mix 375g,$6.80,$1.81/100g,"https://cdn.metcash.media/image/upload/f_auto,c_limit,w_300,q_auto/igashop/images/467032"
Multix Sandwich Bag Greener Plant 30 Pack,$4.15,$0.14 each,"https://cdn.metcash.media/image/upload/f_auto,c_limit,w_300,q_auto/igashop/images/863822"
Suprima Bakeries Margherita Scroll 4 Pack,$6.90,$1.73 each,https://www.igashop.com.au/static/default-product-image.png
Mountain Dew 1.25L,$3.50,$2.80/1L,"https://cdn.metcash.media/image/upload/f_auto,c_limit,w_300,q_auto/igashop/images/355497"
Musashi High Protein Powder Chocolate 375g,$33.95,$9.05/100g,"https://cdn.metcash.media/image/upload/f_auto,c_limit,w_300,q_auto/igashop/images/72696"
Brunnings Pine Bark 25L,$8.50,$0.34/1L,"https://cdn.metcash.media/image/upload/f_auto,c_limit,w_300,q_auto/igashop/images/887392"
Wrigley's 5 Gum Blueberry Rush Stick Sugarfree 32g,$2.50,$7.81/100g,"https://cdn.metcash.media/image/upload/f_auto,c_limit,w_300,q_auto/igashop/images/711444"
Schwarzkopf Extra Care Marrakesh Oil & Coconut Replenishing Conditioner 400mL,$8.80,$2.20/100mL,"https://cdn.metcash.media/image/upload/f_auto,c_limit,w_300,q_auto/igashop/images/160000010210"
Rexona Clinical Antiperspirant Aerosol All Blacks 180mL,$12.00,$6.67/100mL,"https://cdn.metcash.media/image/upload/f_auto,c_limit,w_300,q_auto/igashop/images/150000002098"
Community Co Frozen Mixed Berries 500g,$5.70,$1.14/100g,"https://cdn.metcash.media/image/upload/f_auto,c_limit,w_300,q_auto/igashop/images/190000001519"
Philips LED Edison Screw Warm White 6.5W,$7.00,N/A,"https://cdn.metcash.media/image/upload/f_auto,c_limit,w_300,q_auto/igashop/images/20000000481"
Cadbury Mini Frosted Baubles 80g,$5.00,$6.25/100g,"https://cdn.metcash.media/image/upload/f_auto,c_limit,w_300,q_auto/igashop/images/180000002383"
Red Rock Deli Lime & Black Pepper Potato Chips 165g,$6.00,$3.64/100g,"https://cdn.metcash.media/image/upload/f_auto,c_limit,w_300,q_auto/igashop/images/24033"
Bakers Oven White Sandwich Bread 700g,$3.40,$0.49/100g,"https://cdn.metcash.media/image/upload/f_auto,c_limit,w_300,q_auto/igashop/images/577743"
Pork Loin Chops 500g,Final cost based on weight,$13.50/$27.00,"https://cdn.metcash.media/image/upload/f_auto,c_limit,w_300,q_auto/igashop/images/80080037"
Zappo Millions Strawberry 80g,$6.90,$8.63/100g,https://www.igashop.com.au/static/default-product-image.png
John West Tuna in Springwater Multipack 4 Pack,$7.00,$1.75 each,"https://cdn.metcash.media/image/upload/f_auto,c_limit,w_300,q_auto/igashop/images/190000002317"
TRESemmé Shampoo Nourish & Shine 350mL,$4.25,$1.21/100mL,https://www.igashop.com.au/static/default-product-image.png
Lindt Gold Bunny Mini Pouch Bag 90g,$9.00,$10.00/100g,"https://cdn.metcash.media/image/upload/f_auto,c_limit,w_300,q_auto/igashop/images/190000009628"
Bega Peanut Butter Smooth No Added Sugar Or Salt 325g,$4.70,$1.45/100g,"https://cdn.metcash.media/image/upload/f_auto,c_limit,w_300,q_auto/igashop/images/380489"
Ivan's Pie Lamb & Rosemary 900g,$31.95,$3.55/100g,"https://cdn.metcash.media/image/upload/f_auto,c_limit,w_300,q_auto/igashop/images/614833"
Obela Dip Hommus Garnished Sticky Balsamic & Tomato 220g,$4.90,$2.23/100g,"https://cdn.metcash.media/image/upload/f_auto,c_limit,w_300,q_auto/igashop/images/180000004838"
Mil Lel Extra Sharp Parmesan & Pecorino 170g,$5.50,$3.24/100g,"https://cdn.metcash.media/image/upload/f_auto,c_limit,w_300,q_auto/igashop/images/894116"
Monster Energy Drink Lemon Cans 550mL,$4.00,$0.73/100mL,"https://cdn.metcash.media/image/upload/f_auto,c_limit,w_300,q_auto/igashop/images/69740"
Dove Clinical Antiperspirant Deodorant Original Clean 180mL,$11.30,$6.28/100mL,"https://cdn.metcash.media/image/upload/f_auto,c_limit,w_300,q_auto/igashop/images/239581"
McCain Healthy Choice Chinese Chicken & Cashews 280g,$4.45,$1.59/100g,"https://cdn.metcash.media/image/upload/f_auto,c_limit,w_300,q_auto/igashop/images/190000002879"
Red Island Extra Virgin Olive Oil 500mL,$11.50,$2.30/100mL,"https://cdn.metcash.media/image/upload/f_auto,c_limit,w_300,q_auto/igashop/images/386799"
Pandaroo Snacks Jelly Fruit Mini Cups 380g,$2.50,$0.66/100g,"https://cdn.metcash.media/image/upload/f_auto,c_limit,w_300,q_auto/igashop/images/389404"
Jacob's Wafers Strawberry 370g,$5.50,$1.49/100g,https://www.igashop.com.au/static/default-product-image.png
Playette Baby Leisure Socks 4 Pack,$11.85,$2.96 each,"https://cdn.metcash.media/image/upload/f_auto,c_limit,w_300,q_auto/igashop/images/750498"
Multix Green Recycled Alfoil 30cm X 10m,$4.00,N/A,"https://cdn.metcash.media/image/upload/f_auto,c_limit,w_300,q_auto/igashop/images/961934"
The Country Chef Bakery Co. Chocolate Cupcake 288g,$7.65,$2.66/100g,https://www.igashop.com.au/static/default-product-image.png
Mrs Brunts Lamington Waffles 165g,$5.60,$3.39/100g,https://www.igashop.com.au/static/default-product-image.png
McCain Lil Pizzas Cheese & Bacon 400g,$6.50,$1.63/100g,"https://cdn.metcash.media/image/upload/f_auto,c_limit,w_300,q_auto/igashop/images/190000003301"
Old El Paso Mexican Hard N Soft Taco Kit 350g,$9.50,$2.71/100g,"https://cdn.metcash.media/image/upload/f_auto,c_limit,w_300,q_auto/igashop/images/160000014006"
Black & Gold Dishwashing Liquid 1L,$1.40,$1.40/1L,"https://cdn.metcash.media/image/upload/f_auto,c_limit,w_300,q_auto/igashop/images/180000004999"
Lynx Body Wash Smell Ready 400mL,$7.50,$1.88/100mL,https://www.igashop.com.au/static/default-product-image.png
Fanta Orange Soft Drink Can 250mL,$2.45,$0.98/100mL,"https://cdn.metcash.media/image/upload/f_auto,c_limit,w_300,q_auto/igashop/images/186990"
Fancy Feast Ocean Whitefish & Tuna Feast in Gravy Grilled 85g,$1.60,$1.88/100g,"https://cdn.metcash.media/image/upload/f_auto,c_limit,w_300,q_auto/igashop/images/122666"
Remedy Apple Crisp Kombucha Cans 4 Pack,$7.50,$1.88 each,"https://cdn.metcash.media/image/upload/f_auto,c_limit,w_300,q_auto/igashop/images/6474"
Fluffy Fragrance Temptations Ultra Fabric Softener Aqua Desire 1L,$4.75,$4.75/1L,"https://cdn.metcash.media/image/upload/f_auto,c_limit,w_300,q_auto/igashop/images/666322"
Heinz Eat Well Soup Minestrone 380g,$4.50,$1.18/100g,https://www.igashop.com.au/static/default-product-image.png
Arnott's Shapes Variety 15 Pack,$6.00,$0.40 each,"https://cdn.metcash.media/image/upload/f_auto,c_limit,w_300,q_auto/igashop/images/839292"
Vanish NapiSan Gold Pro Oxi Action Stain Remover Powder Crystal White 1.8kg,$22.00,$12.22/kg,"https://cdn.metcash.media/image/upload/f_auto,c_limit,w_300,q_auto/igashop/images/112190"
Bega Simply Nuts Crunchy Peanut Butter 650g,$8.40,$1.29/100g,"https://cdn.metcash.media/image/upload/f_auto,c_limit,w_300,q_auto/igashop/images/160000013202"
Loaf Sticky Date & Sultana Cake 300g,$10.20,$3.40/100g,https://www.igashop.com.au/static/default-product-image.png
L'Oréal Paris Golden Age Night Cream Rich 50mL,$30.00,$60.00/100mL,"https://cdn.metcash.media/image/upload/f_auto,c_limit,w_300,q_auto/igashop/images/976714"
Big Lolly Banana 100g,$2.50,$2.50/100g,"https://cdn.metcash.media/image/upload/f_auto,c_limit,w_300,q_auto/igashop/images/562997"
L'Oréal Revitalift Laser Anti-Ageing Day Cream 50mL,$55.00,$110.00/100mL,"https://cdn.metcash.media/image/upload/f_auto,c_limit,w_300,q_auto/igashop/images/967710"
Cadbury Lamington Slice Block 175g,$8.00,$4.57/100g,"https://cdn.metcash.media/image/upload/f_auto,c_limit,w_300,q_auto/igashop/images/505453"
The Cobbler Company Dubbin Neutral 80g,$4.85,$6.06/100g,https://www.igashop.com.au/static/default-product-image.png
Matt Moran My Perfect Beef Stock 500mL,$5.90,$1.18/100mL,"https://cdn.metcash.media/image/upload/f_auto,c_limit,w_300,q_auto/igashop/images/999539"
Elmer's Clear Liquid School Glue 147mL,$7.80,$5.31/100mL,"https://cdn.metcash.media/image/upload/f_auto,c_limit,w_300,q_auto/igashop/images/688617"
Prime Beef Jerky 100% Australian Made 100g,$9.00,$9.00/100g,"https://cdn.metcash.media/image/upload/f_auto,c_limit,w_300,q_auto/igashop/images/190000002502"
Spice & Co Whole Cloves 30g,$3.75,$12.50/100g,"https://cdn.metcash.media/image/upload/f_auto,c_limit,w_300,q_auto/igashop/images/190000002391"
The Spice Tailor Keralan Coconut Curry 225g,$6.70,$2.98/100g,"https://cdn.metcash.media/image/upload/f_auto,c_limit,w_300,q_auto/igashop/images/846781"
Community Co Roasted Nuts & Seeds Gluten Free Muesli 350g,$6.10,$1.74/100g,"https://cdn.metcash.media/image/upload/f_auto,c_limit,w_300,q_auto/igashop/images/20000000025"
Fantastic Fresh Noodles Thin Hokkien 450g,$3.45,$0.77/100g,"https://cdn.metcash.media/image/upload/f_auto,c_limit,w_300,q_auto/igashop/images/198104"
Golden Crumpets Wholemeal 6 Pack,$2.40,$0.40 each,"https://cdn.metcash.media/image/upload/f_auto,c_limit,w_300,q_auto/igashop/images/457207"
"Nature's Gift Casserole Beef, Vegetables & Barley 700g",$2.10,$0.30/100g,"https://cdn.metcash.media/image/upload/f_auto,c_limit,w_300,q_auto/igashop/images/868424"
Medix Chesty Cough Syrup 200mL,$8.10,$4.05/100mL,"https://cdn.metcash.media/image/upload/f_auto,c_limit,w_300,q_auto/igashop/images/840989"
Vittoria Espresso Beans 500g,$30.50,$6.10/100g,"https://cdn.metcash.media/image/upload/f_auto,c_limit,w_300,q_auto/igashop/images/428818"
Food Guru Bamboo Skewer 100 Pack,$2.40,$0.02 each,"https://cdn.metcash.media/image/upload/f_auto,c_limit,w_300,q_auto/igashop/images/827444"
Baby Corn Prepack,$4.98,N/A,"https://cdn.metcash.media/image/upload/f_auto,c_limit,w_300,q_auto/igashop/images/80050130"
S&W Whole Egg Mayonnaise 440g,$6.00,$1.36/100g,"https://cdn.metcash.media/image/upload/f_auto,c_limit,w_300,q_auto/igashop/images/338102"
Black & Gold Brown Vinegar 1L,$1.80,$1.80/1L,"https://cdn.metcash.media/image/upload/f_auto,c_limit,w_300,q_auto/igashop/images/303026"
Spice & Co Cinnamon Sticks 20g,$3.75,$18.75/100g,"https://cdn.metcash.media/image/upload/f_auto,c_limit,w_300,q_auto/igashop/images/190000002389"
Campbell's Chunky Ham & Pea Soup 505g,$4.50,$0.89/100g,"https://cdn.metcash.media/image/upload/f_auto,c_limit,w_300,q_auto/igashop/images/379124"
Palmolive Naturals Smooth & Shine Shampoo 350mL,$5.00,$1.43/100mL,"https://cdn.metcash.media/image/upload/f_auto,c_limit,w_300,q_auto/igashop/images/327282"
Don Donskis Salami Mild 20g,$1.60,$8.00/100g,"https://cdn.metcash.media/image/upload/f_auto,c_limit,w_300,q_auto/igashop/images/558825"
Cadbury Caramilk 460mL,$10.50,$2.28/100mL,"https://cdn.metcash.media/image/upload/f_auto,c_limit,w_300,q_auto/igashop/images/208328"
Liddells Lactose Free Long Life Full Cream Milk 1L,$3.00,$3.00/1L,"https://cdn.metcash.media/image/upload/f_auto,c_limit,w_300,q_auto/igashop/images/180000004580"
Dove Men+ Care Antiperspirant Aerosol Classic 250mL,$9.50,$3.80/100mL,https://www.igashop.com.au/static/default-product-image.png
Mr Beast Feastables Deez Nutz 60g,$4.00,$6.67/100g,"https://cdn.metcash.media/image/upload/f_auto,c_limit,w_300,q_auto/igashop/images/516522"
Cadbury Old Gold Dark Chocolate Coated Almonds 280g,$5.00,$1.79/100g,"https://cdn.metcash.media/image/upload/f_auto,c_limit,w_300,q_auto/igashop/images/180672"
Kirks Club Soda Water Multipack Cans 6 Pack,$8.65,$1.44 each,"https://cdn.metcash.media/image/upload/f_auto,c_limit,w_300,q_auto/igashop/images/210969"
Arnott's Lemon Crisp 250g,$2.80,$1.12/100g,"https://cdn.metcash.media/image/upload/f_auto,c_limit,w_300,q_auto/igashop/images/366838"
Sorbent Facial Tissues White 150 Pack,$1.90,$0.01 each,"https://cdn.metcash.media/image/upload/f_auto,c_limit,w_300,q_auto/igashop/images/309315"
Italian Pork Sausage 500g,$9.50,$1.90/100g,"https://cdn.metcash.media/image/upload/f_auto,c_limit,w_300,q_auto/igashop/images/981476"
Primo Peperoni Hot Sliced 2kg,$33.05,$16.53/kg,https://www.igashop.com.au/static/default-product-image.png
Clairol Nice 'N Easy 2 Natural Black,$9.00,N/A,"https://cdn.metcash.media/image/upload/f_auto,c_limit,w_300,q_auto/igashop/images/190000002201"
Darrell Lea Twists Raspberry Liquorice 280g,$5.50,$1.96/100g,"https://cdn.metcash.media/image/upload/f_auto,c_limit,w_300,q_auto/igashop/images/459343"
My Muscle Chef Chicken & Halloumi Potato Bak 375g,$11.95,$3.19/100g,https://www.igashop.com.au/static/default-product-image.png
Beerenberg Australian Apricot Jam 300g,$6.15,$2.05/100g,"https://cdn.metcash.media/image/upload/f_auto,c_limit,w_300,q_auto/igashop/images/880141"
Ziploc Snack Bags 40 Pack,$2.20,$0.06 each,"https://cdn.metcash.media/image/upload/f_auto,c_limit,w_300,q_auto/igashop/images/260375"
Balfours Light Fruit Cake 800g,$15.50,$1.94/100g,"https://cdn.metcash.media/image/upload/f_auto,c_limit,w_300,q_auto/igashop/images/190000000058"
Leggos Gourmet Rich Tomato Passata 690g,$4.80,$0.70/100g,"https://cdn.metcash.media/image/upload/f_auto,c_limit,w_300,q_auto/igashop/images/1800000068786"
My Dog Chicken And Vegetables 2.8kg,$21.50,$7.68/kg,https://www.igashop.com.au/static/default-product-image.png
Sour Patch Kids 430g,$5.50,$1.28/100g,"https://cdn.metcash.media/image/upload/f_auto,c_limit,w_300,q_auto/igashop/images/555063"
Primo Stackers Leg Ham Cheddar Cheese & Crackers 50g,$3.00,$6.00/100g,"https://cdn.metcash.media/image/upload/f_auto,c_limit,w_300,q_auto/igashop/images/112750"
Decor Sauce Dispenser 1L,$5.60,N/A,"https://cdn.metcash.media/image/upload/f_auto,c_limit,w_300,q_auto/igashop/images/205511"
U By Kotex Super Ultrathins With Wings 12 Pack,$5.60,$0.47 each,"https://cdn.metcash.media/image/upload/f_auto,c_limit,w_300,q_auto/igashop/images/384904"
Pantene Pro-V Smooth & Sleek Shampoo 375mL,$5.00,$1.33/100mL,"https://cdn.metcash.media/image/upload/f_auto,c_limit,w_300,q_auto/igashop/images/781677"
Ziploc Storage Bags Medium 15 Pack,$3.50,$0.23 each,"https://cdn.metcash.media/image/upload/f_auto,c_limit,w_300,q_auto/igashop/images/255150"
Nurofen Zavance Fast Pain Relief Caplets 256mg Ibuprofen 12 Pack,$6.00,$0.50 each,"https://cdn.metcash.media/image/upload/f_auto,c_limit,w_300,q_auto/igashop/images/401735"
Raid Max Crawling Insect Killer Antibacterial 350g,$15.00,$4.29/100g,"https://cdn.metcash.media/image/upload/f_auto,c_limit,w_300,q_auto/igashop/images/784785"
Flora Margarine Spread Original 500g,$4.50,$0.90/100g,"https://cdn.metcash.media/image/upload/f_auto,c_limit,w_300,q_auto/igashop/images/160000018086"
Schweppes Solo Thirst Crusher Original Lemon Zero Sugar Bottle 1.25L,$3.50,$2.80/1L,"https://cdn.metcash.media/image/upload/f_auto,c_limit,w_300,q_auto/igashop/images/255919"
Febreze with Ambi Pur Fabric Spray Extra Strength 370mL,$6.50,$1.76/100mL,"https://cdn.metcash.media/image/upload/f_auto,c_limit,w_300,q_auto/igashop/images/375060"
Optimum Cat Urinary Care 1.4kg,$21.50,$15.36/kg,"https://cdn.metcash.media/image/upload/f_auto,c_limit,w_300,q_auto/igashop/images/1800000068690"
Finish Ultimate Plus Auto Dishwash Tablets Lemon 45 Pack,$27.50,$0.61 each,"https://cdn.metcash.media/image/upload/f_auto,c_limit,w_300,q_auto/igashop/images/240841"
Oat Milk Goodness Barista 1L,$4.70,$4.70/1L,https://www.igashop.com.au/static/default-product-image.png
Fyna White Chocolate Raspberry Bullets 230g,$5.95,$2.59/100g,"https://cdn.metcash.media/image/upload/f_auto,c_limit,w_300,q_auto/igashop/images/190000004341"
Mother Earth Golden Baked Oaty Slice Golden Oats 240g,$3.80,$1.58/100g,"https://cdn.metcash.media/image/upload/f_auto,c_limit,w_300,q_auto/igashop/images/679341"
S-26 Alula Gold Newborn Stage 1 Infant Formula 900g,$28.50,$3.17/100g,"https://cdn.metcash.media/image/upload/f_auto,c_limit,w_300,q_auto/igashop/images/20000006953"
Multix Takeaway Food Containers 6 Pack,$5.55,$0.93 each,"https://cdn.metcash.media/image/upload/f_auto,c_limit,w_300,q_auto/igashop/images/320523"
DON Thinly Sliced English Style Leg Ham 200g,$5.90,$2.95/100g,"https://cdn.metcash.media/image/upload/f_auto,c_limit,w_300,q_auto/igashop/images/150000007898"
Nature Valley Crunchy Bar Chocolate Chip 5 Pack,$5.50,$1.10 each,https://www.igashop.com.au/static/default-product-image.png
Maybelline Superstay 24 2-Step Liquid Lipstick - Forever Chestnut,$27.00,N/A,"https://cdn.metcash.media/image/upload/f_auto,c_limit,w_300,q_auto/igashop/images/355395"
My Dog Wet Dog Food Lamb With Garden Vegetables Select Toppings 100g,$1.80,$1.80/100g,"https://cdn.metcash.media/image/upload/f_auto,c_limit,w_300,q_auto/igashop/images/353885"
Easy-Off Bam Washing Machine Cleaner 250mL,$9.85,$3.94/100mL,"https://cdn.metcash.media/image/upload/f_auto,c_limit,w_300,q_auto/igashop/images/170000004002"
Uncle Tobys Oats Quick Sachets Breakfast Cereal Creamy Honey 20 Pack,$10.00,$0.50 each,"https://cdn.metcash.media/image/upload/f_auto,c_limit,w_300,q_auto/igashop/images/200422"
Doritos Tortilla Chips Lime & Chili 110g,$5.10,$4.64/100g,https://www.igashop.com.au/static/default-product-image.png
Dairy Farmers Buttermilk 600mL,$3.35,$0.56/100mL,"https://cdn.metcash.media/image/upload/f_auto,c_limit,w_300,q_auto/igashop/images/122064"
McKenzie's Nibbles Double Choc 120g,$2.99,$2.49/100g,"https://cdn.metcash.media/image/upload/f_auto,c_limit,w_300,q_auto/igashop/images/190000003828"
Chicco D'oro Espresso Coffee Capsules 12 Pack,$7.50,$0.62 each,"https://cdn.metcash.media/image/upload/f_auto,c_limit,w_300,q_auto/igashop/images/735862"
Wicked Sister Pistachio & White Chocolate Flavour Dessert Pot 170g,$3.00,$1.76/100g,https://www.igashop.com.au/static/default-product-image.png
True Thai Black Bean Sauce 300mL,$3.99,$1.33/100mL,"https://cdn.metcash.media/image/upload/f_auto,c_limit,w_300,q_auto/igashop/images/160000012597"
Dolmio Creamy Tomato & Mozzarella Pasta Bake Sauce 495g,$4.00,$0.81/100g,"https://cdn.metcash.media/image/upload/f_auto,c_limit,w_300,q_auto/igashop/images/390303"
Birds Eye Deli Seasoned Sides Garlic Butter Style & Parsley 600g,$5.60,$0.93/100g,"https://cdn.metcash.media/image/upload/f_auto,c_limit,w_300,q_auto/igashop/images/180000005059"
Continental Sensations Soup Vietnamese Chicken 40g,$3.50,$8.75/100g,"https://cdn.metcash.media/image/upload/f_auto,c_limit,w_300,q_auto/igashop/images/516849"
Nescafe Cappuccino Coffee Mixes Skim Multipack 26 Pack,$12.50,$0.48 each,"https://cdn.metcash.media/image/upload/f_auto,c_limit,w_300,q_auto/igashop/images/180000006287"
Toscano Sourdough Pizza Base Twin Pack 420g,$7.90,$1.88/100g,https://www.igashop.com.au/static/default-product-image.png
Proper Crisps Core Crisp Big Sea Salt 140g,$6.80,$4.86/100g,https://www.igashop.com.au/static/default-product-image.png
Yakult Probiotic Drink 5 Pack,$4.00,$0.80 each,"https://cdn.metcash.media/image/upload/f_auto,c_limit,w_300,q_auto/igashop/images/175376"
Huggies Nappy Pants Walker Boy 26 Pack,$22.00,$0.85 each,"https://cdn.metcash.media/image/upload/f_auto,c_limit,w_300,q_auto/igashop/images/758831"
Mentos Watermelon 37.5g,$1.60,$4.27/100g,https://www.igashop.com.au/static/default-product-image.png
Arnott's 50% Less Sugar Scotch Finger Biscuits 232g,$4.50,$1.94/100g,"https://cdn.metcash.media/image/upload/f_auto,c_limit,w_300,q_auto/igashop/images/599902"
Dove Men Deodorant Roll On Invisible Dry 50mL,$3.00,$6.00/100mL,"https://cdn.metcash.media/image/upload/f_auto,c_limit,w_300,q_auto/igashop/images/180000005879"
Green's Gravy Granules for Roast Meat 120g,$4.80,$4.00/100g,"https://cdn.metcash.media/image/upload/f_auto,c_limit,w_300,q_auto/igashop/images/662632"
Macquarie Valley Juice Apple Pop Top 200mL,$2.05,$1.03/100mL,"https://cdn.metcash.media/image/upload/f_auto,c_limit,w_300,q_auto/igashop/images/190000004092"
Mr Sheen Surface Cleaning Aerosol Regular 250g,$5.90,$2.36/100g,"https://cdn.metcash.media/image/upload/f_auto,c_limit,w_300,q_auto/igashop/images/485200"
Meredith Dairy Goat Cheese Fresh Chevre Fresh Dill 80g,$5.95,$7.44/100g,"https://cdn.metcash.media/image/upload/f_auto,c_limit,w_300,q_auto/igashop/images/160000000576"
Olina's Bakehouse Mini Cookies Honey Butter 120g,$5.00,$4.17/100g,"https://cdn.metcash.media/image/upload/f_auto,c_limit,w_300,q_auto/igashop/images/180000005542"
Breaka Chocolate Flavoured Milk 750mL,$3.95,$0.53/100mL,"https://cdn.metcash.media/image/upload/f_auto,c_limit,w_300,q_auto/igashop/images/651589"
Vileda Mop Easy Wring And Clean Refill,$15.00,N/A,"https://cdn.metcash.media/image/upload/f_auto,c_limit,w_300,q_auto/igashop/images/828636"
Oral-B Pro 300 Mint Green Electric Toothbrush Mint,$25.00,N/A,"https://cdn.metcash.media/image/upload/f_auto,c_limit,w_300,q_auto/igashop/images/189472"
Deeko Sugar Cane Side Plate 18cm 6 Pack,$3.75,$0.63 each,"https://cdn.metcash.media/image/upload/f_auto,c_limit,w_300,q_auto/igashop/images/180000004734"
Allen's Party Mix 190g,$3.50,$1.84/100g,"https://cdn.metcash.media/image/upload/f_auto,c_limit,w_300,q_auto/igashop/images/25220"
Schweppes Raspberry and Blueberry Mineral Water 10 Pack,$9.50,$0.95 each,"https://cdn.metcash.media/image/upload/f_auto,c_limit,w_300,q_auto/igashop/images/228886"
Cottee's Jam Apricot 375g,$3.50,$0.93/100g,"https://cdn.metcash.media/image/upload/f_auto,c_limit,w_300,q_auto/igashop/images/267267"
Christmas Stubby Holder,$0.50,N/A,"https://cdn.metcash.media/image/upload/f_auto,c_limit,w_300,q_auto/igashop/images/361361060_40dcdd96f5bb01b"
Sorbent Hypo-Allergenic Facial Tissues 170 Pack,$2.00,$0.01 each,"https://cdn.metcash.media/image/upload/f_auto,c_limit,w_300,q_auto/igashop/images/86755"
Nescafe Cappuccino Coffee Mixes 10 Pack,$8.00,$0.80 each,"https://cdn.metcash.media/image/upload/f_auto,c_limit,w_300,q_auto/igashop/images/180000004757"
Campbell's Chunky Canned Soup Beef Hearty & Filling 505g,$3.50,$0.69/100g,"https://cdn.metcash.media/image/upload/f_auto,c_limit,w_300,q_auto/igashop/images/379108"
Berocca Energy Vitamin B & C Orange Flavour Effervescent Tablets 30 Pack,$19.00,$0.63 each,"https://cdn.metcash.media/image/upload/f_auto,c_limit,w_300,q_auto/igashop/images/545704"
Hapi Spicy Sriracha Flavored Peas 120g,$2.49,$2.08/100g,"https://cdn.metcash.media/image/upload/f_auto,c_limit,w_300,q_auto/igashop/images/190000001312"
"Purina Total Care Heartwormer, Allwormer & Flea Control for Cats (2.6 - 7.5kg) Pipette",$23.00,N/A,"https://cdn.metcash.media/image/upload/f_auto,c_limit,w_300,q_auto/igashop/images/150000000527"
Beerenberg Smoky Bourbon Sauce 300mL,$6.55,$2.18/100mL,"https://cdn.metcash.media/image/upload/f_auto,c_limit,w_300,q_auto/igashop/images/808513"
Mum's Favourites Caramel Slice 4 Pack,$8.95,$2.24 each,"https://cdn.metcash.media/image/upload/f_auto,c_limit,w_300,q_auto/igashop/images/20000005312"
BabyBoo Baby Wipes Fragrance Free 80 Pack,$11.00,$0.14 each,https://www.igashop.com.au/static/default-product-image.png
Steggles Chicken Breast Tenders Southern Style 400g,$6.50,$1.63/100g,"https://cdn.metcash.media/image/upload/f_auto,c_limit,w_300,q_auto/igashop/images/888929"
Castello Goats Cheese 110g,$6.80,$6.18/100g,https://www.igashop.com.au/static/default-product-image.png
Continental Sensations Recipe Base Thai Stirfry 34g,$2.25,$6.62/100g,"https://cdn.metcash.media/image/upload/f_auto,c_limit,w_300,q_auto/igashop/images/572243"
On The Menu Power Bowl Satay Chicken 450g,$7.50,$1.67/100g,"https://cdn.metcash.media/image/upload/f_auto,c_limit,w_300,q_auto/igashop/images/492448"
Foster Clark's Quick Custard Mix 80g,$2.95,$3.69/100g,"https://cdn.metcash.media/image/upload/f_auto,c_limit,w_300,q_auto/igashop/images/46593"
TRESemmé Conditioner Moisture Rich 350mL,$8.50,$2.43/100mL,https://www.igashop.com.au/static/default-product-image.png
Community Co Taco Seasoning 35g,$1.45,$4.14/100g,"https://cdn.metcash.media/image/upload/f_auto,c_limit,w_300,q_auto/igashop/images/437529"
McCain Vegetables Cauliflower 500g,$6.75,$1.35/100g,"https://cdn.metcash.media/image/upload/f_auto,c_limit,w_300,q_auto/igashop/images/112548"
Farmers Union Greek Style Lactose Free Yogurt 500g,$4.90,$0.98/100g,"https://cdn.metcash.media/image/upload/f_auto,c_limit,w_300,q_auto/igashop/images/1800000069593"
"Nature's Gift Meal Time Chicken, Rice & Vegetables Wet Dog Food 700g",$1.95,$0.28/100g,"https://cdn.metcash.media/image/upload/f_auto,c_limit,w_300,q_auto/igashop/images/978258"
Yarra Valley Hilltop Heritage Apricot Conserve 300g,$5.60,$1.87/100g,https://www.igashop.com.au/static/default-product-image.png
Lo Bros Kombucha Ginger & Lemon 250mL,$2.50,$1.00/100mL,"https://cdn.metcash.media/image/upload/f_auto,c_limit,w_300,q_auto/igashop/images/190000003702"
Extra Strawberry Chewing Gum Sugar Free 3 Pack,$5.50,$1.83 each,"https://cdn.metcash.media/image/upload/f_auto,c_limit,w_300,q_auto/igashop/images/603324"
BabyLove Sleepy Nights 2-4 Years Overnight Pants 12 Pack,$10.00,$0.83 each,"https://cdn.metcash.media/image/upload/f_auto,c_limit,w_300,q_auto/igashop/images/701033"
Whittaker's 33% Cocoa Creamy Caramel Milk Chocolate Block 250g,$9.00,$3.60/100g,"https://cdn.metcash.media/image/upload/f_auto,c_limit,w_300,q_auto/igashop/images/929291"
Birds Eye Steam Fresh Peas Corn & Broccoli 450g,$4.65,$1.03/100g,"https://cdn.metcash.media/image/upload/f_auto,c_limit,w_300,q_auto/igashop/images/104095"
Air Wick Essential Oil Electrical Air Freshener Lavender Refill 3 Pack,$18.00,$6.00 each,"https://cdn.metcash.media/image/upload/f_auto,c_limit,w_300,q_auto/igashop/images/207521"
La Zuppa Chicken Korma With Vegetables 300g,$5.40,$1.80/100g,"https://cdn.metcash.media/image/upload/f_auto,c_limit,w_300,q_auto/igashop/images/201261"
Vanish Gold Pro White Stain Remover Spray 450mL,$9.50,$2.11/100mL,"https://cdn.metcash.media/image/upload/f_auto,c_limit,w_300,q_auto/igashop/images/932278"
SPC Baked Beans Salt Reduced Tomato Sauce 425g,$2.50,$0.59/100g,"https://cdn.metcash.media/image/upload/f_auto,c_limit,w_300,q_auto/igashop/images/31734"
Spring Gully Onions Sweet 500g,$5.10,$1.02/100g,"https://cdn.metcash.media/image/upload/f_auto,c_limit,w_300,q_auto/igashop/images/17382"
Sonoma Hot Cross Buns Double Chocolate 320g,$6.50,$2.03/100g,https://www.igashop.com.au/static/default-product-image.png
Jarrah Cappuccino Strong 125g,$8.50,$6.80/100g,https://www.igashop.com.au/static/default-product-image.png
Palmolive Naturals Intensive Moisture Conditioner Coconut Cream 350mL,$3.00,$0.86/100mL,"https://cdn.metcash.media/image/upload/f_auto,c_limit,w_300,q_auto/igashop/images/160000001996"
Korbond Needles Home Kit,$2.80,N/A,"https://cdn.metcash.media/image/upload/f_auto,c_limit,w_300,q_auto/igashop/images/284256"
Roza's Gourmet Tomato Chutney 240mL,$9.50,$3.96/100mL,"https://cdn.metcash.media/image/upload/f_auto,c_limit,w_300,q_auto/igashop/images/190000002458"
Finish Powerball Ultimate All In 1 36 Pack,$20.00,$0.56 each,"https://cdn.metcash.media/image/upload/f_auto,c_limit,w_300,q_auto/igashop/images/555380"
Ziploc Storage Bag Medium 42 Pack,$7.50,$0.18 each,https://www.igashop.com.au/static/default-product-image.png
Tasmanian Pate Cracked Pepper Pate 125g,$5.00,$4.00/100g,"https://cdn.metcash.media/image/upload/f_auto,c_limit,w_300,q_auto/igashop/images/20000005075"
Edgell Black Beans 400g,$1.95,$0.49/100g,"https://cdn.metcash.media/image/upload/f_auto,c_limit,w_300,q_auto/igashop/images/425310"
Huggies Ultimate Nappy Pants for Boys & Girls Size 5 (14-18 kg) 52 Pack,$39.00,$0.75 each,"https://cdn.metcash.media/image/upload/f_auto,c_limit,w_300,q_auto/igashop/images/170000002423"
Uncle Tobys Oats Quick Sachets Breakfast Cereal Protein Blueberry Maple 280g,$7.00,$2.50/100g,"https://cdn.metcash.media/image/upload/f_auto,c_limit,w_300,q_auto/igashop/images/1800000071463"
Coca-Cola Vanilla Zero Sugar Soft Drink Bottle 600mL,$4.00,$0.67/100mL,"https://cdn.metcash.media/image/upload/f_auto,c_limit,w_300,q_auto/igashop/images/738158"
Betty Crocker Vanilla Frosting 400g,$6.50,$1.63/100g,"https://cdn.metcash.media/image/upload/f_auto,c_limit,w_300,q_auto/igashop/images/921256"
Old El Paso Kit Enchilada 520g,$8.50,$1.63/100g,"https://cdn.metcash.media/image/upload/f_auto,c_limit,w_300,q_auto/igashop/images/20000006140"
Harpic White & Shine Toilet Cleaner Fresh 450mL,$3.50,$0.78/100mL,"https://cdn.metcash.media/image/upload/f_auto,c_limit,w_300,q_auto/igashop/images/456683"
Heidis Iced Spicy Gingerbreads Pfeffernusse 200g,$1.00,$0.50/100g,"https://cdn.metcash.media/image/upload/f_auto,c_limit,w_300,q_auto/igashop/images/20000006697"
Fab Perfume Indulgence Gold Absolute Liquid Laundry Washing Detergent 3.6L,$16.50,$4.58/1L,"https://cdn.metcash.media/image/upload/f_auto,c_limit,w_300,q_auto/igashop/images/190000003632"
Community Co Extra Tasty Cheese Block 250g,$6.00,$2.40/100g,"https://cdn.metcash.media/image/upload/f_auto,c_limit,w_300,q_auto/igashop/images/827591"
Heinz Classic Canned Soup Hearty Vegetable 535g,$4.40,$0.82/100g,"https://cdn.metcash.media/image/upload/f_auto,c_limit,w_300,q_auto/igashop/images/379470"
Fussy Cat Beef & Kangaroo with Sweet Potato 400g,$2.20,$0.55/100g,"https://cdn.metcash.media/image/upload/f_auto,c_limit,w_300,q_auto/igashop/images/405307"
Three Threes Olives Stuffed 250g,$3.50,$1.40/100g,"https://cdn.metcash.media/image/upload/f_auto,c_limit,w_300,q_auto/igashop/images/371752"
Korbond Cup Cake Muffin C/S,$3.20,N/A,"https://cdn.metcash.media/image/upload/f_auto,c_limit,w_300,q_auto/igashop/images/221321"
The Pet Hub - Rope Tug Ball,$7.05,N/A,https://www.igashop.com.au/static/default-product-image.png
Life Savers Milk Chocolate Fruit Tingle Balls 150g,$4.50,$3.00/100g,"https://cdn.metcash.media/image/upload/f_auto,c_limit,w_300,q_auto/igashop/images/499050"
Green's Pancake Shake Rasberry & White Chocolate 300g,$4.50,$1.50/100g,https://www.igashop.com.au/static/default-product-image.png
L'OR Colombia Coffee Beans 500g,$33.15,$6.63/100g,"https://cdn.metcash.media/image/upload/f_auto,c_limit,w_300,q_auto/igashop/images/180000003092"
Chobani Greek Yoghurt Coconut 160g,$2.70,$1.69/100g,"https://cdn.metcash.media/image/upload/f_auto,c_limit,w_300,q_auto/igashop/images/160000018292"
Mojo Kombucha Tropical Twirl 250mL,$3.10,$12.40/1L,https://www.igashop.com.au/static/default-product-image.png
Poppin Microwave Popcorn Triple Butter Flavour 4 Pack,$4.95,$1.24 each,"https://cdn.metcash.media/image/upload/f_auto,c_limit,w_300,q_auto/igashop/images/423321"
Johnson's Baby Oil With Aloe Vera & Vitamin E 500mL,$10.00,$2.00/100mL,"https://cdn.metcash.media/image/upload/f_auto,c_limit,w_300,q_auto/igashop/images/346210"
Steradent Active Plus Denture Care Paste 115g,$6.00,$5.22/100g,"https://cdn.metcash.media/image/upload/f_auto,c_limit,w_300,q_auto/igashop/images/71140"
McKenzie's Soup Mix 500g,$1.90,$0.38/100g,"https://cdn.metcash.media/image/upload/f_auto,c_limit,w_300,q_auto/igashop/images/354271"
Big Sister Fruit Cake Christmas Gold 800g,$11.00,$1.38/100g,"https://cdn.metcash.media/image/upload/f_auto,c_limit,w_300,q_auto/igashop/images/935268"
Nestle Kit Kat Chunky Confectionery Aero Mint 45g,$1.50,$3.33/100g,"https://cdn.metcash.media/image/upload/f_auto,c_limit,w_300,q_auto/igashop/images/312664"
Ratsak Pre Baited Mouse Trap 2 Pack,$9.50,$4.75 each,"https://cdn.metcash.media/image/upload/f_auto,c_limit,w_300,q_auto/igashop/images/809467"
Schwarzkopf Got2B Texture Clay Istyler 75mL,$15.00,$20.00/100mL,"https://cdn.metcash.media/image/upload/f_auto,c_limit,w_300,q_auto/igashop/images/218352"
Peters Original Vanilla Ice Cream 2L,$5.50,$2.75/1L,"https://cdn.metcash.media/image/upload/f_auto,c_limit,w_300,q_auto/igashop/images/121521"
Red Bull Energy Drink Zero 4 Pack,$7.80,$1.95 each,"https://cdn.metcash.media/image/upload/f_auto,c_limit,w_300,q_auto/igashop/images/400069"
Salvital Salts Saline 375g,$7.00,$1.87/100g,"https://cdn.metcash.media/image/upload/f_auto,c_limit,w_300,q_auto/igashop/images/20000006791"
Queen Green Food Colour 50mL,$1.20,$2.40/100mL,"https://cdn.metcash.media/image/upload/f_auto,c_limit,w_300,q_auto/igashop/images/352261"
Mr Kipling Angel Slices Snack Pack,$5.50,N/A,"https://cdn.metcash.media/image/upload/f_auto,c_limit,w_300,q_auto/igashop/images/759926"
Big Lou's Donuts Custard Berliner 2 Pack,$7.90,$3.95 each,"https://cdn.metcash.media/image/upload/f_auto,c_limit,w_300,q_auto/igashop/images/190000005132"
Maleny Dairies Milk Farmers Choice Gold 3L,$8.70,$2.90/1L,"https://cdn.metcash.media/image/upload/f_auto,c_limit,w_300,q_auto/igashop/images/190000003890"
Peckish Fancies Premium Rice Crackers Parmesan & Herbs 90g,$3.00,$3.33/100g,"https://cdn.metcash.media/image/upload/f_auto,c_limit,w_300,q_auto/igashop/images/160000000853"
Eschallot Bunch,$2.95,N/A,"https://cdn.metcash.media/image/upload/f_auto,c_limit,w_300,q_auto/igashop/images/80050100"
Schweppes Soft Drinks Lemonade Soft Drink 250mL,$6.00,$2.40/100mL,https://www.igashop.com.au/static/default-product-image.png
Gluten Free Bakehouse Cake Marble,$11.95,N/A,https://www.igashop.com.au/static/default-product-image.png
Devondale Moo Strawberry Milk 6 Pack,$5.00,$0.83 each,"https://cdn.metcash.media/image/upload/f_auto,c_limit,w_300,q_auto/igashop/images/148638"
Tassal Cooked Salmon Natural 150g,$11.75,$7.83/100g,"https://cdn.metcash.media/image/upload/f_auto,c_limit,w_300,q_auto/igashop/images/840138"
Ultimates Indulge Adult Cat Food Tuna & Barramundi 85g,$1.75,$2.06/100g,"https://cdn.metcash.media/image/upload/f_auto,c_limit,w_300,q_auto/igashop/images/356367"
Community Co Honey Twist & Squeeze 375g,$5.50,$1.47/100g,"https://cdn.metcash.media/image/upload/f_auto,c_limit,w_300,q_auto/igashop/images/606694"
Harvest Snaps Pea Original Salted Big Bag 230g,$6.00,$2.61/100g,"https://cdn.metcash.media/image/upload/f_auto,c_limit,w_300,q_auto/igashop/images/179964"
Energizer 2032 Lithium Coin Battery 2 Pack,$10.00,$5.00 each,"https://cdn.metcash.media/image/upload/f_auto,c_limit,w_300,q_auto/igashop/images/150000007637"
Marcel's Double Love Sweet Crepes 6 Pack,$8.50,$1.42 each,"https://cdn.metcash.media/image/upload/f_auto,c_limit,w_300,q_auto/igashop/images/8888"
Cadbury Crunchie Sharepack 12 Pack,$5.00,$0.42 each,"https://cdn.metcash.media/image/upload/f_auto,c_limit,w_300,q_auto/igashop/images/307130"
Rexona Women Antiperspirant Roll On Invisible Dry Ice Fresh 50mL,$3.50,$7.00/100mL,"https://cdn.metcash.media/image/upload/f_auto,c_limit,w_300,q_auto/igashop/images/848084"
DermaVeen Oatmeal Conditioner 250mL,$10.80,$4.32/100mL,"https://cdn.metcash.media/image/upload/f_auto,c_limit,w_300,q_auto/igashop/images/170000003409"
The Happy Cake Co Cake Bread Banana 550g,$6.10,$1.11/100g,"https://cdn.metcash.media/image/upload/f_auto,c_limit,w_300,q_auto/igashop/images/20000004263"
Jones & Co Dip Tzatziki 180g,$5.50,$3.06/100g,"https://cdn.metcash.media/image/upload/f_auto,c_limit,w_300,q_auto/igashop/images/190000005118"
Coolibah Baby Spinach 100g,$4.00,$4.00/100g,"https://cdn.metcash.media/image/upload/f_auto,c_limit,w_300,q_auto/igashop/images/160000018087"
Aunt Betty's Gooey Caramel Steamy Puds 2 Pack,$4.90,$2.45 each,"https://cdn.metcash.media/image/upload/f_auto,c_limit,w_300,q_auto/igashop/images/160000012154"
Oral-B All Rounder Manual Toothbrush Medium Fresh Clean,$3.10,N/A,"https://cdn.metcash.media/image/upload/f_auto,c_limit,w_300,q_auto/igashop/images/335641"
Cadbury Roses Chocolates 420g,$9.00,$2.14/100g,"https://cdn.metcash.media/image/upload/f_auto,c_limit,w_300,q_auto/igashop/images/180000002033"
Jon Jon Kisses Ginger 200g,$5.50,$2.75/100g,"https://cdn.metcash.media/image/upload/f_auto,c_limit,w_300,q_auto/igashop/images/644998"
Diamond Rice Risotto Chicken 200g,$7.50,$3.75/100g,"https://cdn.metcash.media/image/upload/f_auto,c_limit,w_300,q_auto/igashop/images/20000003900"
Allen's Chocolate Popping Party Incredible Egg 200g,$18.35,$9.18/100g,"https://cdn.metcash.media/image/upload/f_auto,c_limit,w_300,q_auto/igashop/images/352737"
Campbell's Real Chicken Stock 250mL,$1.80,$0.72/100mL,"https://cdn.metcash.media/image/upload/f_auto,c_limit,w_300,q_auto/igashop/images/378725"
Moccona Freeze Dried Instant Coffee Caramel 95g,$14.50,$15.26/100g,"https://cdn.metcash.media/image/upload/f_auto,c_limit,w_300,q_auto/igashop/images/367465"
Bosisto's Lavender Spray 125mL,$13.00,$10.40/100mL,"https://cdn.metcash.media/image/upload/f_auto,c_limit,w_300,q_auto/igashop/images/241559"
Yumi's Original Falafel Balls 225g,$6.50,$2.89/100g,"https://cdn.metcash.media/image/upload/f_auto,c_limit,w_300,q_auto/igashop/images/827287"
Primo Boneless Leg Ham 1kg,$24.05,$24.05/kg,https://www.igashop.com.au/static/default-product-image.png
Stayfree Super Pads with Wings 12 Pack,$6.65,$0.55 each,"https://cdn.metcash.media/image/upload/f_auto,c_limit,w_300,q_auto/igashop/images/695172"
Seasol Garden Seaweed Concentrate 600mL,$10.65,$1.78/100mL,"https://cdn.metcash.media/image/upload/f_auto,c_limit,w_300,q_auto/igashop/images/905580"
Ben's Original Mexican Style Brown Rice 250g,$4.70,$1.88/100g,"https://cdn.metcash.media/image/upload/f_auto,c_limit,w_300,q_auto/igashop/images/381948"
Bega Easy Melt Colby Cheese 250g,$7.50,$3.00/100g,"https://cdn.metcash.media/image/upload/f_auto,c_limit,w_300,q_auto/igashop/images/160000011850"
Your Bakery Double Sponge Chocolate 460g,$6.75,$1.47/100g,"https://cdn.metcash.media/image/upload/f_auto,c_limit,w_300,q_auto/igashop/images/942472"
Nanna's Jam Donut Sweet Bites 300g,$7.50,$2.50/100g,https://www.igashop.com.au/static/default-product-image.png
Well & Good Vanilla Cupcake Mix 400g,$7.95,$1.99/100g,https://www.igashop.com.au/static/default-product-image.png
Cenovis Vitamin C Sugarless 300 Pack,$19.50,$0.06 each,"https://cdn.metcash.media/image/upload/f_auto,c_limit,w_300,q_auto/igashop/images/691186"
Fairy Platinum All In One Lemon Automatic Dishwashing Tablets 41 Pack,$25.00,$0.61 each,"https://cdn.metcash.media/image/upload/f_auto,c_limit,w_300,q_auto/igashop/images/190000002203"
MasterFoods Sauce Spicy Buffalo Wing 500mL,$6.65,$1.33/100mL,"https://cdn.metcash.media/image/upload/f_auto,c_limit,w_300,q_auto/igashop/images/609809"
Nestlé Kit Kat Chocolate Gold Crush 45g,$3.00,$6.67/100g,https://www.igashop.com.au/static/default-product-image.png
Thursday Plantation Lavender Calm & Sleep Roll On 9mL,$22.10,$245.56/100mL,"https://cdn.metcash.media/image/upload/f_auto,c_limit,w_300,q_auto/igashop/images/412388"
Balducci Spaghetti No. 4 500g,$1.75,$0.35/100g,"https://cdn.metcash.media/image/upload/f_auto,c_limit,w_300,q_auto/igashop/images/356998"
Eclipse Chewy Mints Spearmint Tin Spearmint 27g,$2.00,$7.41/100g,"https://cdn.metcash.media/image/upload/f_auto,c_limit,w_300,q_auto/igashop/images/357363"
Bega Stringers Lactose Free Cheese 160g,$7.00,$4.38/100g,"https://cdn.metcash.media/image/upload/f_auto,c_limit,w_300,q_auto/igashop/images/500416"
Huggies Nappy Pants Walker Girl 26 Pack,$13.00,$0.50 each,"https://cdn.metcash.media/image/upload/f_auto,c_limit,w_300,q_auto/igashop/images/759015"
Maybelline Falsies Mascara Waterproof - Very Black 9mL,$21.00,$233.33/100mL,"https://cdn.metcash.media/image/upload/f_auto,c_limit,w_300,q_auto/igashop/images/348665"
Heinz Condensed Creamy Mushroom Soup 420g,$2.85,$0.68/100g,"https://cdn.metcash.media/image/upload/f_auto,c_limit,w_300,q_auto/igashop/images/452977"
Primo Thinly Sliced Hungarian Mild Salami 80g,$3.00,$3.75/100g,"https://cdn.metcash.media/image/upload/f_auto,c_limit,w_300,q_auto/igashop/images/699888"
Purina Total Care Flea Treatment Tasty Allworm Dog Small/Puppy 4 Pack,$12.00,$3.00 each,"https://cdn.metcash.media/image/upload/f_auto,c_limit,w_300,q_auto/igashop/images/935556"
Bird Munchies Sunflower Bell 585g,$6.80,$1.16/100g,"https://cdn.metcash.media/image/upload/f_auto,c_limit,w_300,q_auto/igashop/images/645004"
CSR Caster Sugar 1kg,$3.10,$3.10/kg,"https://cdn.metcash.media/image/upload/f_auto,c_limit,w_300,q_auto/igashop/images/41983"
Elvive Dream Lengths No Haircut Cream 200mL,$14.00,$7.00/100mL,"https://cdn.metcash.media/image/upload/f_auto,c_limit,w_300,q_auto/igashop/images/532586"
Macro Mike The Game Changer Protein Bar Cheesecake Chocchip Peanut 45g,$5.50,$12.22/100g,"https://cdn.metcash.media/image/upload/f_auto,c_limit,w_300,q_auto/igashop/images/190000004655"
Guylian Chocolate Seashells Dark Praline 225g,$14.50,$6.44/100g,https://www.igashop.com.au/static/default-product-image.png
Dairy Farmers Sour Cream 250g,$4.00,$1.60/100g,"https://cdn.metcash.media/image/upload/f_auto,c_limit,w_300,q_auto/igashop/images/160473"
Solo Zero Sugar Lemon & Pineapple Soft Drink 1.25L,$3.50,$2.80/1L,"https://cdn.metcash.media/image/upload/f_auto,c_limit,w_300,q_auto/igashop/images/180000005487"
Vittoria Italian Ground Coffee 500g,$25.00,$5.00/100g,"https://cdn.metcash.media/image/upload/f_auto,c_limit,w_300,q_auto/igashop/images/180000002540"
Hawaiian Tropic Tropic Silk Hydration Sunscreen Lotion SPF 50 180mL,$22.00,$12.22/100mL,"https://cdn.metcash.media/image/upload/f_auto,c_limit,w_300,q_auto/igashop/images/704382"
"EASEaCOLD Cough, Cold & Flu Day/Night 24 Pack",$19.00,$0.79 each,"https://cdn.metcash.media/image/upload/f_auto,c_limit,w_300,q_auto/igashop/images/70055"
San Remo Sundried Tomato & Basil Ravioli 400g,$8.00,$2.00/100g,"https://cdn.metcash.media/image/upload/f_auto,c_limit,w_300,q_auto/igashop/images/702717"
So Good Ice Cream Bliss Vanilla 1L,$8.90,$8.90/1L,"https://cdn.metcash.media/image/upload/f_auto,c_limit,w_300,q_auto/igashop/images/126157"
Doritos Share Pack Mexicana 170g,$2.50,$1.47/100g,"https://cdn.metcash.media/image/upload/f_auto,c_limit,w_300,q_auto/igashop/images/298289"
Uncle Tobys Snacks Golden Rough Snack Bars 145g,$4.00,$2.76/100g,https://www.igashop.com.au/static/default-product-image.png
Aunt Betty Rice Pudding Sticky Date 240g,$4.95,$2.06/100g,https://www.igashop.com.au/static/default-product-image.png
Always Fresh Sundried Tomatoes Strips 220g,$4.00,$1.82/100g,"https://cdn.metcash.media/image/upload/f_auto,c_limit,w_300,q_auto/igashop/images/642140"
Uncle Tobys Cereal Fruity Bites Wildberry 500g,$6.50,$1.30/100g,"https://cdn.metcash.media/image/upload/f_auto,c_limit,w_300,q_auto/igashop/images/5869"
Lipton Iced Tea Sachet Lemon 20 Pack,$8.00,$0.40 each,"https://cdn.metcash.media/image/upload/f_auto,c_limit,w_300,q_auto/igashop/images/464152"
Pascall Cadbury Clinkers Lollies 160g,$7.00,$4.38/100g,"https://cdn.metcash.media/image/upload/f_auto,c_limit,w_300,q_auto/igashop/images/170000001234"
Mclintocks Vanilla Fresh Fridge Wipe & Deodorizer 500mL,$5.70,$1.14/100mL,"https://cdn.metcash.media/image/upload/f_auto,c_limit,w_300,q_auto/igashop/images/41755"
DON Donskis Pork Crackle BBQ 50g,$3.10,$6.20/100g,"https://cdn.metcash.media/image/upload/f_auto,c_limit,w_300,q_auto/igashop/images/514397"
Band-Aid Plaster Strips Extra Wide 40 Pack,$5.00,$0.13 each,"https://cdn.metcash.media/image/upload/f_auto,c_limit,w_300,q_auto/igashop/images/408143"
SodaKING Cylinder,$31.50,N/A,https://www.igashop.com.au/static/default-product-image.png
Fanta Raspberry Soft Drink Bottle 600mL,$4.45,$0.74/100mL,"https://cdn.metcash.media/image/upload/f_auto,c_limit,w_300,q_auto/igashop/images/566470"
SPC Aussie Diced Apricots 4 Pack,$4.70,$1.18 each,"https://cdn.metcash.media/image/upload/f_auto,c_limit,w_300,q_auto/igashop/images/926484"
Nestlé Milo Duo Cereal 340g,$5.50,$1.62/100g,"https://cdn.metcash.media/image/upload/f_auto,c_limit,w_300,q_auto/igashop/images/389462"
Market Hall Thin BBQ Sausages 500g,$5.00,$1.00/100g,"https://cdn.metcash.media/image/upload/f_auto,c_limit,w_300,q_auto/igashop/images/851472"
Colman's Mint Sauce 165g,$4.30,$2.61/100g,"https://cdn.metcash.media/image/upload/f_auto,c_limit,w_300,q_auto/igashop/images/20000000152"
Meggles Eggs Extra Large 700g,$7.50,$1.07/100g,"https://cdn.metcash.media/image/upload/f_auto,c_limit,w_300,q_auto/igashop/images/697878"
Sunbeam Natural Almonds 130g,$6.95,$5.35/100g,"https://cdn.metcash.media/image/upload/f_auto,c_limit,w_300,q_auto/igashop/images/458229"
Kinder Chocolate Maxi T1 21g,$1.20,$5.71/100g,"https://cdn.metcash.media/image/upload/f_auto,c_limit,w_300,q_auto/igashop/images/313233"
Bickford's Cord Raspberry 750mL,$5.00,$0.67/100mL,"https://cdn.metcash.media/image/upload/f_auto,c_limit,w_300,q_auto/igashop/images/321676"
Laucke Crusty White Bread Mix 2.4kg,$10.90,$4.54/kg,"https://cdn.metcash.media/image/upload/f_auto,c_limit,w_300,q_auto/igashop/images/34677"
Taste Of India Butter Chicken Simmer Sauce 425g,$6.00,$1.41/100g,https://www.igashop.com.au/static/default-product-image.png
G-FRESH Meat Tenderiser 200g,$4.13,$2.07/100g,https://www.igashop.com.au/static/default-product-image.png
The Happy Cake Co Banana Bread 5 Pack,$8.20,$1.64 each,"https://cdn.metcash.media/image/upload/f_auto,c_limit,w_300,q_auto/igashop/images/334080"
L'Oreal Men Expert Pure Carbon Shower Gel 400mL,$10.00,$2.50/100mL,https://www.igashop.com.au/static/default-product-image.png
Cadbury Dairy Milk Top Deck Balls 135g,$3.50,$2.59/100g,"https://cdn.metcash.media/image/upload/f_auto,c_limit,w_300,q_auto/igashop/images/156542"
Jack Hammer Snap Hook Carabiner 3 Pack,$7.15,$2.38 each,https://www.igashop.com.au/static/default-product-image.png
Schmackos Barbeque Smokey Bacon Chips 70g,$7.15,$10.21/100g,"https://cdn.metcash.media/image/upload/f_auto,c_limit,w_300,q_auto/igashop/images/674045"
Farmer Jo Paleo Cacao Granola 300g,$14.95,$4.98/100g,"https://cdn.metcash.media/image/upload/f_auto,c_limit,w_300,q_auto/igashop/images/8001"
Mutti Pasta Sauce Rossoro Tomatoes & Parmigiano Reggiano 400g,$5.70,$1.43/100g,"https://cdn.metcash.media/image/upload/f_auto,c_limit,w_300,q_auto/igashop/images/586886"
Purina One Urinary Health Pet Food Adult Tract Chicken Multipack 70g,$11.80,$16.86/100g,"https://cdn.metcash.media/image/upload/f_auto,c_limit,w_300,q_auto/igashop/images/694922"
Starbucks Ready To Drink Frappuccino Coffee 280mL,$4.25,$15.18/1L,https://www.igashop.com.au/static/default-product-image.png
Black & Gold Sparkling Mineral Water 1.25L,$1.10,$0.88/1L,"https://cdn.metcash.media/image/upload/f_auto,c_limit,w_300,q_auto/igashop/images/48723"
Mojo Kombucha Glorious Greens Gut Shot 55mL,$3.55,$6.45/100mL,"https://cdn.metcash.media/image/upload/f_auto,c_limit,w_300,q_auto/igashop/images/20000000500"
Edgell Cannellini Beans 400g,$1.95,$0.49/100g,"https://cdn.metcash.media/image/upload/f_auto,c_limit,w_300,q_auto/igashop/images/392541"
Harmony Wild Bird Sunflower Seed Mix 1.5kg,$7.65,$5.10/kg,"https://cdn.metcash.media/image/upload/f_auto,c_limit,w_300,q_auto/igashop/images/190000005020"
Fantastic Delites Rice Snacks Thai Chilli Lemongrass 100g,$2.80,$2.80/100g,"https://cdn.metcash.media/image/upload/f_auto,c_limit,w_300,q_auto/igashop/images/419725"
Icare Aloe Vera Facial Tissues 95 Pack,$2.25,$0.02 each,"https://cdn.metcash.media/image/upload/f_auto,c_limit,w_300,q_auto/igashop/images/229395"
Enzo's Single Spaghetti Bolognese 350g,$10.95,$3.13/100g,"https://cdn.metcash.media/image/upload/f_auto,c_limit,w_300,q_auto/igashop/images/190000000964"
Barilla Rigatoni Pasta No 89 500g,$3.00,$0.60/100g,"https://cdn.metcash.media/image/upload/f_auto,c_limit,w_300,q_auto/igashop/images/83862"
Raid One Shot Insect Spray Cik Target Kill 300g,$12.00,$4.00/100g,"https://cdn.metcash.media/image/upload/f_auto,c_limit,w_300,q_auto/igashop/images/662572"
Goulburn Valley Orchard Splash Peaches and Pineapple In Pineapple Infused Water 160g 2 Pack,$4.70,$2.35 each,"https://cdn.metcash.media/image/upload/f_auto,c_limit,w_300,q_auto/igashop/images/170000000819"
Piranha Golden Hash Potato Grills Saucy Barbeque 75g,$4.25,$5.67/100g,"https://cdn.metcash.media/image/upload/f_auto,c_limit,w_300,q_auto/igashop/images/9207"
Mainland On The Go Snack Caramelised Onion 110g,$5.00,$4.55/100g,"https://cdn.metcash.media/image/upload/f_auto,c_limit,w_300,q_auto/igashop/images/677250"
Magnum Ice Cream White Chocolate & Cookies 4 Pack,$12.00,$3.00 each,"https://cdn.metcash.media/image/upload/f_auto,c_limit,w_300,q_auto/igashop/images/180000006353"
Oral-B Electric Toothbrush Precision Clean Head 2 Pack,$12.75,$6.38 each,"https://cdn.metcash.media/image/upload/f_auto,c_limit,w_300,q_auto/igashop/images/361032"
Birds Eye Air Baked Southern Blue Whiting 380g,$10.00,$2.63/100g,"https://cdn.metcash.media/image/upload/f_auto,c_limit,w_300,q_auto/igashop/images/180000003510"
Family Farm Full Cream Milk 2L,$3.20,$1.60/1L,"https://cdn.metcash.media/image/upload/f_auto,c_limit,w_300,q_auto/igashop/images/190000004096"
Schwarzkopf Nordic Blonde L1++ Ultimate Lightener,$14.00,N/A,"https://cdn.metcash.media/image/upload/f_auto,c_limit,w_300,q_auto/igashop/images/245587"
Safe 2 Ply Double Length Toilet Rolls 12 Pack,$11.65,$0.97 each,"https://cdn.metcash.media/image/upload/f_auto,c_limit,w_300,q_auto/igashop/images/367813"
Baker's Oven Jam Rollette 250g,$4.50,$1.80/100g,"https://cdn.metcash.media/image/upload/f_auto,c_limit,w_300,q_auto/igashop/images/906528"
Steggles Fresh Chicken Hearts,$4.95,N/A,"https://cdn.metcash.media/image/upload/f_auto,c_limit,w_300,q_auto/igashop/images/639244"
Nerada Organics Camomile Tea Bags 20 Pack,$3.90,$0.20 each,"https://cdn.metcash.media/image/upload/f_auto,c_limit,w_300,q_auto/igashop/images/160000012877"
Colgate Max Fresh Breath Toothpaste with Mini Breath Strips Cool Mint 110g,$4.80,$4.36/100g,"https://cdn.metcash.media/image/upload/f_auto,c_limit,w_300,q_auto/igashop/images/440242"
Sanitarium Smooth Peanut Butter Spread 500g,$4.50,$0.90/100g,"https://cdn.metcash.media/image/upload/f_auto,c_limit,w_300,q_auto/igashop/images/14245"
Scenic Rim 4Real Milk 750mL,$3.50,$0.47/100mL,"https://cdn.metcash.media/image/upload/f_auto,c_limit,w_300,q_auto/igashop/images/190000005148"
Huggies Toddler Boy Jumbo Ultra Dry 72 Pack,$27.00,$0.38 each,"https://cdn.metcash.media/image/upload/f_auto,c_limit,w_300,q_auto/igashop/images/651597"
Reeses Peanut Butter Cup Chocolate Big Cup Lava King Size 79g,$3.50,$4.43/100g,https://www.igashop.com.au/static/default-product-image.png
Bundaberg Traditional Lemonade 4 Pack,$6.30,$1.58 each,"https://cdn.metcash.media/image/upload/f_auto,c_limit,w_300,q_auto/igashop/images/219120"
Cuttaway Creek Jam Strawberry 220g,$8.95,$4.07/100g,https://www.igashop.com.au/static/default-product-image.png
Heinz Spaghetti In Tomato Sauce 300g,$2.90,$0.97/100g,"https://cdn.metcash.media/image/upload/f_auto,c_limit,w_300,q_auto/igashop/images/891202"
NIVEA MEN Deep Extreme Aerosol 250mL,$4.25,$1.70/100mL,"https://cdn.metcash.media/image/upload/f_auto,c_limit,w_300,q_auto/igashop/images/754340"
Mr Basil Mangosteen 290mL,$3.40,$11.72/1L,https://www.igashop.com.au/static/default-product-image.png
CLR Bathroom & Kitchen Cleaner 750mL,$15.95,$2.13/100mL,"https://cdn.metcash.media/image/upload/f_auto,c_limit,w_300,q_auto/igashop/images/641987"
Schwarzkopf Extra Care Blonde Anti-Yellow Toning Purple Shampoo 250mL,$8.00,$3.20/100mL,"https://cdn.metcash.media/image/upload/f_auto,c_limit,w_300,q_auto/igashop/images/160000010167"
Enzo's Chicken Tortellini in Rose Sauce 300g,$10.95,$3.65/100g,"https://cdn.metcash.media/image/upload/f_auto,c_limit,w_300,q_auto/igashop/images/190000000965"
Connoisseur Honeycomb & Australian Honey Ice Cream 4 Pack,$5.50,$1.38 each,"https://cdn.metcash.media/image/upload/f_auto,c_limit,w_300,q_auto/igashop/images/180000004529"
Sunny Queen Free Range XLarge Eggs 6 Pack 6 Pack,$5.95,$0.99 each,"https://cdn.metcash.media/image/upload/f_auto,c_limit,w_300,q_auto/igashop/images/150000007704"
Dermaveen Sensitive Relief Baby Moisturising Lotion Colloidal Oatmeal 250mL,$18.00,$7.20/100mL,https://www.igashop.com.au/static/default-product-image.png
The Natural Confectionery Co. Snakes 260g,$5.00,$1.92/100g,"https://cdn.metcash.media/image/upload/f_auto,c_limit,w_300,q_auto/igashop/images/180000001354"
Bref Ultimate Gel With Anti Stain Technology Liquid Toilet Cleaner 450mL,$5.00,$1.11/100mL,"https://cdn.metcash.media/image/upload/f_auto,c_limit,w_300,q_auto/igashop/images/443737"
Genuine Fleurieu Free Range Eggs XLarge 700g,$10.50,$1.50/100g,"https://cdn.metcash.media/image/upload/f_auto,c_limit,w_300,q_auto/igashop/images/190000005305"
Nestlé Frosty Fruits Tropical 75mL,$3.00,$4.00/100mL,https://www.igashop.com.au/static/default-product-image.png
Piksters Wiggles Toothpaste Softmint 96g,$3.50,$3.65/100g,"https://cdn.metcash.media/image/upload/f_auto,c_limit,w_300,q_auto/igashop/images/192941"
Swisspers Cotton Balls 160 Pack,$4.50,$0.03 each,"https://cdn.metcash.media/image/upload/f_auto,c_limit,w_300,q_auto/igashop/images/304137"
JL King & Co. Singapore Noodles 400g,$10.70,$2.68/100g,"https://cdn.metcash.media/image/upload/f_auto,c_limit,w_300,q_auto/igashop/images/20000003306"
Black & Gold Clothes Pegs Plastic 24 Pack,$2.95,$0.12 each,"https://cdn.metcash.media/image/upload/f_auto,c_limit,w_300,q_auto/igashop/images/242034"
Majans Bhuja Original Mix 150g,$4.50,$3.00/100g,"https://cdn.metcash.media/image/upload/f_auto,c_limit,w_300,q_auto/igashop/images/514266"
L'Oreal Paris Elvive Extraordinary Oils Conditioner 340mL,$10.00,$2.94/100mL,"https://cdn.metcash.media/image/upload/f_auto,c_limit,w_300,q_auto/igashop/images/1800000068764"
Black Swan Crafted Crispy Bacon And Caramelised Onion Dip 170g,$4.20,$2.47/100g,https://www.igashop.com.au/static/default-product-image.png
Connoisseur Ice Cream Cookies & Cream Tub 1L,$13.45,$13.45/1L,"https://cdn.metcash.media/image/upload/f_auto,c_limit,w_300,q_auto/igashop/images/20000003243"
Kinder Bueno White Frozen Dessert Cone 4 Pack,$12.00,$3.00 each,"https://cdn.metcash.media/image/upload/f_auto,c_limit,w_300,q_auto/igashop/images/650538"
DON Famous Football Hot Dogs Skinless 375g,$5.40,$1.44/100g,"https://cdn.metcash.media/image/upload/f_auto,c_limit,w_300,q_auto/igashop/images/179752"
Lotus Biscoff Biscuits Sandwich Biscoff Cream 110g,$2.90,$2.64/100g,"https://cdn.metcash.media/image/upload/f_auto,c_limit,w_300,q_auto/igashop/images/277822"
Red Rock Deli Roasted Tomato Feta Basil & Cashews 135g,$4.50,$3.33/100g,"https://cdn.metcash.media/image/upload/f_auto,c_limit,w_300,q_auto/igashop/images/425043"
Golden Circle Green Peas 410g,$1.75,$0.43/100g,"https://cdn.metcash.media/image/upload/f_auto,c_limit,w_300,q_auto/igashop/images/63320"
Kransky 1kg,Final cost based on weight,$18.00/$18.00,"https://cdn.metcash.media/image/upload/f_auto,c_limit,w_300,q_auto/igashop/images/80072086"
Black & Gold Chocolate Cream Biscuits 140g,$0.95,$0.68/100g,"https://cdn.metcash.media/image/upload/f_auto,c_limit,w_300,q_auto/igashop/images/190000005311"
Tampax Pearl Compak Tampons Regular 18 Pack,$10.00,$0.56 each,"https://cdn.metcash.media/image/upload/f_auto,c_limit,w_300,q_auto/igashop/images/685410"
Gillette Blue3 Disposable Shaving Razor 4 Pack,$7.25,$1.81 each,"https://cdn.metcash.media/image/upload/f_auto,c_limit,w_300,q_auto/igashop/images/29795"
Hahn SuperDry Can 375mL,$10.50,$2.80/100mL,https://www.igashop.com.au/static/default-product-image.png
Pantene Pro-V Smooth & Sleek Shampoo 900mL,$10.00,$1.11/100mL,"https://cdn.metcash.media/image/upload/f_auto,c_limit,w_300,q_auto/igashop/images/343149"
Dairy Farmers Protein Full Cream Milk 2L,$5.30,$2.65/1L,https://www.igashop.com.au/static/default-product-image.png
Banana Boat Sunscreen Kids Roll On SPF50 75mL,$14.00,$18.67/100mL,"https://cdn.metcash.media/image/upload/f_auto,c_limit,w_300,q_auto/igashop/images/377559"
Bulla Murray Street Passionfruit Panna Cotta 4 Pack,$11.00,$2.75 each,"https://cdn.metcash.media/image/upload/f_auto,c_limit,w_300,q_auto/igashop/images/160000018250"
Schweppes Traditional Zero Sugar Pink Lemonade With Natural Strawberry Flavour 1.1L,$1.25,$1.14/1L,"https://cdn.metcash.media/image/upload/f_auto,c_limit,w_300,q_auto/igashop/images/190000007778"
Barossa Fine Foods Turkey Bacon 200g,$9.95,$4.98/100g,"https://cdn.metcash.media/image/upload/f_auto,c_limit,w_300,q_auto/igashop/images/190000005016"
John West Tempers Tuna Mild Indian Curry 95g,$2.90,$3.05/100g,"https://cdn.metcash.media/image/upload/f_auto,c_limit,w_300,q_auto/igashop/images/423834"
Youfoodz Chicken Katsu Curry 330g,$10.95,$3.32/100g,"https://cdn.metcash.media/image/upload/f_auto,c_limit,w_300,q_auto/igashop/images/190000001716_1"
Maximus Game On Lime 1L,$2.80,$2.80/1L,"https://cdn.metcash.media/image/upload/f_auto,c_limit,w_300,q_auto/igashop/images/952529"
John West Salmon Smoked Flavour 95g,$3.50,$3.68/100g,"https://cdn.metcash.media/image/upload/f_auto,c_limit,w_300,q_auto/igashop/images/348351"
Oates Soft Grip Electrostatic Duster,$5.00,N/A,"https://cdn.metcash.media/image/upload/f_auto,c_limit,w_300,q_auto/igashop/images/716596"
Lee Kum Kee Gluten Free Soy Sauce 250mL,$4.30,$1.72/100mL,"https://cdn.metcash.media/image/upload/f_auto,c_limit,w_300,q_auto/igashop/images/35262"
Old El Paso Street Market Soft Taco Kit Al Pastor 257g,$6.50,$2.53/100g,"https://cdn.metcash.media/image/upload/f_auto,c_limit,w_300,q_auto/igashop/images/1800000067757"
Poise Adult Care Liners Light 57 Pack,$10.00,$0.18 each,"https://cdn.metcash.media/image/upload/f_auto,c_limit,w_300,q_auto/igashop/images/1800000068938"
Chum Adult Dog Food Beef & Kidney 1.2kg,$3.60,$3.00/kg,"https://cdn.metcash.media/image/upload/f_auto,c_limit,w_300,q_auto/igashop/images/74596"
Birds Eye Oven Bake Snapper 270g,$12.50,$4.63/100g,"https://cdn.metcash.media/image/upload/f_auto,c_limit,w_300,q_auto/igashop/images/786994"
Drumstick Banana Caramel 4 Pack,$9.50,$2.38 each,"https://cdn.metcash.media/image/upload/f_auto,c_limit,w_300,q_auto/igashop/images/1800000068266"
Black & Gold Corn Kernels 500g,$2.50,$0.50/100g,"https://cdn.metcash.media/image/upload/f_auto,c_limit,w_300,q_auto/igashop/images/134231"
Thins Onion Rings Hot & Spicy 85g,$3.00,$3.53/100g,"https://cdn.metcash.media/image/upload/f_auto,c_limit,w_300,q_auto/igashop/images/522950"
Cornetto Ice Cream Cookie Crumble 105mL,$3.99,$3.80/100mL,"https://cdn.metcash.media/image/upload/f_auto,c_limit,w_300,q_auto/igashop/images/190000004932"
Golden Circle Breakfast Juice 2L,$4.80,$2.40/1L,"https://cdn.metcash.media/image/upload/f_auto,c_limit,w_300,q_auto/igashop/images/959429"
Leggo's Pasta Sauce Carbonara 490g,$4.60,$0.94/100g,"https://cdn.metcash.media/image/upload/f_auto,c_limit,w_300,q_auto/igashop/images/612551"
Ambi Pur Mini Clip Car Air Freshener Sky Breeze 2mL,$6.00,$300.00/100mL,"https://cdn.metcash.media/image/upload/f_auto,c_limit,w_300,q_auto/igashop/images/390793"
A2 Light Milk 1L,$3.90,$3.90/1L,"https://cdn.metcash.media/image/upload/f_auto,c_limit,w_300,q_auto/igashop/images/882703"
Fluffy Divine Blends Concentrated Fabric Softener Conditioner Warm Vanilla & Creamy Coconut 900mL,$8.50,$0.94/100mL,"https://cdn.metcash.media/image/upload/f_auto,c_limit,w_300,q_auto/igashop/images/87002"
Great Temptations Chocolate Chip Muffin 120g,$3.20,$2.67/100g,https://www.igashop.com.au/static/default-product-image.png
San Remo Pasta Sauce Bolognaise Chunky 425g,$6.30,$1.48/100g,"https://cdn.metcash.media/image/upload/f_auto,c_limit,w_300,q_auto/igashop/images/313864"
Trident Coconut Milk 400mL,$2.80,$0.70/100mL,"https://cdn.metcash.media/image/upload/f_auto,c_limit,w_300,q_auto/igashop/images/372596"
Aveeno Fragrance Free Skin Relief 354mL,$19.00,$5.37/100mL,"https://cdn.metcash.media/image/upload/f_auto,c_limit,w_300,q_auto/igashop/images/471963"
Cadbury Dairy Milk Salted Caramel Easter Egg Bag 114g,$4.50,$3.95/100g,"https://cdn.metcash.media/image/upload/f_auto,c_limit,w_300,q_auto/igashop/images/898623"
Feel Good Food Original Salsa Mild 300g,$5.95,$1.98/100g,"https://cdn.metcash.media/image/upload/f_auto,c_limit,w_300,q_auto/igashop/images/180000000434"
Your Bakery Caramel Slice 6 Pack,$7.45,$1.24 each,"https://cdn.metcash.media/image/upload/f_auto,c_limit,w_300,q_auto/igashop/images/606225"
Raw C Coconut Water Can 325mL,$2.50,$0.77/100mL,"https://cdn.metcash.media/image/upload/f_auto,c_limit,w_300,q_auto/igashop/images/190000005145"
Mirabella LED Filament Round Globe 2W BC Warm White,$7.25,N/A,"https://cdn.metcash.media/image/upload/f_auto,c_limit,w_300,q_auto/igashop/images/769471"
Honest Sea Seaweed Teriyaki 6 Pack,$12.00,$2.00 each,"https://cdn.metcash.media/image/upload/f_auto,c_limit,w_300,q_auto/igashop/images/190000005067"
Radox Body Wash Feel Energised 1L,$7.50,$7.50/1L,"https://cdn.metcash.media/image/upload/f_auto,c_limit,w_300,q_auto/igashop/images/395256"
Bakery Du Jour Croissants 100% Butter 900g,$15.60,$1.73/100g,https://www.igashop.com.au/static/default-product-image.png
Sanitarium Up & Go Protein Energize Iced Coffee 6 Pack,$14.00,$2.33 each,"https://cdn.metcash.media/image/upload/f_auto,c_limit,w_300,q_auto/igashop/images/380531"
Old El Paso Mexican Mild Enchilada Sauce 375g,$6.00,$1.60/100g,"https://cdn.metcash.media/image/upload/f_auto,c_limit,w_300,q_auto/igashop/images/677750"
Impressed Jack Rose 325mL,$3.60,$1.11/100mL,"https://cdn.metcash.media/image/upload/f_auto,c_limit,w_300,q_auto/igashop/images/4844"
Laucke Pizza & Focaccia Dough Mix 1kg,$6.80,$6.80/kg,"https://cdn.metcash.media/image/upload/f_auto,c_limit,w_300,q_auto/igashop/images/190000003127"
Red Rock Deli Potato Chips Multipack Sweet Chilli & Sour Cream 5 Pack,$4.50,$0.90 each,"https://cdn.metcash.media/image/upload/f_auto,c_limit,w_300,q_auto/igashop/images/946154"
Fresh Fare Traditional Pate 125g,$5.99,$4.79/100g,"https://cdn.metcash.media/image/upload/f_auto,c_limit,w_300,q_auto/igashop/images/20000002723"
Ocean Blue Rainbow Trout Natural 100g,$7.49,$7.49/100g,"https://cdn.metcash.media/image/upload/f_auto,c_limit,w_300,q_auto/igashop/images/1800000070907"
D'Orsogna Virgin Leg Ham Sliced 400g,$7.70,$1.93/100g,"https://cdn.metcash.media/image/upload/f_auto,c_limit,w_300,q_auto/igashop/images/295825"
Alter Eco Deepest Dark Super Blackout Chocolate 80g,$7.50,$9.38/100g,"https://cdn.metcash.media/image/upload/f_auto,c_limit,w_300,q_auto/igashop/images/160000012008"
Lolly Gobble Popcorn Bag Caramel Nut 175g,$2.70,$1.54/100g,"https://cdn.metcash.media/image/upload/f_auto,c_limit,w_300,q_auto/igashop/images/371663"
Community Co Organic Beef Diced 400g,$14.00,$3.50/100g,"https://cdn.metcash.media/image/upload/f_auto,c_limit,w_300,q_auto/igashop/images/180000002048"
Red Tractor Organic Cacao Powder 300g,$17.00,$5.67/100g,"https://cdn.metcash.media/image/upload/f_auto,c_limit,w_300,q_auto/igashop/images/160000013271"
Cadbury Dairy Milk Bubbly Mint 160g,$4.00,$2.50/100g,"https://cdn.metcash.media/image/upload/f_auto,c_limit,w_300,q_auto/igashop/images/170000001296"
SunRice Jasmine Fragrant Rice 2kg,$6.50,$3.25/kg,"https://cdn.metcash.media/image/upload/f_auto,c_limit,w_300,q_auto/igashop/images/595898"
Streets Paddle Pop Rainbow 8 Pack,$9.00,$1.13 each,"https://cdn.metcash.media/image/upload/f_auto,c_limit,w_300,q_auto/igashop/images/890484"
Nando's Peri-Peri Salt 50g,$4.60,$9.20/100g,"https://cdn.metcash.media/image/upload/f_auto,c_limit,w_300,q_auto/igashop/images/467388"
Patties Party Pasties Traditional 12 Pack,$7.70,$0.64 each,"https://cdn.metcash.media/image/upload/f_auto,c_limit,w_300,q_auto/igashop/images/115994"
Nexba Mixed Berry Sugar-free Kombucha 4 Pack,$8.95,$2.24 each,"https://cdn.metcash.media/image/upload/f_auto,c_limit,w_300,q_auto/igashop/images/603604"
Mission Wraps Lite 8 Pack,$5.50,$0.69 each,"https://cdn.metcash.media/image/upload/f_auto,c_limit,w_300,q_auto/igashop/images/708815"
Mr Basil Fruit Cocktail 290mL,$3.40,$11.72/1L,https://www.igashop.com.au/static/default-product-image.png
Nestlé Kit Kat Confectionery Kabin Chocolates 949g,$10.00,$1.05/100g,"https://cdn.metcash.media/image/upload/f_auto,c_limit,w_300,q_auto/igashop/images/180000005824"
Twinings Camomile Tea Bags 40 Pack,$8.50,$0.21 each,"https://cdn.metcash.media/image/upload/f_auto,c_limit,w_300,q_auto/igashop/images/344784"
Roundup Garden Weed Killer Concentrate 280mL,$23.85,$8.52/100mL,"https://cdn.metcash.media/image/upload/f_auto,c_limit,w_300,q_auto/igashop/images/267673"
DON Strasburg Knob 500g,$7.45,$1.49/100g,"https://cdn.metcash.media/image/upload/f_auto,c_limit,w_300,q_auto/igashop/images/141034"
Strawberry Punnet,$4.95,N/A,"https://cdn.metcash.media/image/upload/f_auto,c_limit,w_300,q_auto/igashop/images/80050030"
Gatorade Lemon Lime Sports Drink 600mL,$2.10,$0.35/100mL,"https://cdn.metcash.media/image/upload/f_auto,c_limit,w_300,q_auto/igashop/images/658099"
Black & Gold Chopped Tomatoes 400g,$0.95,$0.24/100g,"https://cdn.metcash.media/image/upload/f_auto,c_limit,w_300,q_auto/igashop/images/400276"
Community Co Gluten Free Sliced Loaf Fruit 585g,$7.65,$1.31/100g,"https://cdn.metcash.media/image/upload/f_auto,c_limit,w_300,q_auto/igashop/images/439958"
Pine O Cleen Surface Wipes 120 Pack,$12.00,$0.10 each,"https://cdn.metcash.media/image/upload/f_auto,c_limit,w_300,q_auto/igashop/images/767327"
"DermaVeen Oatmeal Shampoo for Dry, Flaky or Sensitive Scalps 250mL",$10.80,$4.32/100mL,"https://cdn.metcash.media/image/upload/f_auto,c_limit,w_300,q_auto/igashop/images/170000003431"
Arnott's Shapes Savoury 185g,$3.00,$1.62/100g,"https://cdn.metcash.media/image/upload/f_auto,c_limit,w_300,q_auto/igashop/images/305188"
Lean Cuisine Tuscan Style With Kale & Pepitas 350g,$7.90,$2.26/100g,https://www.igashop.com.au/static/default-product-image.png
My Muscle Chef Protein Shake Vanilla 375mL,$5.95,$1.59/100mL,"https://cdn.metcash.media/image/upload/f_auto,c_limit,w_300,q_auto/igashop/images/679919"
Cleaver's Organic Lamb Mince 500g,$13.50,$2.70/100g,"https://cdn.metcash.media/image/upload/f_auto,c_limit,w_300,q_auto/igashop/images/643078"
Deep Heat Extra Strength 100g,$7.60,$7.60/100g,https://www.igashop.com.au/static/default-product-image.png
LA Ice Cola Bottle 2L,$2.30,$1.15/1L,"https://cdn.metcash.media/image/upload/f_auto,c_limit,w_300,q_auto/igashop/images/386456"
Colgate Toothpaste Total Plaq Rel Rev Coolmint Grm X 95g,$10.00,$10.53/100g,"https://cdn.metcash.media/image/upload/f_auto,c_limit,w_300,q_auto/igashop/images/189561"
Macros Chicken Pesto Pasta 300g,$12.00,$4.00/100g,https://www.igashop.com.au/static/default-product-image.png
Mortein Powergard Cockroach Baits 12 Pack,$8.75,$0.73 each,"https://cdn.metcash.media/image/upload/f_auto,c_limit,w_300,q_auto/igashop/images/917707"
Lotus Biscoff Biscuits Sandwich Chocolate Cream 110g,$2.90,$2.64/100g,"https://cdn.metcash.media/image/upload/f_auto,c_limit,w_300,q_auto/igashop/images/278276"
Cadbury Marshmallow Santa 175g,$2.00,$1.14/100g,"https://cdn.metcash.media/image/upload/f_auto,c_limit,w_300,q_auto/igashop/images/339988"
Chobani Fit Greek Yogurt Raspberry Pouch 150g,$3.00,$2.00/100g,"https://cdn.metcash.media/image/upload/f_auto,c_limit,w_300,q_auto/igashop/images/1800000068916"
My Berries Frozen Strawberries 350g,$9.95,$2.84/100g,"https://cdn.metcash.media/image/upload/f_auto,c_limit,w_300,q_auto/igashop/images/20000005320"
Abbott's Bakery Gluten Free Mixed Seeds Bread 500g,$7.90,$1.58/100g,"https://cdn.metcash.media/image/upload/f_auto,c_limit,w_300,q_auto/igashop/images/670101"
Big Lolly Licorice Allsorts 160g,$2.30,$1.44/100g,"https://cdn.metcash.media/image/upload/f_auto,c_limit,w_300,q_auto/igashop/images/20000003206"
Crest Power Adapter USB & Surge Protection,$27.50,N/A,"https://cdn.metcash.media/image/upload/f_auto,c_limit,w_300,q_auto/igashop/images/899687"
Beerenberg Ranch Dressing 300mL,$6.85,$2.28/100mL,"https://cdn.metcash.media/image/upload/f_auto,c_limit,w_300,q_auto/igashop/images/876281"
Arnott's Gluten Free Scotch Finger Biscuits 170g,$4.50,$2.65/100g,"https://cdn.metcash.media/image/upload/f_auto,c_limit,w_300,q_auto/igashop/images/190000003460"
Frantelle Sparkling Water Lime & Lemon 10 Pack,$13.55,$1.36 each,"https://cdn.metcash.media/image/upload/f_auto,c_limit,w_300,q_auto/igashop/images/483724"
McCain Fettuccine Carbonara 375g,$4.50,$1.20/100g,"https://cdn.metcash.media/image/upload/f_auto,c_limit,w_300,q_auto/igashop/images/167399"
Carefree Barely There Unscented Panty Liners 42 Pack,$5.50,$0.13 each,"https://cdn.metcash.media/image/upload/f_auto,c_limit,w_300,q_auto/igashop/images/821090"
Ecostore Top and Front Loader Unscented Washing Powder 1kg,$9.10,$9.10/kg,"https://cdn.metcash.media/image/upload/f_auto,c_limit,w_300,q_auto/igashop/images/892554"
Wicked Sister High Protein Coffee Pudding 170g,$2.70,$1.59/100g,https://www.igashop.com.au/static/default-product-image.png
Edgell Beetroot Slices 225g,$2.00,$0.89/100g,"https://cdn.metcash.media/image/upload/f_auto,c_limit,w_300,q_auto/igashop/images/49606"
The Standard Meat Co Chinese Style Cha Siu Pork 400g,$12.35,$3.09/100g,"https://cdn.metcash.media/image/upload/f_auto,c_limit,w_300,q_auto/igashop/images/888356"
Jen's Traditional Biscuits Melting Moments 300g,$10.50,$3.50/100g,"https://cdn.metcash.media/image/upload/f_auto,c_limit,w_300,q_auto/igashop/images/190000004885"
Bega Light Peanut Spread Crunchy 470g,$6.90,$1.47/100g,"https://cdn.metcash.media/image/upload/f_auto,c_limit,w_300,q_auto/igashop/images/885625"
Whittaker's Block Creamy White Chocolate 28% Cocoa White 250g,$9.00,$3.60/100g,"https://cdn.metcash.media/image/upload/f_auto,c_limit,w_300,q_auto/igashop/images/578095"
The Pet Hub - Pet Bowl Stainless Steel Non Slip Large,$11.55,N/A,https://www.igashop.com.au/static/default-product-image.png
Chum with Three Kinds of Meat 1.2kg,$3.60,$3.00/kg,"https://cdn.metcash.media/image/upload/f_auto,c_limit,w_300,q_auto/igashop/images/373877"
TRESemmé Pro Pure Damage Protect Conditioner 675mL,$13.00,$1.93/100mL,"https://cdn.metcash.media/image/upload/f_auto,c_limit,w_300,q_auto/igashop/images/160000010308"
In A Biskit Drumstix Multipack 168g,$5.00,$2.98/100g,"https://cdn.metcash.media/image/upload/f_auto,c_limit,w_300,q_auto/igashop/images/181741"
Piksters Wiggles Sonic Soft Toothbrush,$13.00,N/A,"https://cdn.metcash.media/image/upload/f_auto,c_limit,w_300,q_auto/igashop/images/192933"
MasterFoods Garlic Salt 70g,$3.50,$5.00/100g,"https://cdn.metcash.media/image/upload/f_auto,c_limit,w_300,q_auto/igashop/images/363822"
McCain Rustica Pizza Thin & Crispy Australian Angus Beef 370g,$6.60,$1.78/100g,"https://cdn.metcash.media/image/upload/f_auto,c_limit,w_300,q_auto/igashop/images/288103"
Basil 50g,$4.00,$8.00/100g,https://www.igashop.com.au/static/default-product-image.png
QBA Sourdough White Cobb 450g,$4.99,$1.11/100g,"https://cdn.metcash.media/image/upload/f_auto,c_limit,w_300,q_auto/igashop/images/669752"
White King Toilet Gel Eucalyptus 700mL,$3.95,$0.56/100mL,"https://cdn.metcash.media/image/upload/f_auto,c_limit,w_300,q_auto/igashop/images/452951"
Starbucks Capsules Caffe Latte 12 Pack,$11.00,$0.92 each,"https://cdn.metcash.media/image/upload/f_auto,c_limit,w_300,q_auto/igashop/images/160000013901"
Harvest Beef Braised Steak & Onion 425g,$5.00,$1.18/100g,"https://cdn.metcash.media/image/upload/f_auto,c_limit,w_300,q_auto/igashop/images/30568"
Carman's Nut Bars Almond Hazelnut Vanilla 10 Pack,$11.50,$1.15 each,"https://cdn.metcash.media/image/upload/f_auto,c_limit,w_300,q_auto/igashop/images/1800000069047"
Two Boys Brew Elderflower & Rose Kombucha 750mL,$5.95,$0.79/100mL,"https://cdn.metcash.media/image/upload/f_auto,c_limit,w_300,q_auto/igashop/images/1800000070074"
Korbond Sparklers,$2.45,N/A,"https://cdn.metcash.media/image/upload/f_auto,c_limit,w_300,q_auto/igashop/images/266596"
Community Co Pork Belly Bites 500g,$15.00,$3.00/100g,"https://cdn.metcash.media/image/upload/f_auto,c_limit,w_300,q_auto/igashop/images/573883"
NIVEA Rich Moisture Creme Soft with Almond Oil Body Wash 1L,$17.00,$17.00/1L,"https://cdn.metcash.media/image/upload/f_auto,c_limit,w_300,q_auto/igashop/images/190000009990"
Korbond Whiz Pop Bang Straight Sparkler 24 Pack,$3.00,$0.13 each,"https://cdn.metcash.media/image/upload/f_auto,c_limit,w_300,q_auto/igashop/images/249939"
Simply Clean Laundry Stain Remover & Soaker Fragrance Free 1kg,$12.50,$12.50/kg,"https://cdn.metcash.media/image/upload/f_auto,c_limit,w_300,q_auto/igashop/images/150000008108"
Kirks Sugar Free Pasito Passionfruit 1.25L,$2.85,$2.28/1L,"https://cdn.metcash.media/image/upload/f_auto,c_limit,w_300,q_auto/igashop/images/9300624034681_1"
Goli Nutrition Apple Cider Vinegar Gummies 60 Pack,$32.50,$0.54 each,"https://cdn.metcash.media/image/upload/f_auto,c_limit,w_300,q_auto/igashop/images/160000013518"
Baker's Oven Rollette Chocolate 250g,$4.50,$1.80/100g,"https://cdn.metcash.media/image/upload/f_auto,c_limit,w_300,q_auto/igashop/images/906549"
Huggies Ultra Dry Nappies Boys Size 6 (16kg+) 30 Pack,$22.00,$0.73 each,"https://cdn.metcash.media/image/upload/f_auto,c_limit,w_300,q_auto/igashop/images/85369"
Black & Gold Moisture Damp Absorber,$5.00,N/A,"https://cdn.metcash.media/image/upload/f_auto,c_limit,w_300,q_auto/igashop/images/550"
Baked Provisions Ham & Cheese Quiche 300g,$8.50,$2.83/100g,"https://cdn.metcash.media/image/upload/f_auto,c_limit,w_300,q_auto/igashop/images/305138"
Ben's Original Egg Fried Microwave Rice Pouch 250g,$2.00,$0.80/100g,"https://cdn.metcash.media/image/upload/f_auto,c_limit,w_300,q_auto/igashop/images/190000005253"
Masterfoods Recipe Base Spicy Chilli Con Carne 160g,$2.70,$1.69/100g,"https://cdn.metcash.media/image/upload/f_auto,c_limit,w_300,q_auto/igashop/images/1800000067692"
Brookfarm Toasted Muesli Macadamia Cranberries 1.3kg,$30.95,$23.81/kg,"https://cdn.metcash.media/image/upload/f_auto,c_limit,w_300,q_auto/igashop/images/150000007714"
Unibic Anzac Biscuit 300g,$4.50,$1.50/100g,"https://cdn.metcash.media/image/upload/f_auto,c_limit,w_300,q_auto/igashop/images/20000003439"
Madura Premium Blend Tea Bags 50 Pack,$5.90,$0.12 each,"https://cdn.metcash.media/image/upload/f_auto,c_limit,w_300,q_auto/igashop/images/89525"
Chang's Wok Ready Noodles Gluten Free 200g,$2.70,$1.35/100g,"https://cdn.metcash.media/image/upload/f_auto,c_limit,w_300,q_auto/igashop/images/96501"
Nestlé NAN Supremepro 3 Premium Toddler Milk Drink Powder 800g,$30.00,$3.75/100g,"https://cdn.metcash.media/image/upload/f_auto,c_limit,w_300,q_auto/igashop/images/250383"
Korbond Nye Party Kit 26 Pack,$15.00,$0.58 each,https://www.igashop.com.au/static/default-product-image.png
Powerade ION4 Lemon Lime Sports Drink Sipper Cap 600mL,$2.70,$0.45/100mL,"https://cdn.metcash.media/image/upload/f_auto,c_limit,w_300,q_auto/igashop/images/477338_1"
Bluebird Originals Chicken Chips 150g,$4.80,$3.20/100g,"https://cdn.metcash.media/image/upload/f_auto,c_limit,w_300,q_auto/igashop/images/20000003742"
Global Organics Coconut Cream 400g,$4.00,$1.00/100g,"https://cdn.metcash.media/image/upload/f_auto,c_limit,w_300,q_auto/igashop/images/20000000688"
Garofalo #63 Fusilli Pasta 500g,$4.20,$0.84/100g,"https://cdn.metcash.media/image/upload/f_auto,c_limit,w_300,q_auto/igashop/images/160000013915"
Nice Rice Jasmine Chicken Style 250g,$4.00,$1.60/100g,https://www.igashop.com.au/static/default-product-image.png
Black & Gold Tasty Cheese Block 1kg,$9.30,$9.30/kg,"https://cdn.metcash.media/image/upload/f_auto,c_limit,w_300,q_auto/igashop/images/143997"
Head & Shoulders Smooth & Silky Anti Dandruff Shampoo for Smooth & Silky Hair 400mL,$12.00,$3.00/100mL,"https://cdn.metcash.media/image/upload/f_auto,c_limit,w_300,q_auto/igashop/images/160000011006"
The Australian Wednesday,$4.50,N/A,https://www.igashop.com.au/static/default-product-image.png
Maesri Paste Red Curry 114g,$3.30,$2.89/100g,"https://cdn.metcash.media/image/upload/f_auto,c_limit,w_300,q_auto/igashop/images/20000005285"
Coca-Cola Zero Sugar Soft Drink Multipack Bottles 12 Pack,$12.00,$1.00 each,"https://cdn.metcash.media/image/upload/f_auto,c_limit,w_300,q_auto/igashop/images/180000000437"
"John West Tuna Protein+ Vitamin E Tuna Bowls with Brown & Red Rice, Lime, Lemongrass & Chickpeas 170g",$3.80,$2.24/100g,"https://cdn.metcash.media/image/upload/f_auto,c_limit,w_300,q_auto/igashop/images/190000002310"
Palmolive Antibacterial Liquid Hand Wash Soap Odour Neutralising 250mL,$2.50,$1.00/100mL,"https://cdn.metcash.media/image/upload/f_auto,c_limit,w_300,q_auto/igashop/images/5110"
Lynx Black Deodorant Bodyspray 165mL,$4.00,$2.42/100mL,"https://cdn.metcash.media/image/upload/f_auto,c_limit,w_300,q_auto/igashop/images/747788"
Praise Mayonnaise Whole Egg Light Less Sugar Squeeze 470g,$8.00,$1.70/100g,"https://cdn.metcash.media/image/upload/f_auto,c_limit,w_300,q_auto/igashop/images/741148"
Huggies Ultimate Nappies for Boys & Girls Size 4 (10-15kg) 58 Pack,$39.00,$0.67 each,"https://cdn.metcash.media/image/upload/f_auto,c_limit,w_300,q_auto/igashop/images/928253"
Tostitos Mild Cheddar 175g,$2.99,$1.71/100g,"https://cdn.metcash.media/image/upload/f_auto,c_limit,w_300,q_auto/igashop/images/193146"
Darrell Lea Nougat Egg Milk Chocolate 150g,$13.00,$8.67/100g,https://www.igashop.com.au/static/default-product-image.png
Off! Kids Insect Repellant Pump Spray 175mL,$11.00,$6.29/100mL,"https://cdn.metcash.media/image/upload/f_auto,c_limit,w_300,q_auto/igashop/images/784329"
Sistema Klip It + Juice Jug 2 Pack,$6.50,$3.25 each,"https://cdn.metcash.media/image/upload/f_auto,c_limit,w_300,q_auto/igashop/images/897708"
Continental Cup A Pasta Macc & Cheese Jalapeno 53g,$2.00,$3.77/100g,"https://cdn.metcash.media/image/upload/f_auto,c_limit,w_300,q_auto/igashop/images/180000006351"
Salami Thin Sliced Mild 1kg,Final cost based on weight,$38.00/$38.00,"https://cdn.metcash.media/image/upload/f_auto,c_limit,w_300,q_auto/igashop/images/80072024"
L'OR Espresso Lungo Profondo Coffee Capsules 10 Pack,$5.30,$0.53 each,"https://cdn.metcash.media/image/upload/f_auto,c_limit,w_300,q_auto/igashop/images/807818"
Coco Earth Butter Chicken With Basmati Rice 400g,$5.50,$1.38/100g,"https://cdn.metcash.media/image/upload/f_auto,c_limit,w_300,q_auto/igashop/images/1800000067461"
Laucke Bread Mix Rye 500g,$3.60,$0.72/100g,https://www.igashop.com.au/static/default-product-image.png
Kellogg's Crunchy Nut Peanut Snack Bars 6 Pack,$6.20,$1.03 each,"https://cdn.metcash.media/image/upload/f_auto,c_limit,w_300,q_auto/igashop/images/352693"
Vego Whole Hazelnut Chocolate Bar Mini 65g,$5.70,$8.77/100g,"https://cdn.metcash.media/image/upload/f_auto,c_limit,w_300,q_auto/igashop/images/190000002117"
Redberry Soap Case,$1.70,N/A,"https://cdn.metcash.media/image/upload/f_auto,c_limit,w_300,q_auto/igashop/images/247796"
Uncle Tobys Roll-Ups Strawberry Fun Prints 6 Pack,$2.75,$0.46 each,"https://cdn.metcash.media/image/upload/f_auto,c_limit,w_300,q_auto/igashop/images/417435"
Ben's Original Rice Indonesian Style Nasi Goreng 250g,$2.00,$0.80/100g,https://www.igashop.com.au/static/default-product-image.png
Maybelline Master Liner 24hr Cream Eyeliner Pencil Black 3.5g,$12.00,$342.86/100g,"https://cdn.metcash.media/image/upload/f_auto,c_limit,w_300,q_auto/igashop/images/355353"
Capi Sparking Mineral Water 500mL,$3.65,$7.30/1L,"https://cdn.metcash.media/image/upload/f_auto,c_limit,w_300,q_auto/igashop/images/671429"
Chef's Choice Organic Golden Flaxseed 500g,$7.50,$1.50/100g,"https://cdn.metcash.media/image/upload/f_auto,c_limit,w_300,q_auto/igashop/images/6648"
My Muscle Chef Protein Crisp Bar Rocky Road 50g,$5.50,$11.00/100g,"https://cdn.metcash.media/image/upload/f_auto,c_limit,w_300,q_auto/igashop/images/180000002765"
Bellamy's Organic Step 2 Follow-On Formula 6-12 Months 800g,$33.00,$4.13/100g,https://www.igashop.com.au/static/default-product-image.png
Huggies Baby Wipes Fragrance Free 80 Pack,$5.00,$0.06 each,"https://cdn.metcash.media/image/upload/f_auto,c_limit,w_300,q_auto/igashop/images/61802"
Earth Choice Top & Front Loader 1L,$3.20,$3.20/1L,"https://cdn.metcash.media/image/upload/f_auto,c_limit,w_300,q_auto/igashop/images/498009"
Grove Juice Peach Mango Apple Strawberry 1.5L,$7.95,$5.30/1L,"https://cdn.metcash.media/image/upload/f_auto,c_limit,w_300,q_auto/igashop/images/161097"
Cottees Squeezy Chocolate Topping 615g,$4.20,$0.68/100g,"https://cdn.metcash.media/image/upload/f_auto,c_limit,w_300,q_auto/igashop/images/50128"
Nescafe Coffee Cappuccino Less Sweet Multipack 125g,$8.00,$6.40/100g,"https://cdn.metcash.media/image/upload/f_auto,c_limit,w_300,q_auto/igashop/images/180000002359"
Pepsi Max Soda Shop Raspberry Soft Drink 1.25L,$3.50,$2.80/1L,"https://cdn.metcash.media/image/upload/f_auto,c_limit,w_300,q_auto/igashop/images/180000005250"
Black & Gold Cup Cones 30 Pack,$3.50,$0.12 each,"https://cdn.metcash.media/image/upload/f_auto,c_limit,w_300,q_auto/igashop/images/180000005065"
Lemons 150g,Final cost based on weight,$1.58/$10.50,"https://cdn.metcash.media/image/upload/f_auto,c_limit,w_300,q_auto/igashop/images/80060043"
Red Rock Deli Sweet Chilli & Sour Cream Potato Chips 45g,$2.65,$5.89/100g,"https://cdn.metcash.media/image/upload/f_auto,c_limit,w_300,q_auto/igashop/images/842567"
Vanish NapiSan Gold Pro Oxi Action Crystal White Stain Remover Powder 1kg,$20.00,$20.00/kg,"https://cdn.metcash.media/image/upload/f_auto,c_limit,w_300,q_auto/igashop/images/636403"
Masterfoods Sauce Zesty Lemon And Herb 250mL,$4.80,$1.92/100mL,"https://cdn.metcash.media/image/upload/f_auto,c_limit,w_300,q_auto/igashop/images/180000004958"
Tasmanian Heritage Vintage Cheddar 140g,$6.50,$4.64/100g,"https://cdn.metcash.media/image/upload/f_auto,c_limit,w_300,q_auto/igashop/images/292254"
Health Attack Crispyfruits Apple 10g,$2.70,$27.00/100g,"https://cdn.metcash.media/image/upload/f_auto,c_limit,w_300,q_auto/igashop/images/190000005029"
Tropical Fields Crispy Coconut Roll 140g,$4.75,$3.39/100g,"https://cdn.metcash.media/image/upload/f_auto,c_limit,w_300,q_auto/igashop/images/20000005734"
L'Oréal Paris Excellence Crème 6.1 Light Ash Brown Hair Colour,$20.00,N/A,"https://cdn.metcash.media/image/upload/f_auto,c_limit,w_300,q_auto/igashop/images/190000000537"
Country Delight Cake Choc Banana 500g,$8.30,$1.66/100g,https://www.igashop.com.au/static/default-product-image.png
Ravin Detachables Chicken Salt & Italian Herbs Rice Crackers 100g,$3.00,$3.00/100g,"https://cdn.metcash.media/image/upload/f_auto,c_limit,w_300,q_auto/igashop/images/20000005117"
Comfort Limited Edition Fabric Conditioner 900mL,$10.00,$1.11/100mL,"https://cdn.metcash.media/image/upload/f_auto,c_limit,w_300,q_auto/igashop/images/20000004988"
Nutralise Alkaline Water 1L,$5.00,$5.00/1L,https://www.igashop.com.au/static/default-product-image.png
Farmer Jo Paleo Original Granola 300g,$16.50,$5.50/100g,"https://cdn.metcash.media/image/upload/f_auto,c_limit,w_300,q_auto/igashop/images/8000"
Ridiculously Delicious Peanut Butter Smooth 375g,$9.75,$2.60/100g,"https://cdn.metcash.media/image/upload/f_auto,c_limit,w_300,q_auto/igashop/images/5188"
Simson's Pantry Wraps Low Carb High Protein + Fibre 420g,$6.50,$1.55/100g,"https://cdn.metcash.media/image/upload/f_auto,c_limit,w_300,q_auto/igashop/images/440687"
Lindt Easter Gold Bunny Perforated Milk Chocolate 5 Pack,$8.40,$1.68 each,"https://cdn.metcash.media/image/upload/f_auto,c_limit,w_300,q_auto/igashop/images/922503"
Natures Organics Spa Vanilla Berry Shower Milk With Shea Butter 400mL,$2.60,$0.65/100mL,"https://cdn.metcash.media/image/upload/f_auto,c_limit,w_300,q_auto/igashop/images/51899"
Only Organic Chicken Bolognese 170g,$2.90,$1.71/100g,"https://cdn.metcash.media/image/upload/f_auto,c_limit,w_300,q_auto/igashop/images/936997"
Polident Denture Whitening Cleanser 36 Pack,$6.75,$0.19 each,"https://cdn.metcash.media/image/upload/f_auto,c_limit,w_300,q_auto/igashop/images/314069"
Edgell Four Bean Mix 400g,$1.95,$0.49/100g,"https://cdn.metcash.media/image/upload/f_auto,c_limit,w_300,q_auto/igashop/images/749413"
Life Savers Fruit Pastilles 180g,$2.50,$1.39/100g,"https://cdn.metcash.media/image/upload/f_auto,c_limit,w_300,q_auto/igashop/images/497935"
Ayam Coconut Cream 270mL,$4.00,$1.48/100mL,"https://cdn.metcash.media/image/upload/f_auto,c_limit,w_300,q_auto/igashop/images/497029"
Sauza Tequila Hornitos 700mL Bottle 700mL,$11.40,$1.63/100mL,https://www.igashop.com.au/static/default-product-image.png
Edgell Baby Peas 420g,$2.60,$0.62/100g,"https://cdn.metcash.media/image/upload/f_auto,c_limit,w_300,q_auto/igashop/images/431227"
Yumi's Green Olive Dip 200g,$4.50,$2.25/100g,"https://cdn.metcash.media/image/upload/f_auto,c_limit,w_300,q_auto/igashop/images/180000000238"
"OB Finest 3 Seed Crisps Pumpkin, Sesame & Flax 110g",$6.50,$5.91/100g,"https://cdn.metcash.media/image/upload/f_auto,c_limit,w_300,q_auto/igashop/images/752026"
Obela Caramelised Onion Garnished Hommus 220g,$4.90,$2.23/100g,"https://cdn.metcash.media/image/upload/f_auto,c_limit,w_300,q_auto/igashop/images/190000001865"
Bosisto's Sensitive Laundry Powder 1kg,$12.25,$12.25/kg,"https://cdn.metcash.media/image/upload/f_auto,c_limit,w_300,q_auto/igashop/images/370955"
Irn Bru Drink Sparkling Can 330mL,$3.00,$0.91/100mL,"https://cdn.metcash.media/image/upload/f_auto,c_limit,w_300,q_auto/igashop/images/190000001413"
Liddells Low Fat Lactose Free Milk 1L,$3.00,$3.00/1L,"https://cdn.metcash.media/image/upload/f_auto,c_limit,w_300,q_auto/igashop/images/180000003459"
MasterFoods Satay Chicken Stir Fry Recipe Base 175g,$2.70,$1.54/100g,"https://cdn.metcash.media/image/upload/f_auto,c_limit,w_300,q_auto/igashop/images/42112"
Glad Snap Lock Sandwich Bags 50 Pack,$4.00,$0.08 each,"https://cdn.metcash.media/image/upload/f_auto,c_limit,w_300,q_auto/igashop/images/957671"
Sudocrem Healing Cream 125g,$14.70,$11.76/100g,"https://cdn.metcash.media/image/upload/f_auto,c_limit,w_300,q_auto/igashop/images/973960"
Goulburn Valley Apricot Halves in Juice 700g,$5.00,$0.71/100g,"https://cdn.metcash.media/image/upload/f_auto,c_limit,w_300,q_auto/igashop/images/77992"
Black & Gold Rectangle Container 3 Pack,$3.50,$1.17 each,"https://cdn.metcash.media/image/upload/f_auto,c_limit,w_300,q_auto/igashop/images/606720"
Vege Chips Multi 12 Pack,$9.50,$0.79 each,"https://cdn.metcash.media/image/upload/f_auto,c_limit,w_300,q_auto/igashop/images/21983"
Primo Rindless Middle Bacon Twin Pack 500g,$13.00,$2.60/100g,"https://cdn.metcash.media/image/upload/f_auto,c_limit,w_300,q_auto/igashop/images/848026"
Queen Finest Natural Almond Extract 50mL,$2.50,$5.00/100mL,"https://cdn.metcash.media/image/upload/f_auto,c_limit,w_300,q_auto/igashop/images/97057"
Great Temptations Orange & Poppy Muffin 5 Pack,$4.50,$0.90 each,https://www.igashop.com.au/static/default-product-image.png
K-Roo Kangaroo Steaks 500g,$13.00,$26.00/kg,"https://cdn.metcash.media/image/upload/f_auto,c_limit,w_300,q_auto/igashop/images/1800000069277"
Moccona Coffee Sachets Cappuccino 30 Pack,$13.00,$0.43 each,"https://cdn.metcash.media/image/upload/f_auto,c_limit,w_300,q_auto/igashop/images/20000006736"
Huggies Ultra Dry Nappies Boy Size 3 (6-11kg) 22 Pack,$13.00,$0.59 each,"https://cdn.metcash.media/image/upload/f_auto,c_limit,w_300,q_auto/igashop/images/592311"
Youfoodz Mushroom & Cheese Tortellini With Creamy Sauce 330g,$10.95,$3.32/100g,"https://cdn.metcash.media/image/upload/f_auto,c_limit,w_300,q_auto/igashop/images/564012"
Yarra Valley Hilltop Juice Breakfast 1L,$3.60,$3.60/1L,https://www.igashop.com.au/static/default-product-image.png
Cadbury Cherry Ripe Twin Pack 80g,$2.65,$3.31/100g,"https://cdn.metcash.media/image/upload/f_auto,c_limit,w_300,q_auto/igashop/images/387305"
Gatorade Lemon Lime Sports Drink Powder 560g,$14.80,$2.64/100g,"https://cdn.metcash.media/image/upload/f_auto,c_limit,w_300,q_auto/igashop/images/463321"
Remedy Kombucha Apple Crisp 330mL,$2.50,$0.76/100mL,"https://cdn.metcash.media/image/upload/f_auto,c_limit,w_300,q_auto/igashop/images/180000000112"
Bickford's Lemon & Lime Bitters Cordial 750mL,$5.00,$0.67/100mL,"https://cdn.metcash.media/image/upload/f_auto,c_limit,w_300,q_auto/igashop/images/354718"
K-Roo Bush Tomato Kanga Bangas 500g,$9.55,$1.91/100g,"https://cdn.metcash.media/image/upload/f_auto,c_limit,w_300,q_auto/igashop/images/20000001772"
Sunbeam Nuts Australian Natural Almonds 130g,$6.95,$5.35/100g,"https://cdn.metcash.media/image/upload/f_auto,c_limit,w_300,q_auto/igashop/images/160000018195"
Pandaroo Sweet Chilli Sauce 250mL,$3.90,$1.56/100mL,"https://cdn.metcash.media/image/upload/f_auto,c_limit,w_300,q_auto/igashop/images/20000005363"
Codral Relief Mucus Cough 150mL,$11.20,$7.47/100mL,"https://cdn.metcash.media/image/upload/f_auto,c_limit,w_300,q_auto/igashop/images/29591"
Huggies Crawler Girls 44 Pack,$22.00,$0.50 each,"https://cdn.metcash.media/image/upload/f_auto,c_limit,w_300,q_auto/igashop/images/3244"
Cocobella Coconut Water Chocolate 425mL,$3.29,$0.77/100mL,"https://cdn.metcash.media/image/upload/f_auto,c_limit,w_300,q_auto/igashop/images/160000012474"
Bondi Sands Everyday Gradual Tanning Milk 375mL,$20.00,$5.33/100mL,"https://cdn.metcash.media/image/upload/f_auto,c_limit,w_300,q_auto/igashop/images/462715"
Community Co Quick Oats Sachets 420g,$4.00,$0.95/100g,"https://cdn.metcash.media/image/upload/f_auto,c_limit,w_300,q_auto/igashop/images/812614"
Soda King Raspberry Syrup Sugar Free 250mL,$3.60,$1.44/100mL,https://www.igashop.com.au/static/default-product-image.png
Lynx Antiperspirant Aerosol Limited Edition 165mL,$3.00,$1.82/100mL,"https://cdn.metcash.media/image/upload/f_auto,c_limit,w_300,q_auto/igashop/images/748412"
Harvest Gourmet Vegan Burger 150g,$6.19,$4.13/100g,"https://cdn.metcash.media/image/upload/f_auto,c_limit,w_300,q_auto/igashop/images/190000003907"
Golden Wok Diana Chan Honey Soy Chicken Dumplings 230g,$8.50,$3.70/100g,"https://cdn.metcash.media/image/upload/f_auto,c_limit,w_300,q_auto/igashop/images/306113"
Baby U Narrow Neck Feeding Bottles 3 Pack,$8.50,$2.83 each,"https://cdn.metcash.media/image/upload/f_auto,c_limit,w_300,q_auto/igashop/images/736575"
Western Star Original Salted Butter 250g,$4.70,$1.88/100g,"https://cdn.metcash.media/image/upload/f_auto,c_limit,w_300,q_auto/igashop/images/114354"
Magnum Frozen Dessert Wonder 3 Pack,$10.00,$3.33 each,https://www.igashop.com.au/static/default-product-image.png
Uncle Tobys Oats Quick Sachets Creamy Honey 10 Pack,$5.50,$0.55 each,"https://cdn.metcash.media/image/upload/f_auto,c_limit,w_300,q_auto/igashop/images/174192"
Johnson's Baby Wash Bedtime Bath 500mL,$5.50,$1.10/100mL,"https://cdn.metcash.media/image/upload/f_auto,c_limit,w_300,q_auto/igashop/images/395667"
Scotch-Brite Anti-bacterial Sponges 3 Pack,$5.65,$1.88 each,"https://cdn.metcash.media/image/upload/f_auto,c_limit,w_300,q_auto/igashop/images/20000003661"
Koala Natural Stainless Cleaner Peppermint 500mL,$13.10,$2.62/100mL,"https://cdn.metcash.media/image/upload/f_auto,c_limit,w_300,q_auto/igashop/images/190000001947"
Magnum Classic Chocolate Ice Cream Dessert Stick,$6.00,N/A,"https://cdn.metcash.media/image/upload/f_auto,c_limit,w_300,q_auto/igashop/images/180000000221"
Schweppes Passiona Soda Syrup Passionfruit Syrup 300mL,$3.50,$11.67/1L,"https://cdn.metcash.media/image/upload/f_auto,c_limit,w_300,q_auto/igashop/images/654396"
Fropro Protein Pizza BBQ Meatlovers 325g,$12.95,$3.98/100g,https://www.igashop.com.au/static/default-product-image.png
Korbond Number 3 Birthday Candle,$1.60,N/A,"https://cdn.metcash.media/image/upload/f_auto,c_limit,w_300,q_auto/igashop/images/265998"
Jack Hammer Squeegee Long Handle,$6.00,N/A,https://www.igashop.com.au/static/default-product-image.png
Garnier Olia Brown 5.0,$24.00,N/A,"https://cdn.metcash.media/image/upload/f_auto,c_limit,w_300,q_auto/igashop/images/19994"
V Energy Drink Grape Burst Can 500mL,$3.80,$0.76/100mL,https://www.igashop.com.au/static/default-product-image.png
Reflex Photocopy Paper A4 Ream 500 Sheets,$9.00,N/A,"https://cdn.metcash.media/image/upload/f_auto,c_limit,w_300,q_auto/igashop/images/292796"
Best Foods Mayonnaise Real Mayo 400g,$7.65,$1.91/100g,https://www.igashop.com.au/static/default-product-image.png
Huggies Pure & Sensitive Nappy Pants Size 5 46 Pack,$35.00,$0.76 each,"https://cdn.metcash.media/image/upload/f_auto,c_limit,w_300,q_auto/igashop/images/180000006385"
Rockstar Energy Drink Juiced El Mango 500mL,$2.75,$0.55/100mL,"https://cdn.metcash.media/image/upload/f_auto,c_limit,w_300,q_auto/igashop/images/190000005224"
Baked Provisions Steak Chilli Pie 440g,$8.50,$1.93/100g,"https://cdn.metcash.media/image/upload/f_auto,c_limit,w_300,q_auto/igashop/images/1800000068795"
Magnum Ice Cream Variety 15 Pack,$30.60,$2.04 each,https://www.igashop.com.au/static/default-product-image.png
VitaPet JerHigh Dog Treats Chicken Sticks 100g,$6.00,$6.00/100g,"https://cdn.metcash.media/image/upload/f_auto,c_limit,w_300,q_auto/igashop/images/822541"
Avofresh Chunky Lemon 160g,$5.50,$3.44/100g,"https://cdn.metcash.media/image/upload/f_auto,c_limit,w_300,q_auto/igashop/images/180000002046"
Air Wick Essential Oil Candle Mango 105g,$4.00,$3.81/100g,"https://cdn.metcash.media/image/upload/f_auto,c_limit,w_300,q_auto/igashop/images/766169"
Dine Creamy Treats Chicken Selection 4 Pack,$4.00,$1.00 each,"https://cdn.metcash.media/image/upload/f_auto,c_limit,w_300,q_auto/igashop/images/974775"
Robertson Fruit Mince 820g,$12.00,$1.46/100g,"https://cdn.metcash.media/image/upload/f_auto,c_limit,w_300,q_auto/igashop/images/346626"
Strepsils Sore Throat Sugar Free Lemon Lozenges 36 Pack,$12.50,$0.35 each,"https://cdn.metcash.media/image/upload/f_auto,c_limit,w_300,q_auto/igashop/images/339807_1"
Steggles Frozen Chicken Garlic Kiev 350g,$6.00,$1.71/100g,"https://cdn.metcash.media/image/upload/f_auto,c_limit,w_300,q_auto/igashop/images/164639"
Optimum Toy/Small Breed with Chicken Vegetables & Rice Dry Dog Food 3kg,$23.00,$7.67/kg,"https://cdn.metcash.media/image/upload/f_auto,c_limit,w_300,q_auto/igashop/images/64504_1"
Community Co Plates Sugar Cane 10 Pack,$4.00,$0.40 each,"https://cdn.metcash.media/image/upload/f_auto,c_limit,w_300,q_auto/igashop/images/149655"
McKenzie's Dried Chickpeas 375g,$1.95,$0.52/100g,"https://cdn.metcash.media/image/upload/f_auto,c_limit,w_300,q_auto/igashop/images/351697"
Mutti Finely Chopped Tomatoes with Garlic 400g,$2.75,$0.69/100g,"https://cdn.metcash.media/image/upload/f_auto,c_limit,w_300,q_auto/igashop/images/511768"
Cocobella Coconut Yoghurt Mango 500g,$5.90,$1.18/100g,"https://cdn.metcash.media/image/upload/f_auto,c_limit,w_300,q_auto/igashop/images/160000012125"
Arnott's Kingston Cream Biscuits 200g,$2.80,$1.40/100g,"https://cdn.metcash.media/image/upload/f_auto,c_limit,w_300,q_auto/igashop/images/309022"
SPC Prepared Meals Spag-A-Saurus Tomato & Cheese 175g,$2.00,$1.14/100g,"https://cdn.metcash.media/image/upload/f_auto,c_limit,w_300,q_auto/igashop/images/657873"
Samboy Potato Chips Max Chicken 150g,$5.00,$3.33/100g,https://www.igashop.com.au/static/default-product-image.png
Toscano Choco Chip Brioche Roll 280g,$6.50,$2.32/100g,https://www.igashop.com.au/static/default-product-image.png
Ausfresh Olve Grn Chilli & Garlic 2kg,$22.00,$11.00/kg,https://www.igashop.com.au/static/default-product-image.png
Rockstar Zero Sugar Energy Drink Sour Apple 500mL,$2.75,$0.55/100mL,https://www.igashop.com.au/static/default-product-image.png
Gold Max Soft White Toast Bread 700g,$2.90,$0.41/100g,"https://cdn.metcash.media/image/upload/f_auto,c_limit,w_300,q_auto/igashop/images/160000018108"
Golden North Boysenberry Icecream 2L,$11.80,$5.90/1L,"https://cdn.metcash.media/image/upload/f_auto,c_limit,w_300,q_auto/igashop/images/20000001966"
Palmolive Antibacterial Liquid Hand Wash Soap Sea Minerals Refill & Save 1L,$6.00,$6.00/1L,"https://cdn.metcash.media/image/upload/f_auto,c_limit,w_300,q_auto/igashop/images/321595"
Patak's Eggplant Pickle 312g,$7.50,$2.40/100g,"https://cdn.metcash.media/image/upload/f_auto,c_limit,w_300,q_auto/igashop/images/16000001650"
Bega Peanut Butter Smooth 470g,$6.90,$1.47/100g,"https://cdn.metcash.media/image/upload/f_auto,c_limit,w_300,q_auto/igashop/images/885256"
Remedy Kombucha Raspberry Lemonade 330mL,$2.50,$0.76/100mL,"https://cdn.metcash.media/image/upload/f_auto,c_limit,w_300,q_auto/igashop/images/180000000124"
"Snowdonia Pear, Date & Cognac Chutney 114g",$6.95,$6.10/100g,"https://cdn.metcash.media/image/upload/f_auto,c_limit,w_300,q_auto/igashop/images/190000002038"
My Dog Shredded Meals Kangaroo 100g,$1.70,$1.70/100g,https://www.igashop.com.au/static/default-product-image.png
Wattle Valley Chunky Chilli Red With Cashews & Parmesan Dip 150g,$5.15,$3.43/100g,"https://cdn.metcash.media/image/upload/f_auto,c_limit,w_300,q_auto/igashop/images/884"
Cancer Council Ultra SPF 50 Sunscreen 110mL,$8.40,$7.64/100mL,"https://cdn.metcash.media/image/upload/f_auto,c_limit,w_300,q_auto/igashop/images/380455"
Baked Provisions Date & Walnut Log 400g,$11.50,$2.88/100g,"https://cdn.metcash.media/image/upload/f_auto,c_limit,w_300,q_auto/igashop/images/20000000572"
Helga's Sourdough Wraps 7 Pack,$5.50,$0.79 each,"https://cdn.metcash.media/image/upload/f_auto,c_limit,w_300,q_auto/igashop/images/812635"
Bref Power Active Gel Eucalyptus Toilet Cleaner 700mL,$3.50,$0.50/100mL,"https://cdn.metcash.media/image/upload/f_auto,c_limit,w_300,q_auto/igashop/images/20000006337_1"
Black & Gold Curry Powder 100g,$3.00,$3.00/100g,"https://cdn.metcash.media/image/upload/f_auto,c_limit,w_300,q_auto/igashop/images/23359"
Community Co Baby Potatos with Mint & Chive Butter 400g,$4.50,$1.13/100g,"https://cdn.metcash.media/image/upload/f_auto,c_limit,w_300,q_auto/igashop/images/190000010040"
Riviana Coconut Basmati Rice,$3.70,N/A,"https://cdn.metcash.media/image/upload/f_auto,c_limit,w_300,q_auto/igashop/images/150000002863"
Jumpy's Snacks Salt & Vinegar 90g,$3.50,$3.89/100g,"https://cdn.metcash.media/image/upload/f_auto,c_limit,w_300,q_auto/igashop/images/985404"
Campbell's Condensed Soup Cream of Mushroom 420g,$2.20,$0.52/100g,"https://cdn.metcash.media/image/upload/f_auto,c_limit,w_300,q_auto/igashop/images/15241"
OMO Ultimate Laundry Detergent Washing Powder Front & Top Loader 5kg,$40.00,$8.00/kg,"https://cdn.metcash.media/image/upload/f_auto,c_limit,w_300,q_auto/igashop/images/624760"
Rafferty's Garden Puffs Plus Strawberry Smiley Puffs 10M+ 30g,$4.00,$13.33/100g,https://www.igashop.com.au/static/default-product-image.png
SunRice Flavoured Rice Garlic Butter Cup 250g,$4.00,$1.60/100g,"https://cdn.metcash.media/image/upload/f_auto,c_limit,w_300,q_auto/igashop/images/180000005726"
Babybel Mini Cheese 5 Portions 100g,$6.25,$6.25/100g,"https://cdn.metcash.media/image/upload/f_auto,c_limit,w_300,q_auto/igashop/images/110180"
Diet Coca-Cola Soft Drink Can 375mL,$3.15,$0.84/100mL,"https://cdn.metcash.media/image/upload/f_auto,c_limit,w_300,q_auto/igashop/images/793661"
Dairy Farmers Classic Chocolate Milk 500mL,$3.20,$0.64/100mL,"https://cdn.metcash.media/image/upload/f_auto,c_limit,w_300,q_auto/igashop/images/919864"
Mr Kipling Chocolate Slices 6 Pack,$5.00,$0.83 each,"https://cdn.metcash.media/image/upload/f_auto,c_limit,w_300,q_auto/igashop/images/828712"
Earth Choice Top & Front Loader Liquid 2L,$14.00,$7.00/1L,"https://cdn.metcash.media/image/upload/f_auto,c_limit,w_300,q_auto/igashop/images/61983"
Oso Easy-Tie Kitchen Tidy Bags Large 24 Pack,$2.55,$0.11 each,"https://cdn.metcash.media/image/upload/f_auto,c_limit,w_300,q_auto/igashop/images/160000001900"
Bulla Fruit N Yogurt Selection 8 Pack,$5.00,$0.63 each,"https://cdn.metcash.media/image/upload/f_auto,c_limit,w_300,q_auto/igashop/images/106181"
Community Co Stuffed Green Olives 450g,$5.00,$1.11/100g,"https://cdn.metcash.media/image/upload/f_auto,c_limit,w_300,q_auto/igashop/images/829331"
Latina Fresh Tortellini Veal 375g,$5.50,$1.47/100g,"https://cdn.metcash.media/image/upload/f_auto,c_limit,w_300,q_auto/igashop/images/117962"
Gippsland Toffee & Honeycomb Twist Yoghurt 160g,$3.00,$1.88/100g,"https://cdn.metcash.media/image/upload/f_auto,c_limit,w_300,q_auto/igashop/images/1570"
Elastoplast Plasters Sensitive Kids 20 Pack,$4.00,$0.20 each,"https://cdn.metcash.media/image/upload/f_auto,c_limit,w_300,q_auto/igashop/images/170000004068"
Schwarzkopf Perfect Mousse 6-0 Light Brown,$11.90,N/A,"https://cdn.metcash.media/image/upload/f_auto,c_limit,w_300,q_auto/igashop/images/66035"
Sharwood's Extra Creamy Butter Chicken Simmer Sauce 420g,$5.00,$1.19/100g,"https://cdn.metcash.media/image/upload/f_auto,c_limit,w_300,q_auto/igashop/images/190000002249"
Lynx Body Spray Sunset Fresh 165mL,$4.00,$2.42/100mL,https://www.igashop.com.au/static/default-product-image.png
Karicare 4 Toddler Milk Drink From 2 Years 900g,$20.00,$2.22/100g,"https://cdn.metcash.media/image/upload/f_auto,c_limit,w_300,q_auto/igashop/images/70479"
Bickford's Traditional Soda Cloudy Lemonade 1L,$3.00,$3.00/1L,https://www.igashop.com.au/static/default-product-image.png
Harmony Meal Worms 120g,$10.00,$8.33/100g,"https://cdn.metcash.media/image/upload/f_auto,c_limit,w_300,q_auto/igashop/images/342059"
Wild One Pineapple Juice Organic 360mL,$5.95,$1.65/100mL,"https://cdn.metcash.media/image/upload/f_auto,c_limit,w_300,q_auto/igashop/images/20000005639"
Kuchenmeister Christmas Flan Single Layer 200g,$5.95,$2.98/100g,"https://cdn.metcash.media/image/upload/f_auto,c_limit,w_300,q_auto/igashop/images/158769"
Spice & Co Cumin Ground 50g,$3.75,$7.50/100g,"https://cdn.metcash.media/image/upload/f_auto,c_limit,w_300,q_auto/igashop/images/190000002394"
Houseware Tea Light Candles 30 Pack,$4.00,$0.13 each,"https://cdn.metcash.media/image/upload/f_auto,c_limit,w_300,q_auto/igashop/images/643405"
Heinz Baked Beans No Added Sugar 3 Pack,$5.20,$1.73 each,"https://cdn.metcash.media/image/upload/f_auto,c_limit,w_300,q_auto/igashop/images/853903_1"
Ocean Spray Low Sugar Cranberry 1.5L,$6.40,$4.27/1L,"https://cdn.metcash.media/image/upload/f_auto,c_limit,w_300,q_auto/igashop/images/413716"
My Muscle Chef Pesto Chicken With Penne Pasta And Green Vegetables 330g,$11.95,$3.62/100g,"https://cdn.metcash.media/image/upload/f_auto,c_limit,w_300,q_auto/igashop/images/75500"
Morning Fresh Dishwashing Liquid Lemon Fresh 900mL,$5.00,$0.56/100mL,"https://cdn.metcash.media/image/upload/f_auto,c_limit,w_300,q_auto/igashop/images/360248"
Metamucil Daily Fibre Supplement Smooth Orange 48 Doses 283g,$24.50,$8.66/100g,"https://cdn.metcash.media/image/upload/f_auto,c_limit,w_300,q_auto/igashop/images/320183"
Gold Max Soft Wholemeal Sandwich Bread 700g,$2.90,$0.41/100g,"https://cdn.metcash.media/image/upload/f_auto,c_limit,w_300,q_auto/igashop/images/160000018109"
Maybelline Brow Fast Sculpt Eyebrow Gel Mascara Clear 2.75mL,$13.50,$490.91/100mL,"https://cdn.metcash.media/image/upload/f_auto,c_limit,w_300,q_auto/igashop/images/349674"
Planet Organic Peppermint Tea Bags 25 Pack,$6.00,$0.24 each,"https://cdn.metcash.media/image/upload/f_auto,c_limit,w_300,q_auto/igashop/images/20000005375"
Sudafed PE Nasal Decongestant Tablets 10 Pack,$9.70,$0.97 each,"https://cdn.metcash.media/image/upload/f_auto,c_limit,w_300,q_auto/igashop/images/332481"
Delucas Bacon Leek & Sundried Tomato Quiche 800g,$20.95,$2.62/100g,"https://cdn.metcash.media/image/upload/f_auto,c_limit,w_300,q_auto/igashop/images/190000001725"
Kettle Ridge Cut Potato Chips Himalayan Salt 165g,$3.00,$1.82/100g,"https://cdn.metcash.media/image/upload/f_auto,c_limit,w_300,q_auto/igashop/images/1800000067653"
Betty Crocker Cake Mix Chocolate Fudge 450g,$3.00,$0.67/100g,https://www.igashop.com.au/static/default-product-image.png
Community Co Raspberry Jam 500g,$2.80,$0.56/100g,"https://cdn.metcash.media/image/upload/f_auto,c_limit,w_300,q_auto/igashop/images/190000011717"
Decor Cook Sauce Dispenser,$3.30,N/A,"https://cdn.metcash.media/image/upload/f_auto,c_limit,w_300,q_auto/igashop/images/281169"
Gator Strawberry Clouds 100g,$2.80,$2.80/100g,https://www.igashop.com.au/static/default-product-image.png
Black & Gold 100S & 1000S 200g,$2.35,$1.18/100g,"https://cdn.metcash.media/image/upload/f_auto,c_limit,w_300,q_auto/igashop/images/656416"
Baked Provisions Steak Cheese & Bacon Pie 420g,$8.50,$2.02/100g,"https://cdn.metcash.media/image/upload/f_auto,c_limit,w_300,q_auto/igashop/images/304608"
Cadbury Clinkers Bunny 160g,$10.00,$6.25/100g,"https://cdn.metcash.media/image/upload/f_auto,c_limit,w_300,q_auto/igashop/images/351503"
"Nature's Gift Loaf Beef, Barley & Vegetables Wet Dog Food 1.2kg",$3.80,$3.17/kg,"https://cdn.metcash.media/image/upload/f_auto,c_limit,w_300,q_auto/igashop/images/160000001357"
JC's Sesh Snacks Easy Rider 30g,$2.55,$8.50/100g,"https://cdn.metcash.media/image/upload/f_auto,c_limit,w_300,q_auto/igashop/images/516637"
Doritos Share Pack Cheese Supreme 170g,$2.50,$1.47/100g,"https://cdn.metcash.media/image/upload/f_auto,c_limit,w_300,q_auto/igashop/images/298205"
Enoki Mushroom Punnet,$4.90,N/A,"https://cdn.metcash.media/image/upload/f_auto,c_limit,w_300,q_auto/igashop/images/80050142"
Libra Goodnights Pads Ultra Thin Wings 10 Pack,$5.70,$0.57 each,"https://cdn.metcash.media/image/upload/f_auto,c_limit,w_300,q_auto/igashop/images/59685"
Gravox Roast Pork Liquid Gravy 250g,$4.50,$1.80/100g,"https://cdn.metcash.media/image/upload/f_auto,c_limit,w_300,q_auto/igashop/images/597450"
Cadbury Mini Eggs 32g,$3.00,$9.38/100g,"https://cdn.metcash.media/image/upload/f_auto,c_limit,w_300,q_auto/igashop/images/180000004865"
Mortein Insect Spray Rapid Kill 320g,$14.40,$4.50/100g,"https://cdn.metcash.media/image/upload/f_auto,c_limit,w_300,q_auto/igashop/images/98914"
Oob Organic Raspberries 450g,$14.25,$3.17/100g,"https://cdn.metcash.media/image/upload/f_auto,c_limit,w_300,q_auto/igashop/images/795464"
Plaistowe Cooking Chocolate Extra Creamy Premium White 180g,$8.00,$4.44/100g,"https://cdn.metcash.media/image/upload/f_auto,c_limit,w_300,q_auto/igashop/images/655211"
Kiwi Sneaker Protector 120g,$10.00,$8.33/100g,"https://cdn.metcash.media/image/upload/f_auto,c_limit,w_300,q_auto/igashop/images/796088"
"Continental Gourmet Risotto Pumpkin, Bacon & Sour Cream 115g",$3.50,$3.04/100g,"https://cdn.metcash.media/image/upload/f_auto,c_limit,w_300,q_auto/igashop/images/622174"
Allen's Strawberry & Cream Lollies Bag 190g,$3.50,$1.84/100g,"https://cdn.metcash.media/image/upload/f_auto,c_limit,w_300,q_auto/igashop/images/21763"
Bonne Maman Blackcurrant Conserve 370g,$6.90,$1.86/100g,"https://cdn.metcash.media/image/upload/f_auto,c_limit,w_300,q_auto/igashop/images/20000000215"
My Muscle Chef Recovery Bar Salted Caramel Choc 55g,$5.50,$10.00/100g,"https://cdn.metcash.media/image/upload/f_auto,c_limit,w_300,q_auto/igashop/images/574397"
Ivan's Pie Shepherds 1kg,$29.95,$29.95/kg,"https://cdn.metcash.media/image/upload/f_auto,c_limit,w_300,q_auto/igashop/images/614914"
Health Lab Cookies No Cream Blondie Protein Slice 60g,$4.00,$6.67/100g,https://www.igashop.com.au/static/default-product-image.png
Wrigley's 5 Gum Blueberry Rush Sugar Free 3 Pack,$5.50,$1.83 each,"https://cdn.metcash.media/image/upload/f_auto,c_limit,w_300,q_auto/igashop/images/717097"
Schmackos Chomp N Chew Large Dog Peanut Butter Chicken 60g,$5.10,$8.50/100g,https://www.igashop.com.au/static/default-product-image.png
Simson's Pantry Wraps No Artificial Preservatives Premium White Large Wraps 528g,$3.00,$0.57/100g,"https://cdn.metcash.media/image/upload/f_auto,c_limit,w_300,q_auto/igashop/images/9431"
Community Co Tuna Yellowfin in Oil 95g,$1.40,$1.47/100g,"https://cdn.metcash.media/image/upload/f_auto,c_limit,w_300,q_auto/igashop/images/244976"
Skin Control Pimple Patch Pm Nightime 24 Pack,$6.30,$0.26 each,"https://cdn.metcash.media/image/upload/f_auto,c_limit,w_300,q_auto/igashop/images/787709"
San Remo Instant Cannelloni 250g,$2.70,$1.08/100g,"https://cdn.metcash.media/image/upload/f_auto,c_limit,w_300,q_auto/igashop/images/885984"
Duracell Coppertop Batteries 9V 2 Pack 2 Pack,$17.95,$8.98 each,"https://cdn.metcash.media/image/upload/f_auto,c_limit,w_300,q_auto/igashop/images/220469"
Lucia's Passata 700g,$8.95,$1.28/100g,"https://cdn.metcash.media/image/upload/f_auto,c_limit,w_300,q_auto/igashop/images/160000012477"
Nyal Chesty Non Drowsy 200mL,$11.00,$5.50/100mL,"https://cdn.metcash.media/image/upload/f_auto,c_limit,w_300,q_auto/igashop/images/474796"
Busy Bees Jam Drops 180g,$7.50,$4.17/100g,"https://cdn.metcash.media/image/upload/f_auto,c_limit,w_300,q_auto/igashop/images/160000012737"
Gillette Sensor 3 Disposable Razors 16 Pack,$26.50,$1.66 each,"https://cdn.metcash.media/image/upload/f_auto,c_limit,w_300,q_auto/igashop/images/160000011036"
Montville Coffee Sunshine Coast Blend Ground Plunger Coffee 250g,$18.50,$7.40/100g,"https://cdn.metcash.media/image/upload/f_auto,c_limit,w_300,q_auto/igashop/images/190000003958"
Pampas Puff Pastry 10 Sheets 1.6kg,$7.65,$4.78/kg,"https://cdn.metcash.media/image/upload/f_auto,c_limit,w_300,q_auto/igashop/images/181636"
Dairy Farmers Yoghurt Think & Creamy Vanilla 150g,$1.50,$1.00/100g,"https://cdn.metcash.media/image/upload/f_auto,c_limit,w_300,q_auto/igashop/images/101631"
Sugo Tu Pizza Dough & Sauce 550g,$12.95,$2.35/100g,"https://cdn.metcash.media/image/upload/f_auto,c_limit,w_300,q_auto/igashop/images/197700"
Nescafe Gold Intense 100g,$14.50,$14.50/100g,"https://cdn.metcash.media/image/upload/f_auto,c_limit,w_300,q_auto/igashop/images/430768"
Arnott's Tic Toc Biscuits 250g,$3.00,$1.20/100g,"https://cdn.metcash.media/image/upload/f_auto,c_limit,w_300,q_auto/igashop/images/345109"
Schmidt’s Natural Deodorant Stick Charcoal Magnesium 75g,$10.50,$14.00/100g,"https://cdn.metcash.media/image/upload/f_auto,c_limit,w_300,q_auto/igashop/images/160000003137"
Tandaco Stuffing Mix 200g,$3.00,$1.50/100g,"https://cdn.metcash.media/image/upload/f_auto,c_limit,w_300,q_auto/igashop/images/41006"
Oxyshred Energy Passionfruit 355mL,$16.00,$4.51/100mL,https://www.igashop.com.au/static/default-product-image.png
Community Co Chocolate Mudcake 600g,$6.60,$1.10/100g,"https://cdn.metcash.media/image/upload/f_auto,c_limit,w_300,q_auto/igashop/images/190000011700"
Cadbury Twirl Caramilk Four Pack 58g,$3.50,$6.03/100g,"https://cdn.metcash.media/image/upload/f_auto,c_limit,w_300,q_auto/igashop/images/739382"
Dove Women's Antiperspirant Apple & White Tea 220mL,$8.50,$3.86/100mL,https://www.igashop.com.au/static/default-product-image.png
Always Fresh Artichoke Hearts 400g,$5.50,$1.38/100g,"https://cdn.metcash.media/image/upload/f_auto,c_limit,w_300,q_auto/igashop/images/79198"
Kikkoman Naturally Brewed Soy Sauce Less Salt 250mL,$6.70,$2.68/100mL,"https://cdn.metcash.media/image/upload/f_auto,c_limit,w_300,q_auto/igashop/images/19716"
Nestlé Bakers' Choice Dark Choc Bits 200g,$7.00,$3.50/100g,"https://cdn.metcash.media/image/upload/f_auto,c_limit,w_300,q_auto/igashop/images/625813"
Lynx Africa Antiperspirant 165mL,$4.00,$2.42/100mL,"https://cdn.metcash.media/image/upload/f_auto,c_limit,w_300,q_auto/igashop/images/749060"
Continental Pasta & Sauce Macaroni Cheese 145g,$3.80,$2.62/100g,"https://cdn.metcash.media/image/upload/f_auto,c_limit,w_300,q_auto/igashop/images/1800000067488"
Campbell's Soup Chunky Chicken Korma 505g,$4.50,$0.89/100g,"https://cdn.metcash.media/image/upload/f_auto,c_limit,w_300,q_auto/igashop/images/795778"
Ajitas Vege Chips Barbeque 100g,$5.95,$5.95/100g,"https://cdn.metcash.media/image/upload/f_auto,c_limit,w_300,q_auto/igashop/images/492914"
Lo Bros Kombucha Pineapple & Lime 330mL,$3.60,$1.09/100mL,"https://cdn.metcash.media/image/upload/f_auto,c_limit,w_300,q_auto/igashop/images/20000005913"
Dove Body Wash Crisp Apple Rose Mcgrath Found 1L,$9.50,$9.50/1L,"https://cdn.metcash.media/image/upload/f_auto,c_limit,w_300,q_auto/igashop/images/270317"
Mokate Gold Cookies Gift Selection 260g,$8.15,$3.13/100g,https://www.igashop.com.au/static/default-product-image.png
Fantastic Delites Curls Rice Snacks Sweet Chilli & Sour Cream 80g,$2.20,$2.75/100g,"https://cdn.metcash.media/image/upload/f_auto,c_limit,w_300,q_auto/igashop/images/391537"
L'Oréal Paris Revitalift Face Cream Day Anti Wrinkle & Firming 50mL,$30.00,$60.00/100mL,"https://cdn.metcash.media/image/upload/f_auto,c_limit,w_300,q_auto/igashop/images/20615"
Rafferty's Garden Beef Sweet Potato & Parsnips 120g,$1.90,$1.58/100g,"https://cdn.metcash.media/image/upload/f_auto,c_limit,w_300,q_auto/igashop/images/23370"
My Muscle Chef Spinach Ricotta Ravioli In Pumpkin Sauce 385g,$11.95,$3.10/100g,"https://cdn.metcash.media/image/upload/f_auto,c_limit,w_300,q_auto/igashop/images/577659"
Sara Lee Mini Cups Apple Crumble 360g,$9.20,$2.56/100g,"https://cdn.metcash.media/image/upload/f_auto,c_limit,w_300,q_auto/igashop/images/1800000069712"
Lynx Body Wash Collision Wasabi + Fresh Linen 400mL,$3.25,$0.81/100mL,"https://cdn.metcash.media/image/upload/f_auto,c_limit,w_300,q_auto/igashop/images/160000002530"
Atkins Low Carb Endulge Milk Chocolate Mint Crisp 5 Pack,$13.95,$2.79 each,"https://cdn.metcash.media/image/upload/f_auto,c_limit,w_300,q_auto/igashop/images/868348"
Sensodyne Gum Dual Action Extra Fresh Toothpaste 100g,$12.30,$12.30/100g,"https://cdn.metcash.media/image/upload/f_auto,c_limit,w_300,q_auto/igashop/images/802460"
Chum Adult Dog Food Lamb 1.2kg,$3.60,$3.00/kg,"https://cdn.metcash.media/image/upload/f_auto,c_limit,w_300,q_auto/igashop/images/41632"
Supercoat Smartblend Adult Healthy Weight Dog Food With Chicken 6.7kg,$27.00,$4.03/kg,"https://cdn.metcash.media/image/upload/f_auto,c_limit,w_300,q_auto/igashop/images/663311"
Gourmet Garden Cold Press Parsley 80g,$4.00,$5.00/100g,"https://cdn.metcash.media/image/upload/f_auto,c_limit,w_300,q_auto/igashop/images/11399"
The Cobbler Company Shoe Polish High Gloss Black 38g,$4.70,$12.37/100g,https://www.igashop.com.au/static/default-product-image.png
Earth Choice Dishwash Liquid Aloe Fresh 1L,$2.55,$2.55/1L,"https://cdn.metcash.media/image/upload/f_auto,c_limit,w_300,q_auto/igashop/images/363607"
Big Lou's Donuts Mixed Favourites - Minis 15 Pack,$15.30,$1.02 each,"https://cdn.metcash.media/image/upload/f_auto,c_limit,w_300,q_auto/igashop/images/935001"
VitaPet Litter Tray,$7.50,N/A,"https://cdn.metcash.media/image/upload/f_auto,c_limit,w_300,q_auto/igashop/images/180000001716"
Glen 20 24H Protection Surface Spray Disinfectant Citrus 300g,$13.00,$4.33/100g,"https://cdn.metcash.media/image/upload/f_auto,c_limit,w_300,q_auto/igashop/images/190000011683"
LA Ice Cola Maxi Bottle 2L,$2.30,$1.15/1L,"https://cdn.metcash.media/image/upload/f_auto,c_limit,w_300,q_auto/igashop/images/386511"
Sellotape Sticky Dots Removable,$3.00,N/A,"https://cdn.metcash.media/image/upload/f_auto,c_limit,w_300,q_auto/igashop/images/743307"
Nestlé Rolo Chocolate Block 170g,$5.25,$3.09/100g,"https://cdn.metcash.media/image/upload/f_auto,c_limit,w_300,q_auto/igashop/images/370028"
Aegean Salted Peanuts 500g,$8.00,$1.60/100g,https://www.igashop.com.au/static/default-product-image.png
Nutty Bruce Organic Almond Milk 1L,$5.50,$5.50/1L,"https://cdn.metcash.media/image/upload/f_auto,c_limit,w_300,q_auto/igashop/images/313398"
Community Co Lightly Sparkling Water 12 Pack,$8.30,$0.69 each,"https://cdn.metcash.media/image/upload/f_auto,c_limit,w_300,q_auto/igashop/images/943554"
Safcol Premium Salmon In Springwater 95g,$2.00,$2.11/100g,"https://cdn.metcash.media/image/upload/f_auto,c_limit,w_300,q_auto/igashop/images/408711"
Yumi's Eggplant Mediterranean Dip 200g,$4.50,$2.25/100g,"https://cdn.metcash.media/image/upload/f_auto,c_limit,w_300,q_auto/igashop/images/963847"
Boost Juice Peach Paradise 1L,$6.20,$6.20/1L,"https://cdn.metcash.media/image/upload/f_auto,c_limit,w_300,q_auto/igashop/images/180000004503"
Ryvita Multigrain Rye Crispbread 250g,$3.85,$1.54/100g,"https://cdn.metcash.media/image/upload/f_auto,c_limit,w_300,q_auto/igashop/images/160000003026"
Grove Juice Orange Pulp Free 1.5L,$7.95,$5.30/1L,"https://cdn.metcash.media/image/upload/f_auto,c_limit,w_300,q_auto/igashop/images/297990"
Waterfords Mineral Water Lite & Fruity Orange Passion 1L,$1.75,$1.75/1L,"https://cdn.metcash.media/image/upload/f_auto,c_limit,w_300,q_auto/igashop/images/648413"
Simson's Pantry Mini Pizza Garlic 240g,$4.50,$1.88/100g,"https://cdn.metcash.media/image/upload/f_auto,c_limit,w_300,q_auto/igashop/images/446269"
Chux Magic Eraser Bathroom 2 Pack,$6.10,$3.05 each,"https://cdn.metcash.media/image/upload/f_auto,c_limit,w_300,q_auto/igashop/images/467480"
Norco Minecraft Candy Apple Explosion 750mL,$10.00,$1.33/100mL,https://www.igashop.com.au/static/default-product-image.png
Sara Lee Deep Dish Crumble Apple & Blackberry 775g,$10.50,$1.35/100g,https://www.igashop.com.au/static/default-product-image.png
Old El Paso Cooking Sauce Chili Sizzling Fajita 170g,$4.50,$2.65/100g,https://www.igashop.com.au/static/default-product-image.png
Erawan Rice Noodles Stick Pad Thai 200g,$2.20,$1.10/100g,"https://cdn.metcash.media/image/upload/f_auto,c_limit,w_300,q_auto/igashop/images/956900"
Piranha Snaps Light Tangy Salsa 25g,$1.75,$7.00/100g,"https://cdn.metcash.media/image/upload/f_auto,c_limit,w_300,q_auto/igashop/images/190000004786"
Nestlé Milkybar Chocolate 44g,$1.50,$3.41/100g,"https://cdn.metcash.media/image/upload/f_auto,c_limit,w_300,q_auto/igashop/images/180000005239"
Philips CFL Tornado Warm White Globe 20W BC Base,$9.00,N/A,"https://cdn.metcash.media/image/upload/f_auto,c_limit,w_300,q_auto/igashop/images/714984"
Zappo Blue Raspberry 29g,$1.25,$4.31/100g,https://www.igashop.com.au/static/default-product-image.png
Red Bull Energy Drink Can 355mL,$3.90,$1.10/100mL,"https://cdn.metcash.media/image/upload/f_auto,c_limit,w_300,q_auto/igashop/images/493538"
Nisshin Panko Breadcrumbs 200g,$5.10,$2.55/100g,"https://cdn.metcash.media/image/upload/f_auto,c_limit,w_300,q_auto/igashop/images/843505"
Korbond Christmas Tinsel Premium,$7.00,N/A,"https://cdn.metcash.media/image/upload/f_auto,c_limit,w_300,q_auto/igashop/images/771994"
My Dog Jerky Real Chicken Strips 100g,$8.00,$8.00/100g,https://www.igashop.com.au/static/default-product-image.png
Difflam Plus Anaesthetic Sore Throat Lozenges Eucalyptus & Menthol Flavour 16 Pack,$11.00,$0.69 each,"https://cdn.metcash.media/image/upload/f_auto,c_limit,w_300,q_auto/igashop/images/Metcash_Product_Images"
Harmony Lorikeet & Honey Eater Dry Wild Bird Seed Cereal Mix Pouch 500g,$10.00,$2.00/100g,"https://cdn.metcash.media/image/upload/f_auto,c_limit,w_300,q_auto/igashop/images/91530"
Hrvst St Little Green Cold Press Juice 250mL,$4.30,$1.72/100mL,"https://cdn.metcash.media/image/upload/f_auto,c_limit,w_300,q_auto/igashop/images/20000006233"
BioBag Compostable Bin Liners 30 Litre 14 Pack,$4.45,$0.32 each,"https://cdn.metcash.media/image/upload/f_auto,c_limit,w_300,q_auto/igashop/images/20000005181"
Dolmio Extra Bolognese Pasta Sauce 500g,$4.60,$0.92/100g,"https://cdn.metcash.media/image/upload/f_auto,c_limit,w_300,q_auto/igashop/images/390117"
Yogi's Yum Cha Chilli Bean Buns 270g,$10.25,$3.80/100g,https://www.igashop.com.au/static/default-product-image.png
Maggi Mexican Nachos Recipe Base 41g,$1.85,$4.51/100g,"https://cdn.metcash.media/image/upload/f_auto,c_limit,w_300,q_auto/igashop/images/160000012641"
Community Co Beef Porterhouse Steak 240g,$14.50,$6.04/100g,"https://cdn.metcash.media/image/upload/f_auto,c_limit,w_300,q_auto/igashop/images/180000002050"
Aunt Betty's Creamy Rice Vanilla Flavour 400g,$5.95,$1.49/100g,"https://cdn.metcash.media/image/upload/f_auto,c_limit,w_300,q_auto/igashop/images/900048"
Trident Light Coconut Cream 400mL,$5.30,$1.33/100mL,"https://cdn.metcash.media/image/upload/f_auto,c_limit,w_300,q_auto/igashop/images/20000002498"
Yarra Valley Hilltop L'Only Orange Juice 1L,$8.40,$8.40/1L,https://www.igashop.com.au/static/default-product-image.png
Enzo's Crab Linguine 300g,$10.95,$3.65/100g,"https://cdn.metcash.media/image/upload/f_auto,c_limit,w_300,q_auto/igashop/images/190000001301"
Harvest Snaps Wasabi 120g,$5.00,$4.17/100g,"https://cdn.metcash.media/image/upload/f_auto,c_limit,w_300,q_auto/igashop/images/150000008008"
Barossa Fine Foods Truffle Pate 110g,$5.49,$4.99/100g,"https://cdn.metcash.media/image/upload/f_auto,c_limit,w_300,q_auto/igashop/images/20000000553"
Maggi 2 Minute Instant Wholegrain Chicken Noodles 5 Pack,$2.50,$0.50 each,"https://cdn.metcash.media/image/upload/f_auto,c_limit,w_300,q_auto/igashop/images/381540"
Sukin Arkie Hand Wash 500mL,$9.90,$1.98/100mL,https://www.igashop.com.au/static/default-product-image.png
Rexona Women Antiperspirant Roll On Deodorant Sexy Bouquet 50mL,$3.50,$7.00/100mL,"https://cdn.metcash.media/image/upload/f_auto,c_limit,w_300,q_auto/igashop/images/325955"
DJ&A Shitake Mushroom Crisps 65g,$3.40,$5.23/100g,"https://cdn.metcash.media/image/upload/f_auto,c_limit,w_300,q_auto/igashop/images/160000013291"
Valcom Ingredients Kaffir Lime Leaves 100g,$3.20,$3.20/100g,"https://cdn.metcash.media/image/upload/f_auto,c_limit,w_300,q_auto/igashop/images/839394"
Farmers Market Wet Dog Food Chicken Stew With Vegetables & Brown Rice 400g,$3.20,$0.80/100g,"https://cdn.metcash.media/image/upload/f_auto,c_limit,w_300,q_auto/igashop/images/868466"
Cadbury Choc Tops Vanilla 4 Pack,$8.50,$2.13 each,"https://cdn.metcash.media/image/upload/f_auto,c_limit,w_300,q_auto/igashop/images/700537"
Griffin's Krispie Coconut 250g,$3.80,$1.52/100g,"https://cdn.metcash.media/image/upload/f_auto,c_limit,w_300,q_auto/igashop/images/028514"
Pea Beu Odourless Insect Killer Spray Fast Killing Aerosol 250g,$4.50,$1.80/100g,"https://cdn.metcash.media/image/upload/f_auto,c_limit,w_300,q_auto/igashop/images/92227"
ZoOSh Free Range Egg Mayonnaise 350g,$4.90,$1.40/100g,"https://cdn.metcash.media/image/upload/f_auto,c_limit,w_300,q_auto/igashop/images/190000001950"
Ultimates Indulge With Chicken Mince & Tuna 400g,$2.65,$0.66/100g,"https://cdn.metcash.media/image/upload/f_auto,c_limit,w_300,q_auto/igashop/images/160000005586"
Loaf Mini Choc Brown Bites 120g,$6.65,$5.54/100g,"https://cdn.metcash.media/image/upload/f_auto,c_limit,w_300,q_auto/igashop/images/993892"
Mentos Pure Fresh Bubble Fresh Flavour Sugar Free Gum 30g,$2.40,$8.00/100g,"https://cdn.metcash.media/image/upload/f_auto,c_limit,w_300,q_auto/igashop/images/947029"
Birds Eye Broccoli And Cauliflower Rice 500g,$5.50,$1.10/100g,"https://cdn.metcash.media/image/upload/f_auto,c_limit,w_300,q_auto/igashop/images/478614"
SunRice Basmati Aromatic Rice 1kg,$6.80,$6.80/kg,"https://cdn.metcash.media/image/upload/f_auto,c_limit,w_300,q_auto/igashop/images/381210"
Latina Fresh Spinach & Ricotta Agnolotti 625g,$11.00,$1.76/100g,"https://cdn.metcash.media/image/upload/f_auto,c_limit,w_300,q_auto/igashop/images/138421"
My Muscle Chef Protein Oat Slice Apple & Cinnamon 90g,$5.95,$6.61/100g,"https://cdn.metcash.media/image/upload/f_auto,c_limit,w_300,q_auto/igashop/images/20000006938"
Viva Paper Towel White 2 Pack,$4.50,$2.25 each,"https://cdn.metcash.media/image/upload/f_auto,c_limit,w_300,q_auto/igashop/images/348741"
M&M's Red And Green Pouch 165g,$2.00,$1.21/100g,"https://cdn.metcash.media/image/upload/f_auto,c_limit,w_300,q_auto/igashop/images/448342"
Mayfair Devon 100g,$1.10,$1.10/100g,"https://cdn.metcash.media/image/upload/f_auto,c_limit,w_300,q_auto/igashop/images/160000002580"
Coolibah Wild Roquette 100g,$4.00,$4.00/100g,"https://cdn.metcash.media/image/upload/f_auto,c_limit,w_300,q_auto/igashop/images/20000003052"
Munch Teeth Mitt 3-12 Months Pink,$20.00,N/A,https://www.igashop.com.au/static/default-product-image.png
Lean Cuisine Chipotle Chicken With Black Bean Rice & Corn 375g,$7.00,$1.87/100g,https://www.igashop.com.au/static/default-product-image.png
Palmolive Liquid Soap Foam Vanilla Berry Refill 1L,$7.50,$7.50/1L,"https://cdn.metcash.media/image/upload/f_auto,c_limit,w_300,q_auto/igashop/images/675635"
Gatorade G-active Electrolyte Water Lemon Flavoured No Sugar 600mL,$4.00,$0.67/100mL,"https://cdn.metcash.media/image/upload/f_auto,c_limit,w_300,q_auto/igashop/images/767908"
Bickford's Cord Cloudy Pear 1L,$7.00,$7.00/1L,"https://cdn.metcash.media/image/upload/f_auto,c_limit,w_300,q_auto/igashop/images/405289"
Meredith Dairy Natural Goat Milk Probiotic Yoghurt 500g,$8.40,$1.68/100g,"https://cdn.metcash.media/image/upload/f_auto,c_limit,w_300,q_auto/igashop/images/20000006258"
NIVEA Invisible Black & White Pure Aerosol 150mL,$6.10,$4.07/100mL,"https://cdn.metcash.media/image/upload/f_auto,c_limit,w_300,q_auto/igashop/images/303217"
Simply Tasty Chicken Parmi & Mash 400g,$10.70,$2.68/100g,"https://cdn.metcash.media/image/upload/f_auto,c_limit,w_300,q_auto/igashop/images/7162"
Pacific West Japanese Gyoza 700g,$12.75,$1.82/100g,"https://cdn.metcash.media/image/upload/f_auto,c_limit,w_300,q_auto/igashop/images/794808"
Party Moments Disposable Plastic Party Cups 12 Pack,$7.20,$0.60 each,"https://cdn.metcash.media/image/upload/f_auto,c_limit,w_300,q_auto/igashop/images/20000004352"
I&J Lemon Crumbed Fish Fillets 425g,$8.00,$1.88/100g,"https://cdn.metcash.media/image/upload/f_auto,c_limit,w_300,q_auto/igashop/images/150000007692"
Butterfingers Gluten Free Macadamia Shortbread 175g,$11.95,$6.83/100g,"https://cdn.metcash.media/image/upload/f_auto,c_limit,w_300,q_auto/igashop/images/160000011978"
Arnott's Crackers Crispy Sweet Soy Chicken Snackright 150g,$4.50,$3.00/100g,"https://cdn.metcash.media/image/upload/f_auto,c_limit,w_300,q_auto/igashop/images/290516"
Black & Gold Barbeque Sauce 2L,$5.00,$2.50/1L,"https://cdn.metcash.media/image/upload/f_auto,c_limit,w_300,q_auto/igashop/images/46721"
Bulla Cookies & Cream Ice Cream Sandwiches 4 Pack,$5.45,$1.36 each,"https://cdn.metcash.media/image/upload/f_auto,c_limit,w_300,q_auto/igashop/images/757437"
Coca-Cola Zero Sugar Soft Drink Bottle 600mL,$4.00,$0.67/100mL,"https://cdn.metcash.media/image/upload/f_auto,c_limit,w_300,q_auto/igashop/images/190000003881"
Multix Muffin Cases 100 Pack,$3.25,$0.03 each,"https://cdn.metcash.media/image/upload/f_auto,c_limit,w_300,q_auto/igashop/images/335730"
Black & Gold White Vinegar 2L,$1.85,$0.93/1L,"https://cdn.metcash.media/image/upload/f_auto,c_limit,w_300,q_auto/igashop/images/28294"
Jack Hammer Felt Pads Black Beige 80 Pack,$8.95,$0.11 each,https://www.igashop.com.au/static/default-product-image.png
McKenzie's Bi Carb Soda 250g,$1.90,$0.76/100g,"https://cdn.metcash.media/image/upload/f_auto,c_limit,w_300,q_auto/igashop/images/361804"
Pedigree DentaStix Small Breed Dog Treat Daily Oral Care 7 Pack,$7.00,$1.00 each,"https://cdn.metcash.media/image/upload/f_auto,c_limit,w_300,q_auto/igashop/images/443509"
Optimum Furball Dry Cat Food With Chicken 2kg,$25.00,$12.50/kg,"https://cdn.metcash.media/image/upload/f_auto,c_limit,w_300,q_auto/igashop/images/432367"
Latina Fresh Beef Ravioli 375g,$5.50,$1.47/100g,"https://cdn.metcash.media/image/upload/f_auto,c_limit,w_300,q_auto/igashop/images/117988"
Lynx Body Wash Africa 400mL,$7.50,$1.88/100mL,https://www.igashop.com.au/static/default-product-image.png
Huggies Ultra Dry Nappies Girl Size 5 (13-18kg) 16 Pack,$11.50,$0.72 each,"https://cdn.metcash.media/image/upload/f_auto,c_limit,w_300,q_auto/igashop/images/592654"
Yarra Valley Hilltop Apricot Jam 475g,$4.95,$1.04/100g,https://www.igashop.com.au/static/default-product-image.png
I&J Flathead Fillets 500g,$12.25,$2.45/100g,"https://cdn.metcash.media/image/upload/f_auto,c_limit,w_300,q_auto/igashop/images/989461"
Dr. Oetker Midnight Magic Sprinkles 110g,$3.50,$3.18/100g,"https://cdn.metcash.media/image/upload/f_auto,c_limit,w_300,q_auto/igashop/images/789324"
Mutti Pizza Sauce Classica 280g,$2.45,$0.87/100g,"https://cdn.metcash.media/image/upload/f_auto,c_limit,w_300,q_auto/igashop/images/578210"
Gluten Free Artisans Bakers Precinct Pizza Bases 380g,$10.95,$2.88/100g,"https://cdn.metcash.media/image/upload/f_auto,c_limit,w_300,q_auto/igashop/images/190000004659"
Trill Bird Honey Stick Variety Budgerigar 105g,$4.25,$4.05/100g,"https://cdn.metcash.media/image/upload/f_auto,c_limit,w_300,q_auto/igashop/images/867606"
Chupa Chup Lollipop 12g,$0.65,$5.42/100g,"https://cdn.metcash.media/image/upload/f_auto,c_limit,w_300,q_auto/igashop/images/47353"
Hakubaku Organic Japanese Ramen Noodle 270g,$4.00,$1.48/100g,"https://cdn.metcash.media/image/upload/f_auto,c_limit,w_300,q_auto/igashop/images/956633"
Morning Fresh Dishwashing Liquid Lemon Antibacxterial 400mL,$6.00,$1.50/100mL,"https://cdn.metcash.media/image/upload/f_auto,c_limit,w_300,q_auto/igashop/images/297851"
Vitasoy Oat Yogurt Vanilla 140g,$3.00,$2.14/100g,"https://cdn.metcash.media/image/upload/f_auto,c_limit,w_300,q_auto/igashop/images/554800"
Kleenex Complete Clean Toilet Tissue 18 Pack,$11.00,$0.61 each,"https://cdn.metcash.media/image/upload/f_auto,c_limit,w_300,q_auto/igashop/images/763483"
Golden Circle Apple Juice 3L,$5.00,$1.67/1L,"https://cdn.metcash.media/image/upload/f_auto,c_limit,w_300,q_auto/igashop/images/325748"
Rafferty's Garden Nurture Immunity Blueberry Star Puffs 12M+ 12g,$2.20,$18.33/100g,https://www.igashop.com.au/static/default-product-image.png
Whiskas 1+ Years Wet Cat Food Tuna Can 400g,$2.10,$0.53/100g,"https://cdn.metcash.media/image/upload/f_auto,c_limit,w_300,q_auto/igashop/images/629260"
Nescafe Farmers Origins South Asia Coffee Nespresso Compatibles 46g,$5.90,$12.83/100g,"https://cdn.metcash.media/image/upload/f_auto,c_limit,w_300,q_auto/igashop/images/180000002320"
Heinz Ravioli Ricotta With Rich Bolognese & Garlic 350g,$4.50,$1.29/100g,"https://cdn.metcash.media/image/upload/f_auto,c_limit,w_300,q_auto/igashop/images/589981"
Mum's Favourites Mixed Fruit Biscuit 250g,$8.95,$3.58/100g,"https://cdn.metcash.media/image/upload/f_auto,c_limit,w_300,q_auto/igashop/images/20000005305"
Huon Japanese Fusion Salmon 200g,$13.50,$6.75/100g,https://www.igashop.com.au/static/default-product-image.png
Fab Fresh Frangipani Washing Liquid Laundry Detergent 1L,$9.20,$9.20/1L,"https://cdn.metcash.media/image/upload/f_auto,c_limit,w_300,q_auto/igashop/images/368746"
Multix Stand Up Bag Drawtight 3 Pack,$4.05,$1.35 each,"https://cdn.metcash.media/image/upload/f_auto,c_limit,w_300,q_auto/igashop/images/56831"
Red Seal Herbal Mint Toothpaste 110g,$5.50,$5.00/100g,"https://cdn.metcash.media/image/upload/f_auto,c_limit,w_300,q_auto/igashop/images/20000006771"
Arnott's Shapes Biscuits Gluten Free Chicken Crimpy 110g,$4.90,$4.45/100g,"https://cdn.metcash.media/image/upload/f_auto,c_limit,w_300,q_auto/igashop/images/1800000068010"
Chobani Greek Yoghurt Blueberry Pouch 140g,$2.70,$1.93/100g,"https://cdn.metcash.media/image/upload/f_auto,c_limit,w_300,q_auto/igashop/images/180000000048"
Heinz Soup Cream of Chicken 420g,$2.50,$0.60/100g,"https://cdn.metcash.media/image/upload/f_auto,c_limit,w_300,q_auto/igashop/images/15623"
Primo Twiggy Bites 150g,$5.10,$3.40/100g,"https://cdn.metcash.media/image/upload/f_auto,c_limit,w_300,q_auto/igashop/images/485179"
Turnip 180g,Final cost based on weight,$1.61/$8.95,"https://cdn.metcash.media/image/upload/f_auto,c_limit,w_300,q_auto/igashop/images/80060126"
Homestyle Bake MultiGrain Sliced 700g,$4.00,$0.57/100g,https://www.igashop.com.au/static/default-product-image.png
Nerada Peppermint & Ginger Tea 40 Pack,$6.00,$0.15 each,"https://cdn.metcash.media/image/upload/f_auto,c_limit,w_300,q_auto/igashop/images/3488"
Fussy Cat Luxe Dry Cat Food Chicken Freeze Dried Lamb 750g,$14.00,$1.87/100g,https://www.igashop.com.au/static/default-product-image.png
Sakata Sour Cream & Chives Rice Crackers 90g,$1.50,$1.67/100g,"https://cdn.metcash.media/image/upload/f_auto,c_limit,w_300,q_auto/igashop/images/671539"
Much Moore Marvels Mango Passion Ice Cream 2L,$12.50,$6.25/1L,"https://cdn.metcash.media/image/upload/f_auto,c_limit,w_300,q_auto/igashop/images/20000006729"
Comfort Fabric Softener Conditioner Pure White Sensitive 2L,$14.00,$7.00/1L,"https://cdn.metcash.media/image/upload/f_auto,c_limit,w_300,q_auto/igashop/images/650096"
Lynx Australia Antiperspirant Deodorant 165mL,$8.00,$4.85/100mL,"https://cdn.metcash.media/image/upload/f_auto,c_limit,w_300,q_auto/igashop/images/748836"
Beak & Sons Red Wine And Roasted Garlic Lamb Shoulder 550g,$15.30,$2.78/100g,https://www.igashop.com.au/static/default-product-image.png
Gravox Reduced Salt Traditional Gravy Mix Tin 120g,$5.00,$4.17/100g,"https://cdn.metcash.media/image/upload/f_auto,c_limit,w_300,q_auto/igashop/images/389726"
Connoisseur Choc Chip Cookie Ice Cream 1L,$9.00,$9.00/1L,"https://cdn.metcash.media/image/upload/f_auto,c_limit,w_300,q_auto/igashop/images/208242"
Keiths Dagwood Dogs 20 Pack,$2.50,$0.13 each,"https://cdn.metcash.media/image/upload/f_auto,c_limit,w_300,q_auto/igashop/images/873217"
Twinings Extra Strong English Breakfast Tea Bags 10 Pack,$3.00,$0.30 each,"https://cdn.metcash.media/image/upload/f_auto,c_limit,w_300,q_auto/igashop/images/298035"
Arnott's Gluten Free Jatz Crackers 150g,$4.90,$3.27/100g,"https://cdn.metcash.media/image/upload/f_auto,c_limit,w_300,q_auto/igashop/images/538883"
Finish Dishwasher Freshener Lemon & Lime 15g,$4.50,$30.00/100g,"https://cdn.metcash.media/image/upload/f_auto,c_limit,w_300,q_auto/igashop/images/160000014625"
KB Seafood Salmon Portion Skin On Japanese BBQ 260g,$17.35,$6.67/100g,https://www.igashop.com.au/static/default-product-image.png
Hrvst St Blood Bank Cold Press Juice 250mL,$4.30,$1.72/100mL,"https://cdn.metcash.media/image/upload/f_auto,c_limit,w_300,q_auto/igashop/images/20000006228"
Continental Rice Family Cheesy 190g,$2.75,$1.45/100g,"https://cdn.metcash.media/image/upload/f_auto,c_limit,w_300,q_auto/igashop/images/636550"
Betty Crocker Cake Mix Devils Food 450g,$3.00,$0.67/100g,"https://cdn.metcash.media/image/upload/f_auto,c_limit,w_300,q_auto/igashop/images/180000002927"
Cadbury Picnic 46g,$3.00,$6.52/100g,"https://cdn.metcash.media/image/upload/f_auto,c_limit,w_300,q_auto/igashop/images/386919"
Palmolive Kids Fashion Girl Hair Detangling Spray Rose Kisses For Wet & Dry Hair Trolls Poppy 250mL,$5.00,$2.00/100mL,"https://cdn.metcash.media/image/upload/f_auto,c_limit,w_300,q_auto/igashop/images/43668"
Lady Finger Bananas 450g,Final cost based on weight,$4.28/$9.50,"https://cdn.metcash.media/image/upload/f_auto,c_limit,w_300,q_auto/igashop/images/80060096"
Thomy Mayonnaise 470g,$7.50,$1.60/100g,"https://cdn.metcash.media/image/upload/f_auto,c_limit,w_300,q_auto/igashop/images/996183"
Dove Body Bar Sensitive 4 Pack,$9.50,$2.38 each,"https://cdn.metcash.media/image/upload/f_auto,c_limit,w_300,q_auto/igashop/images/233336"
Stoneybrook Raspberries Frozen 850g,$14.95,$1.76/100g,"https://cdn.metcash.media/image/upload/f_auto,c_limit,w_300,q_auto/igashop/images/20000005409"
OB Finest Specialty Crackers Gluten Free Fig & Pistachio 130g,$5.00,$3.85/100g,"https://cdn.metcash.media/image/upload/f_auto,c_limit,w_300,q_auto/igashop/images/752034"
Mr Chen's Pork & Chive Dumplings 300g,$7.30,$2.43/100g,"https://cdn.metcash.media/image/upload/f_auto,c_limit,w_300,q_auto/igashop/images/427249"
Always Fresh Olives Sicilian Pitted 230g,$4.80,$2.09/100g,"https://cdn.metcash.media/image/upload/f_auto,c_limit,w_300,q_auto/igashop/images/641796"
Posh Foods Truffle & Almond Pate 150g,$6.95,$4.63/100g,"https://cdn.metcash.media/image/upload/f_auto,c_limit,w_300,q_auto/igashop/images/20000000764"
Head & Shoulders Ultra Men Shampoo Deep Clean 400mL,$16.00,$4.00/100mL,"https://cdn.metcash.media/image/upload/f_auto,c_limit,w_300,q_auto/igashop/images/646385"
Fancy Hank's Original BBQ Sauce 375mL,$9.95,$2.65/100mL,"https://cdn.metcash.media/image/upload/f_auto,c_limit,w_300,q_auto/igashop/images/160000013512"
Black & Gold Bleach Lemon 2L,$1.70,$0.85/1L,"https://cdn.metcash.media/image/upload/f_auto,c_limit,w_300,q_auto/igashop/images/87078"
"Picante Fresh Avocado With Capsicum, Chives & Lime 170g",$5.50,$3.24/100g,"https://cdn.metcash.media/image/upload/f_auto,c_limit,w_300,q_auto/igashop/images/160000012340"
Ajax Disinfectant Citrus Wipes 110 Pack,$5.50,$0.05 each,"https://cdn.metcash.media/image/upload/f_auto,c_limit,w_300,q_auto/igashop/images/229905"
Brookfarm Wild Berry Granola 400g,$14.95,$3.74/100g,"https://cdn.metcash.media/image/upload/f_auto,c_limit,w_300,q_auto/igashop/images/20000000535"
Pedigree Dry Dog Food Real Beef Bag 3kg,$15.00,$5.00/kg,"https://cdn.metcash.media/image/upload/f_auto,c_limit,w_300,q_auto/igashop/images/443575"
Navel Oranges 260g,Final cost based on weight,$1.27/$4.90,"https://cdn.metcash.media/image/upload/f_auto,c_limit,w_300,q_auto/igashop/images/80060051"
Colgate Max White with Polishing Star Toothbrush Soft,$5.15,N/A,"https://cdn.metcash.media/image/upload/f_auto,c_limit,w_300,q_auto/igashop/images/14449"
Fardoulis Chocolate Dessert Pralines Collection 250g,$29.95,$11.98/100g,"https://cdn.metcash.media/image/upload/f_auto,c_limit,w_300,q_auto/igashop/images/20000000626"
Piksters Wiggles Toothpaste Strawberry 96g,$3.50,$3.65/100g,"https://cdn.metcash.media/image/upload/f_auto,c_limit,w_300,q_auto/igashop/images/192983"
Beef Porterhouse Steak 500g,Final cost based on weight,$25.00/$50.00,"https://cdn.metcash.media/image/upload/f_auto,c_limit,w_300,q_auto/igashop/images/80080022"
Schwarzkopf Extra Care Keratin Heat Protect Spray 250mL,$11.20,$4.48/100mL,"https://cdn.metcash.media/image/upload/f_auto,c_limit,w_300,q_auto/igashop/images/576988"
Hot Pot Casserole Base Curry 100g,$3.00,$3.00/100g,"https://cdn.metcash.media/image/upload/f_auto,c_limit,w_300,q_auto/igashop/images/328157"
"Bubs Organic Blueberry, Banana and Quinoa 120g",$2.60,$2.17/100g,"https://cdn.metcash.media/image/upload/f_auto,c_limit,w_300,q_auto/igashop/images/355222"
Hubba Bubba Groovy Grape Bubble Gum Tape 56g,$3.00,$5.36/100g,"https://cdn.metcash.media/image/upload/f_auto,c_limit,w_300,q_auto/igashop/images/624587"
Gotzinger Fine Liverwurst 250g,$6.95,$2.78/100g,"https://cdn.metcash.media/image/upload/f_auto,c_limit,w_300,q_auto/igashop/images/100627"
Ardmona Diced Vine Ripened Tomatoes 400g,$2.10,$0.53/100g,"https://cdn.metcash.media/image/upload/f_auto,c_limit,w_300,q_auto/igashop/images/414487"
Quest Chocolate Chip Protein Cookie 59g,$5.40,$9.15/100g,"https://cdn.metcash.media/image/upload/f_auto,c_limit,w_300,q_auto/igashop/images/999576"
Golden Gaytime Ice Cream Lamington 4 Pack,$10.00,$2.50 each,https://www.igashop.com.au/static/default-product-image.png
Ajax Spray n' Wipe Multi-Purpose Kitchen Household Cleaner Trigger Surface Spray Baking Soda & Citrus Stone Safe 500mL,$3.50,$0.70/100mL,"https://cdn.metcash.media/image/upload/f_auto,c_limit,w_300,q_auto/igashop/images/630326"
Sorbent Toilet Tissue Single Wrapped Box 18 Pack,$12.25,$0.68 each,https://www.igashop.com.au/static/default-product-image.png
Pandaroo Vermicelli Bean Thread 200g,$2.24,$1.12/100g,"https://cdn.metcash.media/image/upload/f_auto,c_limit,w_300,q_auto/igashop/images/20000005364"
Tip Top Cafe Bread Coconut Cranberry 500g,$5.50,$1.10/100g,https://www.igashop.com.au/static/default-product-image.png
Morning Fresh Dishwashing Liquid Original Fresh 900mL,$5.00,$0.56/100mL,"https://cdn.metcash.media/image/upload/f_auto,c_limit,w_300,q_auto/igashop/images/360646"
Always Fresh Roasted Peppers Whole 330g,$5.50,$1.67/100g,"https://cdn.metcash.media/image/upload/f_auto,c_limit,w_300,q_auto/igashop/images/642166"
Clairol Nice 'N Easy 6R Natural Light Auburn,$9.00,N/A,"https://cdn.metcash.media/image/upload/f_auto,c_limit,w_300,q_auto/igashop/images/190000002195"
MasterFoods Sweet & Sour Sauce 270g,$3.50,$1.30/100g,"https://cdn.metcash.media/image/upload/f_auto,c_limit,w_300,q_auto/igashop/images/355926"
OMO Sensitive Laundry Liquid Detergent Front & Top Loader 4L,$27.00,$6.75/1L,"https://cdn.metcash.media/image/upload/f_auto,c_limit,w_300,q_auto/igashop/images/624786"
On The Menu Korean BBQ Meatballs Bowl 350g,$7.90,$2.26/100g,https://www.igashop.com.au/static/default-product-image.png
Lo Bros Kombucha Organic Passionfruit 4 Pack,$7.30,$1.83 each,"https://cdn.metcash.media/image/upload/f_auto,c_limit,w_300,q_auto/igashop/images/180000000100"
Campbell's Real Vegetable Liquid Stock 500mL,$2.75,$0.55/100mL,"https://cdn.metcash.media/image/upload/f_auto,c_limit,w_300,q_auto/igashop/images/95885"
Vittoria Espresso Blend Coffee Bags 20 Pack,$14.50,$0.73 each,"https://cdn.metcash.media/image/upload/f_auto,c_limit,w_300,q_auto/igashop/images/397431"
Lindt Excellence Dark Sea Salt Caramel 100g,$4.95,$4.95/100g,"https://cdn.metcash.media/image/upload/f_auto,c_limit,w_300,q_auto/igashop/images/317240"
Steggles Fresh Premium Chicken Mince 500g,$7.50,$1.50/100g,"https://cdn.metcash.media/image/upload/f_auto,c_limit,w_300,q_auto/igashop/images/886278"
Sirena Tuna Pesto 95g,$2.95,$3.11/100g,https://www.igashop.com.au/static/default-product-image.png
Steggles Frozen Turkey Hindquarter 1.4kg,$5.00,$3.57/kg,"https://cdn.metcash.media/image/upload/f_auto,c_limit,w_300,q_auto/igashop/images/150000007699"
Bega Smooth Peanut Butter 200g,$3.70,$1.85/100g,"https://cdn.metcash.media/image/upload/f_auto,c_limit,w_300,q_auto/igashop/images/31899"
Croco Pretzel & Cracker Mix 500g,$2.00,$0.40/100g,"https://cdn.metcash.media/image/upload/f_auto,c_limit,w_300,q_auto/igashop/images/990776"
Maggie Beer Products Olives Mediterranean Olives 185g,$6.95,$3.76/100g,https://www.igashop.com.au/static/default-product-image.png
Leggo's Pasta Bake White Lasagne 490g,$4.30,$0.88/100g,"https://cdn.metcash.media/image/upload/f_auto,c_limit,w_300,q_auto/igashop/images/885777"
Nair Sugar Wax 350mL,$18.20,$5.20/100mL,"https://cdn.metcash.media/image/upload/f_auto,c_limit,w_300,q_auto/igashop/images/882994"
Energizer 2032 3V Lithium Batteries 4 Pack,$21.80,$5.45 each,"https://cdn.metcash.media/image/upload/f_auto,c_limit,w_300,q_auto/igashop/images/20000007351"
Robert Timms Coffee Bags Intense 24 Pack,$13.00,$0.54 each,"https://cdn.metcash.media/image/upload/f_auto,c_limit,w_300,q_auto/igashop/images/1800000067829"
Saunders Malt Extract 1kg,$10.00,$10.00/kg,"https://cdn.metcash.media/image/upload/f_auto,c_limit,w_300,q_auto/igashop/images/20000005418"
Powerade ION4 Gold Rush Sports Drink Sipper Cap 600mL,$2.70,$0.45/100mL,"https://cdn.metcash.media/image/upload/f_auto,c_limit,w_300,q_auto/igashop/images/477354_1"
Allpress Coffee Still Iced Coffee 4 Pack,$10.90,$2.73 each,https://www.igashop.com.au/static/default-product-image.png
MasterFoods Herbs & Spices Dill Leaf Tips 10g,$3.50,$35.00/100g,"https://cdn.metcash.media/image/upload/f_auto,c_limit,w_300,q_auto/igashop/images/363539"
Indomie Instant Noodles Hot & Spicy Mi Goreng 80g,$1.00,$1.25/100g,"https://cdn.metcash.media/image/upload/f_auto,c_limit,w_300,q_auto/igashop/images/190000000995"
Johnson's Bedtime Baby Lotion 200mL,$6.50,$3.25/100mL,"https://cdn.metcash.media/image/upload/f_auto,c_limit,w_300,q_auto/igashop/images/35615"
Flora ProActiv Olive Oil Spread 450g,$10.00,$2.22/100g,"https://cdn.metcash.media/image/upload/f_auto,c_limit,w_300,q_auto/igashop/images/660180"
Wattie's Wok Creations Chinese Style Stir-Fry Vegetables 400g,$4.70,$1.18/100g,"https://cdn.metcash.media/image/upload/f_auto,c_limit,w_300,q_auto/igashop/images/17735"
Cadbury Dairy Milk Peppermint Chocolate Block 180g,$4.00,$2.22/100g,"https://cdn.metcash.media/image/upload/f_auto,c_limit,w_300,q_auto/igashop/images/462126"
Bellamy's Organic Step 1 Infant Formula 900g,$36.00,$4.00/100g,"https://cdn.metcash.media/image/upload/f_auto,c_limit,w_300,q_auto/igashop/images/489880"
Hershey's Chocolate Cookies N Creme Salted Caramel 38g,$2.50,$6.58/100g,https://www.igashop.com.au/static/default-product-image.png
French Fries Single Pack Original 45g,$1.45,$3.22/100g,"https://cdn.metcash.media/image/upload/f_auto,c_limit,w_300,q_auto/igashop/images/843327"
Jordans Simply Crunchy Oat Granola Honey 750g,$7.00,$0.93/100g,"https://cdn.metcash.media/image/upload/f_auto,c_limit,w_300,q_auto/igashop/images/837834"
Garofalo Gluten Free Casarecce Pasta 400g,$6.50,$1.63/100g,"https://cdn.metcash.media/image/upload/f_auto,c_limit,w_300,q_auto/igashop/images/160000013924"
Sellotape Mounting Tape 12mmx2m,$4.95,N/A,"https://cdn.metcash.media/image/upload/f_auto,c_limit,w_300,q_auto/igashop/images/236402"
Primo Hot Hungarian Salami 80g,$3.00,$3.75/100g,"https://cdn.metcash.media/image/upload/f_auto,c_limit,w_300,q_auto/igashop/images/621835"
Whiskas So Fishy Recipes Wet Cat Food Seafood Servings in Jelly 12 Pack,$14.50,$1.21 each,"https://cdn.metcash.media/image/upload/f_auto,c_limit,w_300,q_auto/igashop/images/798768"
Duracell Coppertop Battery 9V,$9.55,N/A,"https://cdn.metcash.media/image/upload/f_auto,c_limit,w_300,q_auto/igashop/images/274065"
Noshu 95% Sugar Free Banana Bread Slices 240g,$7.50,$3.13/100g,https://www.igashop.com.au/static/default-product-image.png
Snickers Brownie Funsize 180g,$7.50,$4.17/100g,"https://cdn.metcash.media/image/upload/f_auto,c_limit,w_300,q_auto/igashop/images/180000004823"
Schweppes Lime Juice Cordial 750mL,$4.00,$0.53/100mL,"https://cdn.metcash.media/image/upload/f_auto,c_limit,w_300,q_auto/igashop/images/12900"
Global Seafoods Wild Caught Southern Blue Whiting 1kg,$15.80,$15.80/kg,"https://cdn.metcash.media/image/upload/f_auto,c_limit,w_300,q_auto/igashop/images/102700"
Bisto Gravy Granules 170g,$9.50,$5.59/100g,"https://cdn.metcash.media/image/upload/f_auto,c_limit,w_300,q_auto/igashop/images/360243"
MasterFoods Wholegrain Mustard 175g,$3.00,$1.71/100g,"https://cdn.metcash.media/image/upload/f_auto,c_limit,w_300,q_auto/igashop/images/343212"
Brookfarm Prebiotic Wholefood Bar Salted Caramel & Almond 40g,$3.00,$7.50/100g,"https://cdn.metcash.media/image/upload/f_auto,c_limit,w_300,q_auto/igashop/images/150000008216"
Moccona Classic Medium Roast Freeze Dried Instant Coffee Refill Pouch 300g,$19.00,$6.33/100g,"https://cdn.metcash.media/image/upload/f_auto,c_limit,w_300,q_auto/igashop/images/1800000067707"
Aerogard Home Flying Insect Killer Spray 300mL,$11.00,$3.67/100mL,"https://cdn.metcash.media/image/upload/f_auto,c_limit,w_300,q_auto/igashop/images/911984"
Twinings Earl Grey Loose Leaf Tea 125g,$7.50,$6.00/100g,"https://cdn.metcash.media/image/upload/f_auto,c_limit,w_300,q_auto/igashop/images/15649"
Cuddly Ultra Complete Care Wild Rose 850mL,$6.00,$0.71/100mL,"https://cdn.metcash.media/image/upload/f_auto,c_limit,w_300,q_auto/igashop/images/820264"
First Press Almond Milk Coffee No Added Sugar 350mL,$4.70,$1.34/100mL,"https://cdn.metcash.media/image/upload/f_auto,c_limit,w_300,q_auto/igashop/images/20000006224"
Black & Gold Corn Cobs 1kg,$5.00,$5.00/kg,"https://cdn.metcash.media/image/upload/f_auto,c_limit,w_300,q_auto/igashop/images/143921"
Youfoodz Clean Chicken with Sweet Potato & Broccoli 300g,$10.95,$3.65/100g,"https://cdn.metcash.media/image/upload/f_auto,c_limit,w_300,q_auto/igashop/images/150000006543"
Schweppes Natural Mineral Water Orange & Mango 1.1L,$1.25,$1.14/1L,"https://cdn.metcash.media/image/upload/f_auto,c_limit,w_300,q_auto/igashop/images/852782"
Uncle Tobys Plus Protein 410g,$5.50,$1.34/100g,"https://cdn.metcash.media/image/upload/f_auto,c_limit,w_300,q_auto/igashop/images/776119"
So Good Long Life Barista Almond Milk 1L,$4.00,$4.00/1L,"https://cdn.metcash.media/image/upload/f_auto,c_limit,w_300,q_auto/igashop/images/538134"
Schweppes Cordial Lemon Lime & Bitters Syrup 300mL,$3.50,$11.67/1L,"https://cdn.metcash.media/image/upload/f_auto,c_limit,w_300,q_auto/igashop/images/654401"
Rudolph Jam Drops 200g,$5.25,$2.63/100g,https://www.igashop.com.au/static/default-product-image.png
Eveready Dolphin Led Torch Mk7,$24.50,N/A,"https://cdn.metcash.media/image/upload/f_auto,c_limit,w_300,q_auto/igashop/images/627001"
Empire Pizzaza Bcf 600g,$9.99,$1.67/100g,https://www.igashop.com.au/static/default-product-image.png
Wolf Blass Shiraz Zero Alcohol 750mL,$12.45,$1.66/100mL,https://www.igashop.com.au/static/default-product-image.png
Schwarzkopf Got2B Spiking Glue Glued 150mL,$11.50,$7.67/100mL,"https://cdn.metcash.media/image/upload/f_auto,c_limit,w_300,q_auto/igashop/images/247961"
Olay Complete Moisturiser Lotion UV Protection Normal/Dry SPF 15 150mL,$16.00,$10.67/100mL,"https://cdn.metcash.media/image/upload/f_auto,c_limit,w_300,q_auto/igashop/images/466858"
Saxa Natural Sea Salt Flakes 200g,$9.70,$4.85/100g,"https://cdn.metcash.media/image/upload/f_auto,c_limit,w_300,q_auto/igashop/images/61865"
Dove Men+Care Advanced Care Antiperspirant Roll On Invisible Dry 50mL,$5.00,$10.00/100mL,"https://cdn.metcash.media/image/upload/f_auto,c_limit,w_300,q_auto/igashop/images/323835"
Uncle Tobys Cereal Bar Protein Bar Strawberry & Crème 175g,$4.70,$2.69/100g,"https://cdn.metcash.media/image/upload/f_auto,c_limit,w_300,q_auto/igashop/images/180000004818"
Vegemite Gluten Free Spread 235g,$5.70,$2.43/100g,"https://cdn.metcash.media/image/upload/f_auto,c_limit,w_300,q_auto/igashop/images/336919"
Canon Foods Crunchy Garlic Chicken Breast 1kg,$18.35,$18.35/kg,"https://cdn.metcash.media/image/upload/f_auto,c_limit,w_300,q_auto/igashop/images/128748"
Youjuice Golden Sunrise 350mL,$3.40,$9.71/1L,"https://cdn.metcash.media/image/upload/f_auto,c_limit,w_300,q_auto/igashop/images/247453"
Depend Adult Care Shields For Men 14 Pack,$9.50,$0.68 each,"https://cdn.metcash.media/image/upload/f_auto,c_limit,w_300,q_auto/igashop/images/397614"
Birds Eye Steamed Fresh Peas Corn Broccoli 750g,$5.50,$0.73/100g,"https://cdn.metcash.media/image/upload/f_auto,c_limit,w_300,q_auto/igashop/images/105096"
Barilla Al Bronzo Linguine 400g,$4.00,$1.00/100g,"https://cdn.metcash.media/image/upload/f_auto,c_limit,w_300,q_auto/igashop/images/52484"
Local Kitchen Chicken & Poke Rice 260g,$12.50,$4.81/100g,"https://cdn.metcash.media/image/upload/f_auto,c_limit,w_300,q_auto/igashop/images/475179"
Golden Circle Sunshine Punch Fruit Drink 1L,$2.40,$2.40/1L,"https://cdn.metcash.media/image/upload/f_auto,c_limit,w_300,q_auto/igashop/images/59279"
Easy-Off Bam Cleaning Products Soapscum Trigger 750mL,$8.50,$1.13/100mL,"https://cdn.metcash.media/image/upload/f_auto,c_limit,w_300,q_auto/igashop/images/570940"
Tommee Tippee Natural Start Baby Bottle Teats Medium Flow 3+ Months 2 Pack,$13.00,$6.50 each,https://www.igashop.com.au/static/default-product-image.png
Felix Adult As Good as it Looks Meat Menus in Jelly Wet Cat Food 24 Pack,$21.00,$0.88 each,"https://cdn.metcash.media/image/upload/f_auto,c_limit,w_300,q_auto/igashop/images/544177"
Fixodent Complete Original 65g,$14.30,$22.00/100g,"https://cdn.metcash.media/image/upload/f_auto,c_limit,w_300,q_auto/igashop/images/188748"
Radox Bath Salt Muscle Relax Peppermint 900g,$9.30,$1.03/100g,"https://cdn.metcash.media/image/upload/f_auto,c_limit,w_300,q_auto/igashop/images/882855"
Continental Pasta & Sauce Macaroni Cheese 105g,$3.00,$2.86/100g,"https://cdn.metcash.media/image/upload/f_auto,c_limit,w_300,q_auto/igashop/images/397363"
Lee Kum Kee Sauce Chicken And Honey Soy Pouch 120g,$2.70,$2.25/100g,"https://cdn.metcash.media/image/upload/f_auto,c_limit,w_300,q_auto/igashop/images/315816"
SKYN Intense Feel Condoms 10 Pack,$10.40,$1.04 each,"https://cdn.metcash.media/image/upload/f_auto,c_limit,w_300,q_auto/igashop/images/160000003246"
Butlers Twist Wrap Mint Chocolate Truffles & Fondant 170g,$17.95,$10.56/100g,"https://cdn.metcash.media/image/upload/f_auto,c_limit,w_300,q_auto/igashop/images/190000002086"
Marion's Kitchen Sticky Chilli Ginger 240mL,$5.00,$2.08/100mL,"https://cdn.metcash.media/image/upload/f_auto,c_limit,w_300,q_auto/igashop/images/840353"
Youjuice Multivitamin Squeeze Juice 350mL,$4.40,$1.26/100mL,"https://cdn.metcash.media/image/upload/f_auto,c_limit,w_300,q_auto/igashop/images/150000006558"
Surfcoast Free Range Eggs XLarge 700g,$10.50,$1.50/100g,https://www.igashop.com.au/static/default-product-image.png
Masterfoods Herbs And Spices Garlic Granules Jar 45g,$3.50,$7.78/100g,"https://cdn.metcash.media/image/upload/f_auto,c_limit,w_300,q_auto/igashop/images/367122"
Deeko Paper Cups 15 Pack,$3.15,$0.21 each,"https://cdn.metcash.media/image/upload/f_auto,c_limit,w_300,q_auto/igashop/images/180000004738"
Fussy Cat Grain Free Prime Steak Mince Chilled Cat Food 5 Pack,$5.80,$1.16 each,"https://cdn.metcash.media/image/upload/f_auto,c_limit,w_300,q_auto/igashop/images/163963"
Mortein NaturGard Multi-Insect Automatic Refill Fragrance Free 152g,$20.00,$13.16/100g,"https://cdn.metcash.media/image/upload/f_auto,c_limit,w_300,q_auto/igashop/images/280621"
Sara Lee Puddings Chocolate 475g,$6.30,$1.33/100g,"https://cdn.metcash.media/image/upload/f_auto,c_limit,w_300,q_auto/igashop/images/121466"
Oreo Sandwich 4 Pack,$11.50,$2.88 each,"https://cdn.metcash.media/image/upload/f_auto,c_limit,w_300,q_auto/igashop/images/574075"
Korbond Patterned Candles,$2.99,N/A,"https://cdn.metcash.media/image/upload/f_auto,c_limit,w_300,q_auto/igashop/images/248381"
Masterfoods Herbs And Spices Chilli Flakes 22g,$3.50,$15.91/100g,"https://cdn.metcash.media/image/upload/f_auto,c_limit,w_300,q_auto/igashop/images/180000005704"
Marbig Colourhide Chunky A5 400 Page,$7.00,N/A,"https://cdn.metcash.media/image/upload/f_auto,c_limit,w_300,q_auto/igashop/images/710883"
Peppercorn Beef Meatballs 360g,$9.96,$2.77/100g,"https://cdn.metcash.media/image/upload/f_auto,c_limit,w_300,q_auto/igashop/images/880117"
Pauls Vanilla Flavoured Yoghurt Pouch 70g,$1.30,$1.86/100g,"https://cdn.metcash.media/image/upload/f_auto,c_limit,w_300,q_auto/igashop/images/458208"
BIC Razor Soleil Glow 3 Pack,$10.00,$3.33 each,"https://cdn.metcash.media/image/upload/f_auto,c_limit,w_300,q_auto/igashop/images/422401"
Red Bull Energy Drink Juneberry Summer Edition 4 Pack,$12.00,$3.00 each,https://www.igashop.com.au/static/default-product-image.png
Slape & Sons Greek Rosemary & Garlic Sausages 480g,$9.00,$1.87/100g,"https://cdn.metcash.media/image/upload/f_auto,c_limit,w_300,q_auto/igashop/images/20000004968"
Jen's Traditional Anzac Biscuits 300g,$10.50,$3.50/100g,"https://cdn.metcash.media/image/upload/f_auto,c_limit,w_300,q_auto/igashop/images/190000004882"
NIVEA Aloe & Soothing Body Lotion 400mL,$9.50,$2.38/100mL,"https://cdn.metcash.media/image/upload/f_auto,c_limit,w_300,q_auto/igashop/images/190000009970"
D'Orsogna Riverland Cooking Bacon 1kg,$9.99,$9.99/kg,https://www.igashop.com.au/static/default-product-image.png
Pork Medallions 500g,Final cost based on weight,$16.50/$33.00,"https://cdn.metcash.media/image/upload/f_auto,c_limit,w_300,q_auto/igashop/images/80080038"
Kellogg's Nutri-Grain Protein 765g,$10.80,$1.41/100g,"https://cdn.metcash.media/image/upload/f_auto,c_limit,w_300,q_auto/igashop/images/527269"
Chux Original Superwipes Giant 10 Pack,$6.50,$0.65 each,"https://cdn.metcash.media/image/upload/f_auto,c_limit,w_300,q_auto/igashop/images/68090"
Fresh Bake Lemon Cream Cake 300g,$8.95,$2.98/100g,"https://cdn.metcash.media/image/upload/f_auto,c_limit,w_300,q_auto/igashop/images/20000000606"
OMO Quickwash Laundry Liquid Odour Refresh 1.94L,$15.50,$7.99/1L,"https://cdn.metcash.media/image/upload/f_auto,c_limit,w_300,q_auto/igashop/images/1800000067765"
Cadbury Caramello Baubles Bag 114g,$2.00,$1.75/100g,"https://cdn.metcash.media/image/upload/f_auto,c_limit,w_300,q_auto/igashop/images/570534"
DON Kabana Minis Original 140g,$5.00,$3.57/100g,"https://cdn.metcash.media/image/upload/f_auto,c_limit,w_300,q_auto/igashop/images/20000006965"
Chupa Chups Incredible Chew Confectionery Grape 45g,$1.50,$3.33/100g,"https://cdn.metcash.media/image/upload/f_auto,c_limit,w_300,q_auto/igashop/images/156241"
Castello Double Cream Truffle Cheese 150g,$7.95,$5.30/100g,"https://cdn.metcash.media/image/upload/f_auto,c_limit,w_300,q_auto/igashop/images/20000000286"
Cadbury Easter Eggs Mini Eggs Countlines 32g,$3.00,$9.38/100g,"https://cdn.metcash.media/image/upload/f_auto,c_limit,w_300,q_auto/igashop/images/180000003533"
Leggo's Organic Tomato Paste 500g,$5.50,$1.10/100g,"https://cdn.metcash.media/image/upload/f_auto,c_limit,w_300,q_auto/igashop/images/20000005277"
GARNIER Fructis Colour Last Shampoo 850mL,$10.00,$1.18/100mL,"https://cdn.metcash.media/image/upload/f_auto,c_limit,w_300,q_auto/igashop/images/966853"
Primo Middle Rindless Bacon 250g,$5.70,$2.28/100g,"https://cdn.metcash.media/image/upload/f_auto,c_limit,w_300,q_auto/igashop/images/143028"
Mentos Clean Breath Peppermint 35g,$3.20,$9.14/100g,"https://cdn.metcash.media/image/upload/f_auto,c_limit,w_300,q_auto/igashop/images/304459"
Pork Pies Final cost based on weight,$8.50,N/A,"https://cdn.metcash.media/image/upload/f_auto,c_limit,w_300,q_auto/igashop/images/80075003"
Safcol Tapas Chilean Mussels In Spanish Escabeche Style Sauce 105g,$2.80,$2.67/100g,"https://cdn.metcash.media/image/upload/f_auto,c_limit,w_300,q_auto/igashop/images/853327"
Capi Sparkling Mineral Water 750mL,$3.90,$0.52/100mL,"https://cdn.metcash.media/image/upload/f_auto,c_limit,w_300,q_auto/igashop/images/190000010333"
Fresh Bake Madeline Lemon Cakes 200g,$4.95,$2.48/100g,https://www.igashop.com.au/static/default-product-image.png
V.I.P. Pets First Choice 20% Free 3kg 3kg,$6.90,$2.30/kg,"https://cdn.metcash.media/image/upload/f_auto,c_limit,w_300,q_auto/igashop/images/183905"
Harpic Fresh Power Toilet Cleaning Tablets Mountain Pine 6 Pack,$7.00,$1.17 each,"https://cdn.metcash.media/image/upload/f_auto,c_limit,w_300,q_auto/igashop/images/633293"
Leggos Gourmet Rich Tomato Passata 400g,$3.30,$0.83/100g,"https://cdn.metcash.media/image/upload/f_auto,c_limit,w_300,q_auto/igashop/images/180000006318"
Magnum Frozen Dessert Euphoria 3 Pack,$10.00,$3.33 each,"https://cdn.metcash.media/image/upload/f_auto,c_limit,w_300,q_auto/igashop/images/696479"
Old El Paso Chunky Salsa Dip Hot 312g,$5.00,$1.60/100g,"https://cdn.metcash.media/image/upload/f_auto,c_limit,w_300,q_auto/igashop/images/643599"
Always Fresh Kalamata Olives Pitted Organic 220g,$5.50,$2.50/100g,"https://cdn.metcash.media/image/upload/f_auto,c_limit,w_300,q_auto/igashop/images/687690"
Bakers Oven Multigrain Sandwich Bread 700g,$3.40,$0.49/100g,"https://cdn.metcash.media/image/upload/f_auto,c_limit,w_300,q_auto/igashop/images/577780"
Lo Bros Kombucha Organic Ginger Beer 330mL,$3.60,$1.09/100mL,"https://cdn.metcash.media/image/upload/f_auto,c_limit,w_300,q_auto/igashop/images/180000000098"
John West Tuna & Beans Roasted Capsicum & Three Beans 185g,$4.60,$2.49/100g,"https://cdn.metcash.media/image/upload/f_auto,c_limit,w_300,q_auto/igashop/images/405878"
Fab Fresh Blossoms Laundry Liquid 1L,$6.50,$6.50/1L,"https://cdn.metcash.media/image/upload/f_auto,c_limit,w_300,q_auto/igashop/images/20000000868"
Shale Point Camebert 200g,$11.00,$5.50/100g,"https://cdn.metcash.media/image/upload/f_auto,c_limit,w_300,q_auto/igashop/images/7342"
Bakers Collection Skiparoos Cookies & Cream Biscuits 200g,$6.50,$3.25/100g,"https://cdn.metcash.media/image/upload/f_auto,c_limit,w_300,q_auto/igashop/images/20000006051"
Community Co Clean Freak Bathroom Wipes 50 Pack,$2.25,$0.05 each,"https://cdn.metcash.media/image/upload/f_auto,c_limit,w_300,q_auto/igashop/images/905307"
Fancy Feast Royale Adult Cat Food Tuna With Shrimp 85g,$2.70,$3.18/100g,"https://cdn.metcash.media/image/upload/f_auto,c_limit,w_300,q_auto/igashop/images/418148"
Bega Lunch On The Go Tomato Chutney 110g,$5.50,$5.00/100g,"https://cdn.metcash.media/image/upload/f_auto,c_limit,w_300,q_auto/igashop/images/1800000068011"
Colgate Advanced Whitening Tartar Control Toothpaste 200g,$11.00,$5.50/100g,"https://cdn.metcash.media/image/upload/f_auto,c_limit,w_300,q_auto/igashop/images/514863"
Australian Botanical Soap Eucalypt 200g,$4.40,$2.20/100g,"https://cdn.metcash.media/image/upload/f_auto,c_limit,w_300,q_auto/igashop/images/301943"
Streets Golden Gaytime Ice Cream Bites Chocolate 16 Pack,$11.00,$0.69 each,"https://cdn.metcash.media/image/upload/f_auto,c_limit,w_300,q_auto/igashop/images/571263"
Cadbury Dream White Chocolate 180g,$4.00,$2.22/100g,"https://cdn.metcash.media/image/upload/f_auto,c_limit,w_300,q_auto/igashop/images/469157"
Ferrero Rocher White Easter Eggs 90g,$8.65,$9.61/100g,"https://cdn.metcash.media/image/upload/f_auto,c_limit,w_300,q_auto/igashop/images/837177"
Schmackos Tasty Bites Dog Treat Chewy Cubes with Chicken Chew 130g,$4.00,$3.08/100g,"https://cdn.metcash.media/image/upload/f_auto,c_limit,w_300,q_auto/igashop/images/844247"
Cadbury Old Gold inspired by Bundaberg Rum 180g,$4.00,$2.22/100g,"https://cdn.metcash.media/image/upload/f_auto,c_limit,w_300,q_auto/igashop/images/1800000071685"
The Cheesecake Shop Quarter French Vanilla 260g,$15.30,$5.88/100g,https://www.igashop.com.au/static/default-product-image.png
Maxibon Vanilla,$5.60,N/A,"https://cdn.metcash.media/image/upload/f_auto,c_limit,w_300,q_auto/igashop/images/20000004878"
Tommee Tippee Closer to Nature Fun Style Soothers 2 Pack,$12.00,$6.00 each,"https://cdn.metcash.media/image/upload/f_auto,c_limit,w_300,q_auto/igashop/images/691377"
Smith's Single Pack Crinkle Chicken 45g,$2.20,$4.89/100g,"https://cdn.metcash.media/image/upload/f_auto,c_limit,w_300,q_auto/igashop/images/836744"
Dollar Sweets Choclettes 115g,$3.50,$3.04/100g,"https://cdn.metcash.media/image/upload/f_auto,c_limit,w_300,q_auto/igashop/images/982309"
Multix Freezer Bags Large 40 Pack,$3.00,$0.08 each,"https://cdn.metcash.media/image/upload/f_auto,c_limit,w_300,q_auto/igashop/images/50089"
Enzo's Penne Con Pollo 300g,$10.95,$3.65/100g,"https://cdn.metcash.media/image/upload/f_auto,c_limit,w_300,q_auto/igashop/images/190000001304"
Nurofen For Children 7and Pain and Fever Relief Chewable Capsules 100mg Ibuprofen Orange 24 Pack,$18.00,$0.75 each,"https://cdn.metcash.media/image/upload/f_auto,c_limit,w_300,q_auto/igashop/images/669362"
Mersey Valley Ploughmans Vintage Club Cheddar 235g,$9.90,$4.21/100g,"https://cdn.metcash.media/image/upload/f_auto,c_limit,w_300,q_auto/igashop/images/165070"
Maybelline Colossal Curl Bounce Waterproof Mascara - Very Black 10mL,$26.00,$260.00/100mL,"https://cdn.metcash.media/image/upload/f_auto,c_limit,w_300,q_auto/igashop/images/349917"
Perfect Italiano Perfect Pizza Cheese 150g,$4.00,$2.67/100g,"https://cdn.metcash.media/image/upload/f_auto,c_limit,w_300,q_auto/igashop/images/936311"
Dettol Healthy Touch Liquid Antibacterial Instant Hand Sanitiser 50mL,$4.00,$8.00/100mL,"https://cdn.metcash.media/image/upload/f_auto,c_limit,w_300,q_auto/igashop/images/610978"
Pine O Cleen Biodegradable Disinfectant Wipes Lemon 60 Pack,$5.95,$0.10 each,"https://cdn.metcash.media/image/upload/f_auto,c_limit,w_300,q_auto/igashop/images/1800000067781"
Bakers Collection Traditional Pudding 400g,$13.00,$3.25/100g,"https://cdn.metcash.media/image/upload/f_auto,c_limit,w_300,q_auto/igashop/images/180000002099"
Byron Bay Red Bean Salsa 300g,$5.75,$1.92/100g,"https://cdn.metcash.media/image/upload/f_auto,c_limit,w_300,q_auto/igashop/images/190000004354"
Trident Instant Soup Chinese Chicken Sweet 60g,$2.80,$4.67/100g,"https://cdn.metcash.media/image/upload/f_auto,c_limit,w_300,q_auto/igashop/images/572714"
Community Co Ciabatta Roll 4 Pack,$3.85,$0.96 each,"https://cdn.metcash.media/image/upload/f_auto,c_limit,w_300,q_auto/igashop/images/327075"
Vaalia Probiotic Yoghurt French Vanilla 4 Pack,$5.00,$1.25 each,"https://cdn.metcash.media/image/upload/f_auto,c_limit,w_300,q_auto/igashop/images/163303"
B Honey Ironbark 325g,$8.20,$2.52/100g,"https://cdn.metcash.media/image/upload/f_auto,c_limit,w_300,q_auto/igashop/images/170000000663"
McKenzie's Chana Dal 375g,$2.45,$0.65/100g,"https://cdn.metcash.media/image/upload/f_auto,c_limit,w_300,q_auto/igashop/images/180000005533"
Orgran Gluten Free All Purpose Plain Flour 500g,$5.95,$1.19/100g,"https://cdn.metcash.media/image/upload/f_auto,c_limit,w_300,q_auto/igashop/images/59596"
SunRice Naturally Brown Rice and Quinoa 750g,$3.50,$0.47/100g,"https://cdn.metcash.media/image/upload/f_auto,c_limit,w_300,q_auto/igashop/images/394357"
Neutrogena Deep Clean Foaming Cleanser Oil Control 175g,$20.00,$11.43/100g,"https://cdn.metcash.media/image/upload/f_auto,c_limit,w_300,q_auto/igashop/images/402760"
Campbell's Country Ladle Canned Soup Chicken & Sweet Corn 505g,$3.50,$0.69/100g,"https://cdn.metcash.media/image/upload/f_auto,c_limit,w_300,q_auto/igashop/images/686343"
OMO Laundry Capsules Ultimate Laundry Capsules 50 Pack,$39.50,$0.79 each,"https://cdn.metcash.media/image/upload/f_auto,c_limit,w_300,q_auto/igashop/images/171584"
Lindt Teddy Gold & Red 100g,$2.00,$2.00/100g,"https://cdn.metcash.media/image/upload/f_auto,c_limit,w_300,q_auto/igashop/images/540165"
Raid Light Trap Primary,$10.20,N/A,https://www.igashop.com.au/static/default-product-image.png
La Casa Del Formaggio Mozzarella 250g,$5.65,$2.26/100g,"https://cdn.metcash.media/image/upload/f_auto,c_limit,w_300,q_auto/igashop/images/190000002805"
Birds Eye Plant Based Chicken Style Tenders 300g,$6.80,$2.27/100g,"https://cdn.metcash.media/image/upload/f_auto,c_limit,w_300,q_auto/igashop/images/180000001342"
Oreo Family Pack Chocolate 370g,$3.50,$0.95/100g,"https://cdn.metcash.media/image/upload/f_auto,c_limit,w_300,q_auto/igashop/images/727518"
Arnott's Cheeseboard Cracker Assortment 250g,$6.90,$2.76/100g,"https://cdn.metcash.media/image/upload/f_auto,c_limit,w_300,q_auto/igashop/images/20000003194"
Roza's Gourmet Classic Mayonaise 240mL,$9.95,$4.15/100mL,"https://cdn.metcash.media/image/upload/f_auto,c_limit,w_300,q_auto/igashop/images/7928"
Black & Gold X-Large Caged Eggs 12 Pack,$6.00,$0.50 each,"https://cdn.metcash.media/image/upload/f_auto,c_limit,w_300,q_auto/igashop/images/174197"
Tip Top English Muffins Bakery Goods Pizza Flavoured 360g,$6.20,$1.72/100g,"https://cdn.metcash.media/image/upload/f_auto,c_limit,w_300,q_auto/igashop/images/180000005620"
Cleaver's Organic Premium Beef Mince 500g,Final cost based on weight,$13.25/$26.50,"https://cdn.metcash.media/image/upload/f_auto,c_limit,w_300,q_auto/igashop/images/180071"
Bic Simply Soleil Disposable Razor 3 Pack,$4.60,$1.53 each,"https://cdn.metcash.media/image/upload/f_auto,c_limit,w_300,q_auto/igashop/images/20000004772"
Hershey's Chocolate Cookies N Creme King Size 73g,$4.10,$5.62/100g,https://www.igashop.com.au/static/default-product-image.png
Pereg Italian Panko Bread Crumbs 255g,$7.95,$3.12/100g,https://www.igashop.com.au/static/default-product-image.png
Peters Maxibon Monster Cookie 4 Pack,$11.50,$2.88 each,"https://cdn.metcash.media/image/upload/f_auto,c_limit,w_300,q_auto/igashop/images/211295"
Bragg Organic Apple Cider Vinegar 473mL,$12.95,$2.74/100mL,"https://cdn.metcash.media/image/upload/f_auto,c_limit,w_300,q_auto/igashop/images/160000012045"
Sharwood's Pappadum Low Fat 94g,$4.95,$5.27/100g,"https://cdn.metcash.media/image/upload/f_auto,c_limit,w_300,q_auto/igashop/images/20000003665"
Garnier BB Cream Classic Light 50mL,$17.00,$34.00/100mL,"https://cdn.metcash.media/image/upload/f_auto,c_limit,w_300,q_auto/igashop/images/674914"
Maggie Beer Products Pate Duck & Orange 110g,$7.30,$6.64/100g,"https://cdn.metcash.media/image/upload/f_auto,c_limit,w_300,q_auto/igashop/images/337774"
Chobani Yoghurt Pots Vanilla 170g,$2.60,$1.53/100g,"https://cdn.metcash.media/image/upload/f_auto,c_limit,w_300,q_auto/igashop/images/180000000019"
Baker's Oven Bread Rolls Hot Dog 6 Pack,$4.50,$0.75 each,"https://cdn.metcash.media/image/upload/f_auto,c_limit,w_300,q_auto/igashop/images/20000003554"
Softly Fabric Softener Woolwash Eucalyptus 1.25L,$9.00,$7.20/1L,"https://cdn.metcash.media/image/upload/f_auto,c_limit,w_300,q_auto/igashop/images/759387"
Terry's Chocolate Orange Bar 35g,$3.00,$8.57/100g,"https://cdn.metcash.media/image/upload/f_auto,c_limit,w_300,q_auto/igashop/images/20000004729"
Fanta Orange Soft Drink Bottle 600mL,$4.00,$0.67/100mL,"https://cdn.metcash.media/image/upload/f_auto,c_limit,w_300,q_auto/igashop/images/89494"
V Refresh Pineapple and Watermelon Energy Drink 250mL,$2.65,$1.06/100mL,"https://cdn.metcash.media/image/upload/f_auto,c_limit,w_300,q_auto/igashop/images/190000010468"
McKenzie's Wholemeal Spelt Flour Resealable 300g,$4.00,$1.33/100g,"https://cdn.metcash.media/image/upload/f_auto,c_limit,w_300,q_auto/igashop/images/344865"
ViledaAnsell Glove Hyflex Medium,$7.00,N/A,"https://cdn.metcash.media/image/upload/f_auto,c_limit,w_300,q_auto/igashop/images/278807"
Clear Wrap Bread Multigrain 700g,$3.00,$0.43/100g,https://www.igashop.com.au/static/default-product-image.png
Johnson's Baby Soap Twin Pack 95g 2 Pack,$4.50,$2.25 each,"https://cdn.metcash.media/image/upload/f_auto,c_limit,w_300,q_auto/igashop/images/430124"
The Country Chef Bakery Co Pavlova 500g,$9.20,$1.84/100g,"https://cdn.metcash.media/image/upload/f_auto,c_limit,w_300,q_auto/igashop/images/658646"
Aptamil Reflux Gold Infant Formula 0-12 Months 900g,$34.00,$3.78/100g,"https://cdn.metcash.media/image/upload/f_auto,c_limit,w_300,q_auto/igashop/images/844917"
Yarrows Fruitless Hot Cross Buns 430g,$4.40,$1.02/100g,"https://cdn.metcash.media/image/upload/f_auto,c_limit,w_300,q_auto/igashop/images/961094"
Purina Lucky Dog Beef & Bacon Mini Bones 800g,$8.00,$1.00/100g,"https://cdn.metcash.media/image/upload/f_auto,c_limit,w_300,q_auto/igashop/images/611262"
"Rafferty's Garden Food 4 Months+ Blueberries, Banana & Apple 120g",$1.90,$1.58/100g,"https://cdn.metcash.media/image/upload/f_auto,c_limit,w_300,q_auto/igashop/images/350421"
Trek Oat Bar Cocoa 50g,$2.25,$4.50/100g,"https://cdn.metcash.media/image/upload/f_auto,c_limit,w_300,q_auto/igashop/images/1800000068317"
White Washed Potatoes 140g,Final cost based on weight,$0.83/$5.95,"https://cdn.metcash.media/image/upload/f_auto,c_limit,w_300,q_auto/igashop/images/80060060"
Supercoat Adult Active Dry Beef Dog Food 7.5kg,$25.00,$3.33/kg,"https://cdn.metcash.media/image/upload/f_auto,c_limit,w_300,q_auto/igashop/images/160000004697"
Whiskas Tasty Trios Wet Cat Food Fish Selection In Gravy 12 Pack,$14.50,$1.21 each,"https://cdn.metcash.media/image/upload/f_auto,c_limit,w_300,q_auto/igashop/images/441808"
Bubly Mineral Water Lime 8 Pack,$16.50,$2.06 each,"https://cdn.metcash.media/image/upload/f_auto,c_limit,w_300,q_auto/igashop/images/224400"
Cenovis Dietary Supplements Cen Easysleep 2000mg Capsules 30 Pack,$7.25,$0.24 each,"https://cdn.metcash.media/image/upload/f_auto,c_limit,w_300,q_auto/igashop/images/160000018233"
U By Kotex Brief Heavy 14,$25.00,N/A,https://www.igashop.com.au/static/default-product-image.png
Cadbury Marshmallow Eggs Milk Chocolate 175g,$7.15,$4.09/100g,"https://cdn.metcash.media/image/upload/f_auto,c_limit,w_300,q_auto/igashop/images/690368"
Balducci Italian Style Cooking Sauce 700g,$4.10,$0.59/100g,"https://cdn.metcash.media/image/upload/f_auto,c_limit,w_300,q_auto/igashop/images/996201"
Summer Snow Pink Lady Apple Juice 350mL,$4.20,$1.20/100mL,"https://cdn.metcash.media/image/upload/f_auto,c_limit,w_300,q_auto/igashop/images/20000006787"
Cherry More 1L,$12.95,$12.95/1L,"https://cdn.metcash.media/image/upload/f_auto,c_limit,w_300,q_auto/igashop/images/2212"
Palmolive Naturals Intensive Moisture Coco Cream & Pure Milk Protein Shampoo 350mL,$3.00,$0.86/100mL,"https://cdn.metcash.media/image/upload/f_auto,c_limit,w_300,q_auto/igashop/images/327266"
Beerenberg Blood Orange Marmalade 300g,$6.15,$2.05/100g,"https://cdn.metcash.media/image/upload/f_auto,c_limit,w_300,q_auto/igashop/images/713006"
Kids Flushable Wipes 40 Pack,$4.00,$0.10 each,"https://cdn.metcash.media/image/upload/f_auto,c_limit,w_300,q_auto/igashop/images/358369"
Monster Energy Original Zero 500mL,$4.45,$0.89/100mL,https://www.igashop.com.au/static/default-product-image.png
Jack Hammer Extension Lead 5 Metre,$12.15,N/A,"https://cdn.metcash.media/image/upload/f_auto,c_limit,w_300,q_auto/igashop/images/271059"
Prima Apple Fruit Drink 6 Pack,$4.80,$0.80 each,"https://cdn.metcash.media/image/upload/f_auto,c_limit,w_300,q_auto/igashop/images/345426"
Extra White Bubblemint Chewing Gum Sugar Free Bottle 64g,$4.70,$7.34/100g,"https://cdn.metcash.media/image/upload/f_auto,c_limit,w_300,q_auto/igashop/images/323929"
Noshu 98% Sugar Free Low Carb Pancake Mix 240g,$6.40,$2.67/100g,"https://cdn.metcash.media/image/upload/f_auto,c_limit,w_300,q_auto/igashop/images/537895"
Boulder Canyon Hickory Barbeque Chips 142g,$9.00,$6.34/100g,"https://cdn.metcash.media/image/upload/f_auto,c_limit,w_300,q_auto/igashop/images/160000013545"
Heinz Spaghetti Tomato Sauce 3 Pack,$5.20,$1.73 each,"https://cdn.metcash.media/image/upload/f_auto,c_limit,w_300,q_auto/igashop/images/474136"
L'OR Espresso Ultimo Coffee Capsules 10 Pack,$8.70,$0.87 each,"https://cdn.metcash.media/image/upload/f_auto,c_limit,w_300,q_auto/igashop/images/861888"
ViledaAnsell Handy Clean Disposable Gloves 100 Pack,$18.50,$0.19 each,"https://cdn.metcash.media/image/upload/f_auto,c_limit,w_300,q_auto/igashop/images/763357"
Huggies Dry Nites Pants Girl 13+Year Extra Large 8 Pack,$11.00,$1.38 each,https://www.igashop.com.au/static/default-product-image.png
Sard Wonder Soap Stain Remover Laundry Soap Effective On All Major Stain Types 120g,$4.00,$3.33/100g,"https://cdn.metcash.media/image/upload/f_auto,c_limit,w_300,q_auto/igashop/images/62141"
Ferrero Rocher Star T3 35g,$2.00,$5.71/100g,"https://cdn.metcash.media/image/upload/f_auto,c_limit,w_300,q_auto/igashop/images/26894"
Fluffy Crunch Unicorn Dreams Gourmet Fairy Floss 50g,$6.50,$13.00/100g,https://www.igashop.com.au/static/default-product-image.png
White Wings Classics Golden Butter Cake Mix 340g,$3.90,$1.15/100g,"https://cdn.metcash.media/image/upload/f_auto,c_limit,w_300,q_auto/igashop/images/39732"
Red Tulip Easter Rabbit 110g,$9.70,$8.82/100g,"https://cdn.metcash.media/image/upload/f_auto,c_limit,w_300,q_auto/igashop/images/143670"
Allen's Snakes Alive 450g,$5.00,$1.11/100g,"https://cdn.metcash.media/image/upload/f_auto,c_limit,w_300,q_auto/igashop/images/420360"
Arnott's Chocolate Teddy Bear 200g,$2.75,$1.38/100g,"https://cdn.metcash.media/image/upload/f_auto,c_limit,w_300,q_auto/igashop/images/344496"
Beerenberg Chipotle & Maple BBQ Sauce 300mL,$6.55,$2.18/100mL,"https://cdn.metcash.media/image/upload/f_auto,c_limit,w_300,q_auto/igashop/images/150000008192"
Devondale Butter 500g,$8.50,$1.70/100g,"https://cdn.metcash.media/image/upload/f_auto,c_limit,w_300,q_auto/igashop/images/100363"
Colgate Toothbrush 360 Sensitive 2 Pack,$9.00,$4.50 each,"https://cdn.metcash.media/image/upload/f_auto,c_limit,w_300,q_auto/igashop/images/759882"
Ajax Disinfectant Spring Botanical Trigger 750mL,$7.00,$0.93/100mL,"https://cdn.metcash.media/image/upload/f_auto,c_limit,w_300,q_auto/igashop/images/1800000067368"
Chupa Chups Confectionery Sour Bites 20g,$1.15,$5.75/100g,"https://cdn.metcash.media/image/upload/f_auto,c_limit,w_300,q_auto/igashop/images/633992"
H2jUICE Watermelon Water 500mL,$2.50,$5.00/1L,"https://cdn.metcash.media/image/upload/f_auto,c_limit,w_300,q_auto/igashop/images/291973"
Chobani Fit Greek Yogurt Mango Pouch 150g,$3.00,$2.00/100g,"https://cdn.metcash.media/image/upload/f_auto,c_limit,w_300,q_auto/igashop/images/1800000068920"
Toni&Guy Conditioner Purple 250mL,$19.00,$7.60/100mL,"https://cdn.metcash.media/image/upload/f_auto,c_limit,w_300,q_auto/igashop/images/360031"
Santa Vittoria Sparkling Mineral Water Orange & Mango 4 Pack,$8.00,$2.00 each,"https://cdn.metcash.media/image/upload/f_auto,c_limit,w_300,q_auto/igashop/images/160000014216"
Pantene Pro-V Ultimate 10 Repair & Protect Conditioner 375mL,$10.00,$2.67/100mL,"https://cdn.metcash.media/image/upload/f_auto,c_limit,w_300,q_auto/igashop/images/781889"
Tasmanian Heritage Camembert Cheese 125g,$5.65,$4.52/100g,"https://cdn.metcash.media/image/upload/f_auto,c_limit,w_300,q_auto/igashop/images/118125"
Black & Gold Fruit Salad Light Syrup 825g,$4.00,$0.48/100g,"https://cdn.metcash.media/image/upload/f_auto,c_limit,w_300,q_auto/igashop/images/20000003215"
Ayam Honey & Soy Marinade Sauce 210mL,$3.60,$1.71/100mL,"https://cdn.metcash.media/image/upload/f_auto,c_limit,w_300,q_auto/igashop/images/160000012217"
D-Lite Turkish Bread Lavash 600g,$5.15,$0.86/100g,"https://cdn.metcash.media/image/upload/f_auto,c_limit,w_300,q_auto/igashop/images/134299"
Batiste Dry Shampoo Blush 50mL,$7.00,$14.00/100mL,"https://cdn.metcash.media/image/upload/f_auto,c_limit,w_300,q_auto/igashop/images/67272"
Maybelline Concealer Instant Age Rewind Eraser Fair 6mL,$23.00,$383.33/100mL,"https://cdn.metcash.media/image/upload/f_auto,c_limit,w_300,q_auto/igashop/images/969398"
Palmolive Skin Food Quandong Peach Body Wash 1L,$15.00,$15.00/1L,"https://cdn.metcash.media/image/upload/f_auto,c_limit,w_300,q_auto/igashop/images/555974"
Kleenex Aloe Vera & Vitamin E Facial Tissues 140 Pack,$4.50,$0.03 each,"https://cdn.metcash.media/image/upload/f_auto,c_limit,w_300,q_auto/igashop/images/686767"
Dove Body Wash Nourishing Care 500mL,$9.20,$1.84/100mL,"https://cdn.metcash.media/image/upload/f_auto,c_limit,w_300,q_auto/igashop/images/181720"
Mainland Vintage Cheddar Cheese Block 200g,$7.00,$3.50/100g,"https://cdn.metcash.media/image/upload/f_auto,c_limit,w_300,q_auto/igashop/images/925242"
Purina Total Care Collar Dog Collar Small,$19.75,N/A,"https://cdn.metcash.media/image/upload/f_auto,c_limit,w_300,q_auto/igashop/images/497532"
Gippsland Dairy Mix Ins Yogurt Choc Fudge Honeycomb 140g,$4.20,$3.00/100g,"https://cdn.metcash.media/image/upload/f_auto,c_limit,w_300,q_auto/igashop/images/180000006171"
Sorbent Kids Toilet Tissue 6 Pack,$4.65,$0.78 each,"https://cdn.metcash.media/image/upload/f_auto,c_limit,w_300,q_auto/igashop/images/160000003305"
Beerenberg Boxing Day Chutney 170g,$5.00,$2.94/100g,"https://cdn.metcash.media/image/upload/f_auto,c_limit,w_300,q_auto/igashop/images/692611"
McCain Healthy Choice Naked Beef Burrito 300g,$4.45,$1.48/100g,https://www.igashop.com.au/static/default-product-image.png
SunRice Mini Bites Chicken 6 Pack,$4.50,$0.75 each,"https://cdn.metcash.media/image/upload/f_auto,c_limit,w_300,q_auto/igashop/images/238019"
Nicabate Quit Smoking Extra Fresh Mint Gum 2 Mg 30 Pack,$13.75,$0.46 each,"https://cdn.metcash.media/image/upload/f_auto,c_limit,w_300,q_auto/igashop/images/651026"
Bruemar Pork Loin Roast Mustard Paprika & Herb 600g,$18.35,$3.06/100g,https://www.igashop.com.au/static/default-product-image.png
White King Original Bleach Lemon 750mL,$2.95,$0.39/100mL,"https://cdn.metcash.media/image/upload/f_auto,c_limit,w_300,q_auto/igashop/images/62840"
Hunt And Brew Cold Brew Coffee Australia 400mL,$4.95,$1.24/100mL,"https://cdn.metcash.media/image/upload/f_auto,c_limit,w_300,q_auto/igashop/images/150000007890"
Tommee Tippee Flexipen Thermometer,$25.50,N/A,"https://cdn.metcash.media/image/upload/f_auto,c_limit,w_300,q_auto/igashop/images/418046"
Arnott's Jatz & Tasty Cheese 4 Pack,$3.00,$0.75 each,"https://cdn.metcash.media/image/upload/f_auto,c_limit,w_300,q_auto/igashop/images/637807"
Peters Drumstick Mini Chocolate Caramel 6 Pack,$9.50,$1.58 each,"https://cdn.metcash.media/image/upload/f_auto,c_limit,w_300,q_auto/igashop/images/411701"
Community Co Slow Cooked Pulled Pork 480g,$14.00,$2.92/100g,"https://cdn.metcash.media/image/upload/f_auto,c_limit,w_300,q_auto/igashop/images/20000003241"
LifeStyle Bakery Soft'n'Light Gluten Free High Fibre White 500g,$6.50,$1.30/100g,"https://cdn.metcash.media/image/upload/f_auto,c_limit,w_300,q_auto/igashop/images/716648"
Obento Sushi Mat,$2.20,N/A,"https://cdn.metcash.media/image/upload/f_auto,c_limit,w_300,q_auto/igashop/images/836265"
Hans Mild Twiggys 500g,$16.00,$3.20/100g,"https://cdn.metcash.media/image/upload/f_auto,c_limit,w_300,q_auto/igashop/images/718849"
Cornwell's White Vinegar 2L,$4.50,$2.25/1L,"https://cdn.metcash.media/image/upload/f_auto,c_limit,w_300,q_auto/igashop/images/36182"
Fab Essentials Cotton Seeds Oil & Red Cherry Blossom Liquid Laundry Washing Detergent 1.8L,$9.00,$5.00/1L,"https://cdn.metcash.media/image/upload/f_auto,c_limit,w_300,q_auto/igashop/images/826765"
Air Wick Essential Oil Candle Vanilla 105g,$4.00,$3.81/100g,"https://cdn.metcash.media/image/upload/f_auto,c_limit,w_300,q_auto/igashop/images/643989"
Purina One Adult Coat & Hairball with Chicken Dry Cat Food Bag 1.4kg,$15.00,$10.71/kg,"https://cdn.metcash.media/image/upload/f_auto,c_limit,w_300,q_auto/igashop/images/517515"
Carman's Natural Muesli 1.5kg,$16.00,$10.67/kg,"https://cdn.metcash.media/image/upload/f_auto,c_limit,w_300,q_auto/igashop/images/304080"
"Larder Fresh Roast Carrot, Kale and Chickpea Burgers 250g",$7.99,$3.20/100g,"https://cdn.metcash.media/image/upload/f_auto,c_limit,w_300,q_auto/igashop/images/20000002030"
V.I.P. Chunkers Chicken 1kg,$6.50,$6.50/kg,"https://cdn.metcash.media/image/upload/f_auto,c_limit,w_300,q_auto/igashop/images/133594"
Dove Women Antiperspirant Roll On Deodorant Invisible Dry 50mL,$4.50,$9.00/100mL,"https://cdn.metcash.media/image/upload/f_auto,c_limit,w_300,q_auto/igashop/images/360683"
John West Yellowfin Tuna Italian Style Oil 90g,$2.50,$2.78/100g,"https://cdn.metcash.media/image/upload/f_auto,c_limit,w_300,q_auto/igashop/images/180000006278"
McCain Rustica Pizza Thin & Crispy Spinach & Mozzarella 380g,$6.60,$1.74/100g,"https://cdn.metcash.media/image/upload/f_auto,c_limit,w_300,q_auto/igashop/images/288153"
Community Co Sweet Chilli Chicken Strips 400g,$10.50,$2.63/100g,"https://cdn.metcash.media/image/upload/f_auto,c_limit,w_300,q_auto/igashop/images/870497"
Momos Meal's Free Range Chicken Stock 500mL,$7.00,$1.40/100mL,"https://cdn.metcash.media/image/upload/f_auto,c_limit,w_300,q_auto/igashop/images/292186"
Nature's Gift Adult Dog Food Gourmet Loaf Style Succulent Lamb 100g,$1.20,$1.20/100g,"https://cdn.metcash.media/image/upload/f_auto,c_limit,w_300,q_auto/igashop/images/986023"
GARNIER Fructis Nutri-repair 3 Shampoo 315mL,$8.00,$2.54/100mL,"https://cdn.metcash.media/image/upload/f_auto,c_limit,w_300,q_auto/igashop/images/966934"
MasterFoods Chicken Salt 65g,$3.50,$5.38/100g,"https://cdn.metcash.media/image/upload/f_auto,c_limit,w_300,q_auto/igashop/images/170000003067"
NIVEA Q10 Firming Body Lotion 400mL,$6.60,$1.65/100mL,"https://cdn.metcash.media/image/upload/f_auto,c_limit,w_300,q_auto/igashop/images/13189"
Violet Crumble Choc Honeycomb Peanut Butter 50g,$1.25,$2.50/100g,https://www.igashop.com.au/static/default-product-image.png
Bref Pro Nature Eucalyptus & Mint Rim Block Toilet Cleaner 50g,$6.00,$12.00/100g,"https://cdn.metcash.media/image/upload/f_auto,c_limit,w_300,q_auto/igashop/images/272979"
Arnott's High Tea Favourites 400g,$5.50,$1.38/100g,"https://cdn.metcash.media/image/upload/f_auto,c_limit,w_300,q_auto/igashop/images/600761"
Dari’s Lentil Soup 550g,$7.50,$1.36/100g,"https://cdn.metcash.media/image/upload/f_auto,c_limit,w_300,q_auto/igashop/images/190000001246"
Pataks Ready To Eat Pappadums Mini Garlic Herb 75g,$4.80,$6.40/100g,"https://cdn.metcash.media/image/upload/f_auto,c_limit,w_300,q_auto/igashop/images/1800000071440"
B Honey Australian Pure Honey 450g,$8.65,$1.92/100g,"https://cdn.metcash.media/image/upload/f_auto,c_limit,w_300,q_auto/igashop/images/170000000664"
Glen 20 On The Go Disinfectant Wipes Eucalyptus 15 Pack,$3.25,$0.22 each,"https://cdn.metcash.media/image/upload/f_auto,c_limit,w_300,q_auto/igashop/images/160000011479"
Enzo's Spinach Pumpkin & Ricotta Lasagna 360g,$10.95,$3.04/100g,"https://cdn.metcash.media/image/upload/f_auto,c_limit,w_300,q_auto/igashop/images/190000000968"
Primo Rindless Short Cut Bacon 175g,$6.85,$3.91/100g,"https://cdn.metcash.media/image/upload/f_auto,c_limit,w_300,q_auto/igashop/images/143036"
Schick Exacta 2 for Women 5 Pack,$4.50,$0.90 each,"https://cdn.metcash.media/image/upload/f_auto,c_limit,w_300,q_auto/igashop/images/321972"
Air Wick Pure Cherry Blossom Electric Twin Refill 19mL,$14.00,$73.68/100mL,"https://cdn.metcash.media/image/upload/f_auto,c_limit,w_300,q_auto/igashop/images/643646"
Huggies Essential Size 3 Crawler 52 Pack,$10.00,$0.19 each,"https://cdn.metcash.media/image/upload/f_auto,c_limit,w_300,q_auto/igashop/images/986531"
Huggies Skin Protect Nappy Pant Size 5 Large 48 Pack,$35.00,$0.73 each,"https://cdn.metcash.media/image/upload/f_auto,c_limit,w_300,q_auto/igashop/images/180000006382"
Lindt Christmas Medley Bag 310g,$8.00,$2.58/100g,"https://cdn.metcash.media/image/upload/f_auto,c_limit,w_300,q_auto/igashop/images/190000009612"
Darrell Lea Bunny Bait 120g,$7.50,$6.25/100g,https://www.igashop.com.au/static/default-product-image.png
Nestlé KitKat 4 Finger King Size Chocolate Bar 4 Pack,$3.70,$0.93 each,"https://cdn.metcash.media/image/upload/f_auto,c_limit,w_300,q_auto/igashop/images/964937"
Dandy Bacon Middle 250g,$5.50,$2.20/100g,"https://cdn.metcash.media/image/upload/f_auto,c_limit,w_300,q_auto/igashop/images/802266"
Margaret River Free Range Eggs Jumbo 800g,$8.00,$1.00/100g,"https://cdn.metcash.media/image/upload/f_auto,c_limit,w_300,q_auto/igashop/images/190000004922"
Just Juice Apple 1L,$3.50,$3.50/1L,"https://cdn.metcash.media/image/upload/f_auto,c_limit,w_300,q_auto/igashop/images/26991"
Fragassi Funghi Tomato & Mushroom Pasta Sauce 500g,$8.50,$1.70/100g,"https://cdn.metcash.media/image/upload/f_auto,c_limit,w_300,q_auto/igashop/images/160000013947"
Pantene Pro-V Smooth & Sleek Conditioner 900mL,$20.00,$2.22/100mL,"https://cdn.metcash.media/image/upload/f_auto,c_limit,w_300,q_auto/igashop/images/343301"
Diploma Instant Skim Milk Powder 1kg,$13.75,$13.75/kg,"https://cdn.metcash.media/image/upload/f_auto,c_limit,w_300,q_auto/igashop/images/11564"
Community Co Caesar Salad Kit 290g,$6.30,$2.17/100g,"https://cdn.metcash.media/image/upload/f_auto,c_limit,w_300,q_auto/igashop/images/420768"
Masterfoods Herbs And Spices Garlic Powder 140g,$6.50,$4.64/100g,"https://cdn.metcash.media/image/upload/f_auto,c_limit,w_300,q_auto/igashop/images/180000005925"
M&Ms Peanut Bucket 575g,$19.40,$3.37/100g,"https://cdn.metcash.media/image/upload/f_auto,c_limit,w_300,q_auto/igashop/images/827046"
Destination Italy Mushroom & Truffle Woodfired Pizza 411g,$9.90,$2.41/100g,https://www.igashop.com.au/static/default-product-image.png
Carmans Oat Slice Golden Oat & Coconut 175g,$5.90,$3.37/100g,"https://cdn.metcash.media/image/upload/f_auto,c_limit,w_300,q_auto/igashop/images/20000006205"
NIVEA Extra Gentle Eye Make-Up Remover 125mL,$6.30,$5.04/100mL,"https://cdn.metcash.media/image/upload/f_auto,c_limit,w_300,q_auto/igashop/images/993164"
Yoplait Fruche Dairy Dessert Vanilla Bean 2 Pack,$3.00,$1.50 each,"https://cdn.metcash.media/image/upload/f_auto,c_limit,w_300,q_auto/igashop/images/807499"
4 Hunters Biltong Bushmans 100g,$10.00,$10.00/100g,"https://cdn.metcash.media/image/upload/f_auto,c_limit,w_300,q_auto/igashop/images/20000003723"
Allen's Chew'ems Gummi Koalas 170g,$4.00,$2.35/100g,"https://cdn.metcash.media/image/upload/f_auto,c_limit,w_300,q_auto/igashop/images/498541"
Derwent 2 Hole Pencil Sharpener,$3.62,N/A,"https://cdn.metcash.media/image/upload/f_auto,c_limit,w_300,q_auto/igashop/images/720642"
Catsan Crystals Lavender Scented 4kg,$27.85,$6.96/kg,"https://cdn.metcash.media/image/upload/f_auto,c_limit,w_300,q_auto/igashop/images/395329"
Jon Jon Christmas Kisses 8 Pack,$5.80,$0.73 each,"https://cdn.metcash.media/image/upload/f_auto,c_limit,w_300,q_auto/igashop/images/251224"
Kellogg's Corn Flakes Gluten Free 270g,$5.00,$1.85/100g,"https://cdn.metcash.media/image/upload/f_auto,c_limit,w_300,q_auto/igashop/images/596763"
Kleenex Bath Flushable Wipes Unscented 36 Pack,$3.40,$0.09 each,https://www.igashop.com.au/static/default-product-image.png
BabyLove Nappy Pants Jumbo Junior 42 Pack,$24.00,$0.57 each,"https://cdn.metcash.media/image/upload/f_auto,c_limit,w_300,q_auto/igashop/images/475158"
Sensodyne Sensitivity & Gum Extra Fresh Toothpaste 100g,$12.30,$12.30/100g,"https://cdn.metcash.media/image/upload/f_auto,c_limit,w_300,q_auto/igashop/images/550068"
Powerade Isotonic Berry Ice Sports Drink Flat Cap 1.5L,$6.55,$4.37/1L,"https://cdn.metcash.media/image/upload/f_auto,c_limit,w_300,q_auto/igashop/images/882224"
Jalna Greek Blueberry Yoghurt 170g,$2.00,$1.18/100g,"https://cdn.metcash.media/image/upload/f_auto,c_limit,w_300,q_auto/igashop/images/627276"
Decor Match-Ups Storer Oblong 1L,$7.00,N/A,"https://cdn.metcash.media/image/upload/f_auto,c_limit,w_300,q_auto/igashop/images/220647"
Cold Power Advance Clean Triple Capsules 18 Pack,$17.00,$0.94 each,https://www.igashop.com.au/static/default-product-image.png
Youfoodz Fuel'D Texas BBQ Chicken 405g,$10.80,$2.67/100g,https://www.igashop.com.au/static/default-product-image.png
La Banderita Burrito Grande 10 Pack,$11.50,$1.15 each,"https://cdn.metcash.media/image/upload/f_auto,c_limit,w_300,q_auto/igashop/images/190000000947"
Oob Organic Frozen Blueberries 450g,$10.50,$2.33/100g,"https://cdn.metcash.media/image/upload/f_auto,c_limit,w_300,q_auto/igashop/images/672349"
Daily Company Mixed Juice 2L,$5.95,$2.98/1L,"https://cdn.metcash.media/image/upload/f_auto,c_limit,w_300,q_auto/igashop/images/128531"
Enzo's Vegan Gluten Free Penne Bolognese 300g,$10.95,$3.65/100g,"https://cdn.metcash.media/image/upload/f_auto,c_limit,w_300,q_auto/igashop/images/190000000961"
Neutrogena T/gel Anti-dandruff Therapeutic Shampoo 200mL,$14.00,$7.00/100mL,"https://cdn.metcash.media/image/upload/f_auto,c_limit,w_300,q_auto/igashop/images/652750"
Local Kitchen Coleslaw 800g,$7.50,$0.94/100g,https://www.igashop.com.au/static/default-product-image.png
Youfoodz Green Boosta 100mL,$3.00,$30.00/1L,"https://cdn.metcash.media/image/upload/f_auto,c_limit,w_300,q_auto/igashop/images/232445"
Violet Crumble Honeycomb Cream Filled Egg 35g,$2.05,$5.86/100g,https://www.igashop.com.au/static/default-product-image.png
Lynx Antiperspirant Aerosol Emerald Sage 150mL,$5.00,$3.33/100mL,"https://cdn.metcash.media/image/upload/f_auto,c_limit,w_300,q_auto/igashop/images/659663"
Fronti White Sparkling Non Alcoholic 750mL,$5.50,$0.73/100mL,"https://cdn.metcash.media/image/upload/f_auto,c_limit,w_300,q_auto/igashop/images/384917"
Lilydale Chicken Tenderloins 500g,Final cost based on weight,$11.75/$23.50,"https://cdn.metcash.media/image/upload/f_auto,c_limit,w_300,q_auto/igashop/images/180194"
Ostelin Vitamin D3 1000IU Capsules 60 Pack,$9.25,$0.15 each,"https://cdn.metcash.media/image/upload/f_auto,c_limit,w_300,q_auto/igashop/images/160000001927"
Up & Go Liquid Breakfast Vanilla Ice With No Added Sugar 6 Pack,$13.00,$2.17 each,"https://cdn.metcash.media/image/upload/f_auto,c_limit,w_300,q_auto/igashop/images/754057"
Zafarelli No20 Mostaccioli 500g,$1.60,$0.32/100g,"https://cdn.metcash.media/image/upload/f_auto,c_limit,w_300,q_auto/igashop/images/361252"
Youfoodz Chocolate Protein Powder 30g,$11.00,$36.67/100g,"https://cdn.metcash.media/image/upload/f_auto,c_limit,w_300,q_auto/igashop/images/150000006554"
Radiant Fabric Capsules Stain Attack 26 Pack,$13.00,$0.50 each,https://www.igashop.com.au/static/default-product-image.png
Impressed Juice Raspberry Beret 1L,$5.50,$5.50/1L,"https://cdn.metcash.media/image/upload/f_auto,c_limit,w_300,q_auto/igashop/images/180000000323"
Easy-Off Bam Drain Maintainer Odour Stop 750mL,$15.00,$2.00/100mL,"https://cdn.metcash.media/image/upload/f_auto,c_limit,w_300,q_auto/igashop/images/580563"
Sara Lee French Cream Cheesecake 360g,$6.30,$1.75/100g,"https://cdn.metcash.media/image/upload/f_auto,c_limit,w_300,q_auto/igashop/images/115033"
Dine Pulled Menu Gravy Indulgence With Tuna 7 Pack,$12.00,$1.71 each,"https://cdn.metcash.media/image/upload/f_auto,c_limit,w_300,q_auto/igashop/images/525571"
Smarties Milk Chocolate Filled Easter Egg 180g,$10.00,$5.56/100g,"https://cdn.metcash.media/image/upload/f_auto,c_limit,w_300,q_auto/igashop/images/1800000070364"
Jelly Belly 3D Gel Vent Duo Strawberry Shortcake 2 Pack,$9.50,$4.75 each,"https://cdn.metcash.media/image/upload/f_auto,c_limit,w_300,q_auto/igashop/images/180000006213"
Impressed Tropical Breakfast Juice 1L,$4.80,$4.80/1L,"https://cdn.metcash.media/image/upload/f_auto,c_limit,w_300,q_auto/igashop/images/180000000265"
Sara Lee Deep Dish Pie With Apple Crumble Top 800g,$10.50,$1.31/100g,"https://cdn.metcash.media/image/upload/f_auto,c_limit,w_300,q_auto/igashop/images/118900"
TRESemmé Thick & Full Shampoo 675mL,$13.00,$1.93/100mL,"https://cdn.metcash.media/image/upload/f_auto,c_limit,w_300,q_auto/igashop/images/824195"
Kale Bunch,$3.95,N/A,"https://cdn.metcash.media/image/upload/f_auto,c_limit,w_300,q_auto/igashop/images/80050039"
Marbig Paper Clip 100 Pack,$2.60,$0.03 each,"https://cdn.metcash.media/image/upload/f_auto,c_limit,w_300,q_auto/igashop/images/751033"
Eco Farm Organic Pumpkin Butternut 500g,$3.99,$0.80/100g,https://www.igashop.com.au/static/default-product-image.png
Clearasil Pimple Fighter 5 in 1 Wash 150mL,$15.10,$10.07/100mL,"https://cdn.metcash.media/image/upload/f_auto,c_limit,w_300,q_auto/igashop/images/608112"
Mainland Colby Cheese 250g,$7.00,$2.80/100g,"https://cdn.metcash.media/image/upload/f_auto,c_limit,w_300,q_auto/igashop/images/101262"
Fancy Feast Adult Inspirations Chicken Courgette & Tomato and Chicken Pasta Pearls & Spinach Wet Cat Food 12 Pack,$19.00,$1.58 each,"https://cdn.metcash.media/image/upload/f_auto,c_limit,w_300,q_auto/igashop/images/633667"
Arnott's Tim Tam Chewy Caramel 175g,$4.50,$2.57/100g,"https://cdn.metcash.media/image/upload/f_auto,c_limit,w_300,q_auto/igashop/images/1331"
Leda Gingernut Cookies 155g,$3.50,$2.26/100g,"https://cdn.metcash.media/image/upload/f_auto,c_limit,w_300,q_auto/igashop/images/160000017853"
Wrigley's Gum Sweet Mint Stick 32g,$2.50,$7.81/100g,"https://cdn.metcash.media/image/upload/f_auto,c_limit,w_300,q_auto/igashop/images/499301"
Continental Pasta & Sauce Cheesy Garlic Bread 80g,$2.75,$3.44/100g,"https://cdn.metcash.media/image/upload/f_auto,c_limit,w_300,q_auto/igashop/images/1800000067493"
Ultimate by Danone Greek Yoghurt Black Cherry 4 Pack,$4.80,$1.20 each,"https://cdn.metcash.media/image/upload/f_auto,c_limit,w_300,q_auto/igashop/images/698586"
McCain BBQ Meatlovers Family Pizza 500g,$8.80,$1.76/100g,"https://cdn.metcash.media/image/upload/f_auto,c_limit,w_300,q_auto/igashop/images/131152"
Ocean Spray Ruby Red Grapefruit Juice Drink 1.5L,$6.40,$4.27/1L,"https://cdn.metcash.media/image/upload/f_auto,c_limit,w_300,q_auto/igashop/images/606767"
Pitango Free Range Chicken & Vegetable Soup 600g,$7.45,$1.24/100g,"https://cdn.metcash.media/image/upload/f_auto,c_limit,w_300,q_auto/igashop/images/150000000096"
McVitie's Lemtops 100g,$2.00,$2.00/100g,"https://cdn.metcash.media/image/upload/f_auto,c_limit,w_300,q_auto/igashop/images/528532"
Kellogg's K-Time Baked Twists Raspberry & Apple Flavour 5 Pack,$5.50,$1.10 each,"https://cdn.metcash.media/image/upload/f_auto,c_limit,w_300,q_auto/igashop/images/353157"
Heinz Baked Beanz Caramelised Onion 300g,$2.90,$0.97/100g,"https://cdn.metcash.media/image/upload/f_auto,c_limit,w_300,q_auto/igashop/images/643976"
Jack Hammer Picture Hanging Kit 88 Pack,$7.90,$0.09 each,https://www.igashop.com.au/static/default-product-image.png
Whittaker's Creamy Milk Slab 50g,$3.00,$6.00/100g,"https://cdn.metcash.media/image/upload/f_auto,c_limit,w_300,q_auto/igashop/images/190000000893"
Arnott's Flatbread Dippers Parmesan & Basil 130g,$4.50,$3.46/100g,"https://cdn.metcash.media/image/upload/f_auto,c_limit,w_300,q_auto/igashop/images/518003"
SunRice Steamed Gluten Free Brown Whole Grain Rice 250g,$3.00,$1.20/100g,"https://cdn.metcash.media/image/upload/f_auto,c_limit,w_300,q_auto/igashop/images/441450"
Passage To India Simmer Sauce Extra Mild Butter Chicken 375g,$6.30,$1.68/100g,"https://cdn.metcash.media/image/upload/f_auto,c_limit,w_300,q_auto/igashop/images/915700"
Ben & Jerry's Ice Cream Hazelnuttin Chocolate Sundae 427mL,$14.50,$3.40/100mL,"https://cdn.metcash.media/image/upload/f_auto,c_limit,w_300,q_auto/igashop/images/161149"
Birds Eye Plant Based Premium Quality Mince 300g,$6.80,$2.27/100g,"https://cdn.metcash.media/image/upload/f_auto,c_limit,w_300,q_auto/igashop/images/180000001344"
Tena Extra Long Length Liner 24 Pack,$4.70,$0.20 each,"https://cdn.metcash.media/image/upload/f_auto,c_limit,w_300,q_auto/igashop/images/11734"
Glad To Be Green Compostable Brown Bake Paper 15m,$4.50,N/A,"https://cdn.metcash.media/image/upload/f_auto,c_limit,w_300,q_auto/igashop/images/884718"
Goodman Fielder Scroll Bacon Cheese Garlic 170g,$10.10,$5.94/100g,"https://cdn.metcash.media/image/upload/f_auto,c_limit,w_300,q_auto/igashop/images/905899"
Twisties Extruded Snacks Cheese 40g,$2.75,$6.88/100g,"https://cdn.metcash.media/image/upload/f_auto,c_limit,w_300,q_auto/igashop/images/1800000071462"
Primo Gourmet Selection Prosciutto 100g,$8.00,$8.00/100g,"https://cdn.metcash.media/image/upload/f_auto,c_limit,w_300,q_auto/igashop/images/486141"
Coconut Collective Coconut Water 1L,$5.00,$5.00/1L,"https://cdn.metcash.media/image/upload/f_auto,c_limit,w_300,q_auto/igashop/images/313380"
Schweppes Lemonade Bottle 1.1L,$1.25,$1.14/1L,"https://cdn.metcash.media/image/upload/f_auto,c_limit,w_300,q_auto/igashop/images/732437"
Masterfoods Herbs And Spices Parsley Flakes 7g,$3.50,$50.00/100g,"https://cdn.metcash.media/image/upload/f_auto,c_limit,w_300,q_auto/igashop/images/180000005699"
Raw C Organic Coconut Oil 330mL,$8.20,$2.48/100mL,"https://cdn.metcash.media/image/upload/f_auto,c_limit,w_300,q_auto/igashop/images/5962"
Health Lab Cookie Dough Custard Filled Ball 40g,$3.20,$8.00/100g,"https://cdn.metcash.media/image/upload/f_auto,c_limit,w_300,q_auto/igashop/images/150000008073"
Moccona Coffee Sachets Latte 10 Pack,$7.90,$0.79 each,"https://cdn.metcash.media/image/upload/f_auto,c_limit,w_300,q_auto/igashop/images/20000001059"
Pandaroo Noodles Thin Egg 375g,$3.50,$0.93/100g,"https://cdn.metcash.media/image/upload/f_auto,c_limit,w_300,q_auto/igashop/images/485242"
Palmolive Regular Dishwashing Liquid for Dry Sensitive Skin with Aloe Low Fragrance 500mL,$3.75,$0.75/100mL,"https://cdn.metcash.media/image/upload/f_auto,c_limit,w_300,q_auto/igashop/images/904416"
L'Oréal Age Perfect Face Cream For Day 50mL,$30.00,$60.00/100mL,"https://cdn.metcash.media/image/upload/f_auto,c_limit,w_300,q_auto/igashop/images/20657"
NIVEA Soft Moisturising Cream 50mL,$3.00,$6.00/100mL,"https://cdn.metcash.media/image/upload/f_auto,c_limit,w_300,q_auto/igashop/images/180000006635"
Lindt Excellence Roasted Almond 100g,$8.50,$8.50/100g,"https://cdn.metcash.media/image/upload/f_auto,c_limit,w_300,q_auto/igashop/images/353979"
Mennen Lady Speed Stick Fresh Infusions Orchard Blossom 45g,$4.50,$10.00/100g,"https://cdn.metcash.media/image/upload/f_auto,c_limit,w_300,q_auto/igashop/images/190000001423"
Connoisseur Gourmet Blood Orange & Chocolate Ice Cream Sticks 4 Pack,$5.50,$1.38 each,"https://cdn.metcash.media/image/upload/f_auto,c_limit,w_300,q_auto/igashop/images/573516"
"Kan Tong Stir Fry Sauce Honey, Sesame & Garlic 520g",$2.00,$0.38/100g,"https://cdn.metcash.media/image/upload/f_auto,c_limit,w_300,q_auto/igashop/images/390434"
L'Or Espresso Intense Variety Capsules 50 Pack,$29.00,$0.58 each,"https://cdn.metcash.media/image/upload/f_auto,c_limit,w_300,q_auto/igashop/images/1800000067678"
Schweppes Classic Mixers Lemon Lime & Bitters 1.1L,$1.25,$1.14/1L,"https://cdn.metcash.media/image/upload/f_auto,c_limit,w_300,q_auto/igashop/images/852790"
Lindt Lindor Assorted Eggs Pouch Bag 140g,$13.75,$9.82/100g,"https://cdn.metcash.media/image/upload/f_auto,c_limit,w_300,q_auto/igashop/images/190000009787"
Sara Lee Apple Danish 400g,$5.00,$1.25/100g,"https://cdn.metcash.media/image/upload/f_auto,c_limit,w_300,q_auto/igashop/images/109032"
Nestlé Milo Snack Cereal Protein Bar 180g,$8.15,$4.53/100g,"https://cdn.metcash.media/image/upload/f_auto,c_limit,w_300,q_auto/igashop/images/263242"
Golden Eggs Free Range 6 Pack 300g,$4.00,$1.33/100g,"https://cdn.metcash.media/image/upload/f_auto,c_limit,w_300,q_auto/igashop/images/190000004917"
Walkers Shortbread Festive Shapes 175g,$8.99,$5.14/100g,https://www.igashop.com.au/static/default-product-image.png
Clif Bar Energy Bar Cool Mint Chocolate 68g,$3.40,$5.00/100g,"https://cdn.metcash.media/image/upload/f_auto,c_limit,w_300,q_auto/igashop/images/160000012138"
Kellogg's LCMs Treatz Original 130g,$6.00,$4.62/100g,"https://cdn.metcash.media/image/upload/f_auto,c_limit,w_300,q_auto/igashop/images/1800000069731"
Sirena Tuna Sweet Chilli 95g,$2.95,$3.11/100g,"https://cdn.metcash.media/image/upload/f_auto,c_limit,w_300,q_auto/igashop/images/471175"
Cetaphil Body Moisturiser Lotion 500mL,$20.70,$4.14/100mL,"https://cdn.metcash.media/image/upload/f_auto,c_limit,w_300,q_auto/igashop/images/437749"
Wonder 5 Star White 680g,$4.90,$0.72/100g,"https://cdn.metcash.media/image/upload/f_auto,c_limit,w_300,q_auto/igashop/images/180000002463"
Weet-Bix 375g,$4.00,$1.07/100g,"https://cdn.metcash.media/image/upload/f_auto,c_limit,w_300,q_auto/igashop/images/72007"
Fyna Wizz Fizz Sherbet Original 8 Pack,$3.70,$0.46 each,"https://cdn.metcash.media/image/upload/f_auto,c_limit,w_300,q_auto/igashop/images/42052"
Ziploc Sandwich Bags 40 Pack,$2.20,$0.06 each,"https://cdn.metcash.media/image/upload/f_auto,c_limit,w_300,q_auto/igashop/images/260427"
Noshu Less Sugar Jellies Fruity Fix 150g,$5.50,$3.67/100g,"https://cdn.metcash.media/image/upload/f_auto,c_limit,w_300,q_auto/igashop/images/562586"
Pilpel Garlic Dip 200g,$5.50,$2.75/100g,"https://cdn.metcash.media/image/upload/f_auto,c_limit,w_300,q_auto/igashop/images/20000001996"
Harpic Eco Fresh Toilet Cleaner Eucalyptus 700mL,$10.20,$1.46/100mL,"https://cdn.metcash.media/image/upload/f_auto,c_limit,w_300,q_auto/igashop/images/260354"
Cadbury Christmas Peppermint Baubles Bag 114g,$6.70,$5.88/100g,"https://cdn.metcash.media/image/upload/f_auto,c_limit,w_300,q_auto/igashop/images/540686"
Massel Premium Gravy Powder Traditional 130g,$4.25,$3.27/100g,"https://cdn.metcash.media/image/upload/f_auto,c_limit,w_300,q_auto/igashop/images/478258"
John West Salmon Lemon & Cracked Pepper 95g,$3.50,$3.68/100g,"https://cdn.metcash.media/image/upload/f_auto,c_limit,w_300,q_auto/igashop/images/363026"
Mrs Mac's Potato Top Beef Pies 4 Pack,$7.50,$1.88 each,"https://cdn.metcash.media/image/upload/f_auto,c_limit,w_300,q_auto/igashop/images/20000006456"
Uncle Tobys Oats Quick Porridge 1kg,$6.50,$6.50/kg,"https://cdn.metcash.media/image/upload/f_auto,c_limit,w_300,q_auto/igashop/images/72544"
Heinz Plant Proteinz Lentil & Roasted Sweet Potato Dahl 330g,$4.50,$1.36/100g,"https://cdn.metcash.media/image/upload/f_auto,c_limit,w_300,q_auto/igashop/images/792649"
Coco Earth Palak Paneer Curry 500g,$7.65,$1.53/100g,"https://cdn.metcash.media/image/upload/f_auto,c_limit,w_300,q_auto/igashop/images/545385"
Lean Cuisine Spaghetti Bolognese 280g,$6.00,$2.14/100g,"https://cdn.metcash.media/image/upload/f_auto,c_limit,w_300,q_auto/igashop/images/958151"
John West Anchovies 45g,$3.95,$8.78/100g,"https://cdn.metcash.media/image/upload/f_auto,c_limit,w_300,q_auto/igashop/images/8163"
Cheeky Brothers Pizza Diablo Pepperoni & Jalapeno 495g,$9.70,$1.96/100g,https://www.igashop.com.au/static/default-product-image.png
Beef Chuck Steak 500g,Final cost based on weight,$11.00/$22.00,"https://cdn.metcash.media/image/upload/f_auto,c_limit,w_300,q_auto/igashop/images/80080118"
So Good Long Life Unsweetened Almond Coconut Milk 1L,$3.00,$3.00/1L,"https://cdn.metcash.media/image/upload/f_auto,c_limit,w_300,q_auto/igashop/images/250265"
Brut Deodorant Roll On Original 50mL,$4.00,$8.00/100mL,"https://cdn.metcash.media/image/upload/f_auto,c_limit,w_300,q_auto/igashop/images/356511"
Health Lab Chewy Choc Chip Peanut Butter Protein Ball 40g,$3.20,$8.00/100g,"https://cdn.metcash.media/image/upload/f_auto,c_limit,w_300,q_auto/igashop/images/190000001838"
McKenzie's Beans Red Kidney 375g,$2.25,$0.60/100g,"https://cdn.metcash.media/image/upload/f_auto,c_limit,w_300,q_auto/igashop/images/351621"
NIVEA Crème 150mL,$6.00,$4.00/100mL,"https://cdn.metcash.media/image/upload/f_auto,c_limit,w_300,q_auto/igashop/images/802465"
Vaseline Petroleum Jelly Original 100g,$5.50,$5.50/100g,"https://cdn.metcash.media/image/upload/f_auto,c_limit,w_300,q_auto/igashop/images/375706"
That's Amore Buffalo Mozzarella 125g,$9.50,$7.60/100g,"https://cdn.metcash.media/image/upload/f_auto,c_limit,w_300,q_auto/igashop/images/190000005101"
Comfort Vanilla Orchid Fabric Conditioner 900mL,$10.00,$1.11/100mL,"https://cdn.metcash.media/image/upload/f_auto,c_limit,w_300,q_auto/igashop/images/20000004987"
Castello Creamy Havarti Cheese 200g,$8.80,$4.40/100g,"https://cdn.metcash.media/image/upload/f_auto,c_limit,w_300,q_auto/igashop/images/924291"
Schmidt’s Natural Deodorant Stick Bergamot Lime 75g,$14.00,$18.67/100g,"https://cdn.metcash.media/image/upload/f_auto,c_limit,w_300,q_auto/igashop/images/160000003139"
Dove Body Wash Restoring 500mL,$9.20,$1.84/100mL,"https://cdn.metcash.media/image/upload/f_auto,c_limit,w_300,q_auto/igashop/images/170000003739"
Darrell Lea Raspberry Allsorts 220g,$2.75,$1.25/100g,"https://cdn.metcash.media/image/upload/f_auto,c_limit,w_300,q_auto/igashop/images/383568"
Cold Power Laundry Triple Capsules 3In1 270g,$17.00,$6.30/100g,"https://cdn.metcash.media/image/upload/f_auto,c_limit,w_300,q_auto/igashop/images/20000006377"
Pine O Cleen Disinfectant Wipes Mango 110 Pack,$12.00,$0.11 each,"https://cdn.metcash.media/image/upload/f_auto,c_limit,w_300,q_auto/igashop/images/629553"
CSR White Sugar 2kg,$4.00,$2.00/kg,"https://cdn.metcash.media/image/upload/f_auto,c_limit,w_300,q_auto/igashop/images/42989"
Community Co Sweet & Spicy Gherkin 500g,$3.00,$0.60/100g,"https://cdn.metcash.media/image/upload/f_auto,c_limit,w_300,q_auto/igashop/images/742458"
Preshafruit Juice Apple Passionfruit 1L,$6.70,$6.70/1L,"https://cdn.metcash.media/image/upload/f_auto,c_limit,w_300,q_auto/igashop/images/20000002045"
Purina Total Care Petcare Pixar Dory Cat Toy,$19.35,N/A,"https://cdn.metcash.media/image/upload/f_auto,c_limit,w_300,q_auto/igashop/images/523414"
Branston Original Pickle 360g,$9.20,$2.56/100g,"https://cdn.metcash.media/image/upload/f_auto,c_limit,w_300,q_auto/igashop/images/20000000264"
Mount Franklin Lightly Sparkling Raspberry Can 300mL,$2.50,$0.83/100mL,"https://cdn.metcash.media/image/upload/f_auto,c_limit,w_300,q_auto/igashop/images/160000001008"
Cadbury Crunchie Bunny 170g,$10.00,$5.88/100g,"https://cdn.metcash.media/image/upload/f_auto,c_limit,w_300,q_auto/igashop/images/104875"
Womens Day,$6.50,N/A,https://www.igashop.com.au/static/default-product-image.png
Sunbeam Jumbo Sultanas 300g,$4.45,$1.48/100g,"https://cdn.metcash.media/image/upload/f_auto,c_limit,w_300,q_auto/igashop/images/20000003408"
Catalano's Seafood Cooked & Cleaned Split Crayfish,$17.50,N/A,https://www.igashop.com.au/static/default-product-image.png
Lindt Lindor Strawberries and Cream Bag 125g,$13.00,$10.40/100g,"https://cdn.metcash.media/image/upload/f_auto,c_limit,w_300,q_auto/igashop/images/317431"
Eveready Black Super Heavy Duty C 1235 2 Pack,$6.50,$3.25 each,"https://cdn.metcash.media/image/upload/f_auto,c_limit,w_300,q_auto/igashop/images/218946"
Maggie Beer Products Pate Pheasant Farm 110g,$7.30,$6.64/100g,"https://cdn.metcash.media/image/upload/f_auto,c_limit,w_300,q_auto/igashop/images/337554"
Armor All Air Freshener Arctic Cool 2.5mL,$11.00,$440.00/100mL,"https://cdn.metcash.media/image/upload/f_auto,c_limit,w_300,q_auto/igashop/images/469453"
Valley Produce Co. Artisan Crackers Kale 130g,$5.00,$3.85/100g,"https://cdn.metcash.media/image/upload/f_auto,c_limit,w_300,q_auto/igashop/images/20000007258"
Jelly Belly 3D Gel Vent Duo Tangerine 2 Pack,$9.50,$4.75 each,https://www.igashop.com.au/static/default-product-image.png
Meredith Dairy Natural Sheeps Milk Yoghurt 500g,$8.40,$1.68/100g,"https://cdn.metcash.media/image/upload/f_auto,c_limit,w_300,q_auto/igashop/images/20000001831"
MasterFoods Garlic Powder 50g,$3.50,$7.00/100g,"https://cdn.metcash.media/image/upload/f_auto,c_limit,w_300,q_auto/igashop/images/363555"
Rafferty's Garden Spinach Apple Broccoli & Pea 120g,$1.90,$1.58/100g,"https://cdn.metcash.media/image/upload/f_auto,c_limit,w_300,q_auto/igashop/images/350764"
Mexican To Go Taco 80g,$5.00,$6.25/100g,"https://cdn.metcash.media/image/upload/f_auto,c_limit,w_300,q_auto/igashop/images/1800000070928"
Huggies Little Swimmers Swimpants Medium (7-12kg) 11 Pack,$11.50,$1.05 each,"https://cdn.metcash.media/image/upload/f_auto,c_limit,w_300,q_auto/igashop/images/424270"
Weet-Bix Bites Wild Berry 500g,$6.50,$1.30/100g,"https://cdn.metcash.media/image/upload/f_auto,c_limit,w_300,q_auto/igashop/images/405593"
Popcorners Popcorn Chips Sea Salt 130g,$5.40,$4.15/100g,"https://cdn.metcash.media/image/upload/f_auto,c_limit,w_300,q_auto/igashop/images/690169"
Black & Gold Devon Luncheon Meat 1kg,$5.00,$5.00/kg,"https://cdn.metcash.media/image/upload/f_auto,c_limit,w_300,q_auto/igashop/images/104529"
Creative Gourmet Frozen Mango 900g,$10.30,$1.14/100g,"https://cdn.metcash.media/image/upload/f_auto,c_limit,w_300,q_auto/igashop/images/674595"
Happy Way Vanilla Whey Protein Powder 500g,$52.95,$10.59/100g,"https://cdn.metcash.media/image/upload/f_auto,c_limit,w_300,q_auto/igashop/images/190000004124"
Marbig Push Pins 30 Pack,$2.55,$0.08 each,"https://cdn.metcash.media/image/upload/f_auto,c_limit,w_300,q_auto/igashop/images/729183"
Colgate Plax Ice Fusion Antibacterial Mouthwash Cold Mint 500mL,$7.00,$1.40/100mL,"https://cdn.metcash.media/image/upload/f_auto,c_limit,w_300,q_auto/igashop/images/798742"
Nature Valley Crunchy Oats & Honey Granola Bars 12 Pack,$5.50,$0.46 each,"https://cdn.metcash.media/image/upload/f_auto,c_limit,w_300,q_auto/igashop/images/891257"
Willow Gel Freeza Pack Medium Blue,$6.00,N/A,"https://cdn.metcash.media/image/upload/f_auto,c_limit,w_300,q_auto/igashop/images/253483"
Fry's Turkish Delight Bites Pillow 140g,$3.50,$2.50/100g,"https://cdn.metcash.media/image/upload/f_auto,c_limit,w_300,q_auto/igashop/images/156547"
Leggo's Pizza Paste 2 Pack,$3.50,$1.75 each,"https://cdn.metcash.media/image/upload/f_auto,c_limit,w_300,q_auto/igashop/images/355405"
Country Delight Cake Lemon 500g,$8.30,$1.66/100g,https://www.igashop.com.au/static/default-product-image.png
Black Swan Crafted Beetroot Tzatziki Dip 170g,$5.10,$3.00/100g,https://www.igashop.com.au/static/default-product-image.png
Ziploc Sandwich Bag 175 Pack,$7.50,$0.04 each,"https://cdn.metcash.media/image/upload/f_auto,c_limit,w_300,q_auto/igashop/images/642747"
Heinz 8 Months+ Strawberry & Vanilla Custard 120g,$1.50,$1.25/100g,"https://cdn.metcash.media/image/upload/f_auto,c_limit,w_300,q_auto/igashop/images/70047"
Black & Gold Resealable Sandwich Bags 30 Pack,$2.80,$0.09 each,"https://cdn.metcash.media/image/upload/f_auto,c_limit,w_300,q_auto/igashop/images/608353"
Lynx Deodorant Aerosol Ice Chill 165mL,$8.00,$4.85/100mL,"https://cdn.metcash.media/image/upload/f_auto,c_limit,w_300,q_auto/igashop/images/746978"
Dettol Handwash Lime And Orange Blossom Refill 900mL,$10.50,$1.17/100mL,"https://cdn.metcash.media/image/upload/f_auto,c_limit,w_300,q_auto/igashop/images/779837"
Fragassi Tomatoe and Truffle Pasta Sauce 500g,$8.50,$1.70/100g,"https://cdn.metcash.media/image/upload/f_auto,c_limit,w_300,q_auto/igashop/images/160000013948"
Lux Body Wash Magical Spell 400mL,$5.80,$1.45/100mL,"https://cdn.metcash.media/image/upload/f_auto,c_limit,w_300,q_auto/igashop/images/84999"
Schweppes Lemonade 375mL,$2.55,$0.68/100mL,"https://cdn.metcash.media/image/upload/f_auto,c_limit,w_300,q_auto/igashop/images/806650"
Fussy Cat Slice & Jelly Poultry Pouch 960g,$11.00,$1.15/100g,https://www.igashop.com.au/static/default-product-image.png
Dynamo Professional Odour Eliminator Laundry Detergent Liquid 4L,$20.50,$5.13/1L,"https://cdn.metcash.media/image/upload/f_auto,c_limit,w_300,q_auto/igashop/images/348830"
Lenards Chicken Mini Strudel 630g,$14.30,$2.27/100g,"https://cdn.metcash.media/image/upload/f_auto,c_limit,w_300,q_auto/igashop/images/582036"
Vittoria Freeze Dried Instant Coffee Italian 100g,$13.50,$13.50/100g,"https://cdn.metcash.media/image/upload/f_auto,c_limit,w_300,q_auto/igashop/images/378398"
Table & Tale Yorkshire Puddings 220g,$5.80,$2.64/100g,"https://cdn.metcash.media/image/upload/f_auto,c_limit,w_300,q_auto/igashop/images/160000012276"
That's Amore Cheese Baby Bocconcini 200g,$7.50,$3.75/100g,"https://cdn.metcash.media/image/upload/f_auto,c_limit,w_300,q_auto/igashop/images/190000005103"
All the Things Vegan Truffle Cashew Brie 160g,$14.99,$9.37/100g,"https://cdn.metcash.media/image/upload/f_auto,c_limit,w_300,q_auto/igashop/images/20000002079"
Angas Park Whole Prunes 1kg,$9.00,$9.00/kg,"https://cdn.metcash.media/image/upload/f_auto,c_limit,w_300,q_auto/igashop/images/50704"
Beerenberg Minute Meal Base Pumpkin & Chickpea 240mL,$6.50,$2.71/100mL,"https://cdn.metcash.media/image/upload/f_auto,c_limit,w_300,q_auto/igashop/images/460653"
Food Guru Animal Coffee Mug,$4.40,N/A,"https://cdn.metcash.media/image/upload/f_auto,c_limit,w_300,q_auto/igashop/images/212194"
M&M's Red And Green Pouch 180g,$5.00,$2.78/100g,"https://cdn.metcash.media/image/upload/f_auto,c_limit,w_300,q_auto/igashop/images/49729"
SPC Fruit Snacks Fruit Salad In Tropical Juice 200g,$3.05,$1.53/100g,https://www.igashop.com.au/static/default-product-image.png
Heinz Big N Chunky Steak & Mushroom 535g,$4.40,$0.82/100g,"https://cdn.metcash.media/image/upload/f_auto,c_limit,w_300,q_auto/igashop/images/334438"
Ben's Original Mexican Style Microwave Rice Pouch 250g,$2.00,$0.80/100g,"https://cdn.metcash.media/image/upload/f_auto,c_limit,w_300,q_auto/igashop/images/190000005249"
Kleenex Artist Edition Everyday Facial Tissues Cube 85 Pack,$3.00,$0.04 each,"https://cdn.metcash.media/image/upload/f_auto,c_limit,w_300,q_auto/igashop/images/485352"
Coca Cola Cola Zero Sugar 600mL,$4.00,$0.67/100mL,"https://cdn.metcash.media/image/upload/f_auto,c_limit,w_300,q_auto/igashop/images/180000005664"
Fluffy Tumble Dryer Sheets Field Flowers Long Lasting Fragrance 40 Pack,$7.50,$0.19 each,"https://cdn.metcash.media/image/upload/f_auto,c_limit,w_300,q_auto/igashop/images/3197"
Kikkoman Honey Soy Marinade 250mL,$4.00,$1.60/100mL,"https://cdn.metcash.media/image/upload/f_auto,c_limit,w_300,q_auto/igashop/images/406939"
Dr Schar Gluten Free Crackers 210g,$11.95,$5.69/100g,"https://cdn.metcash.media/image/upload/f_auto,c_limit,w_300,q_auto/igashop/images/190000004695"
Deeko Bio Dinner Plates 8 Pack,$4.80,$0.60 each,"https://cdn.metcash.media/image/upload/f_auto,c_limit,w_300,q_auto/igashop/images/126539"
S-26 Alula Original Progress Stage 2 Follow-On Formula 900g,$19.00,$2.11/100g,"https://cdn.metcash.media/image/upload/f_auto,c_limit,w_300,q_auto/igashop/images/933520"
Bickford's Blackcurrant Syrup 750mL,$6.00,$0.80/100mL,"https://cdn.metcash.media/image/upload/f_auto,c_limit,w_300,q_auto/igashop/images/352211"
Black & Gold Budgie & Canary Mix 2kg,$4.40,$2.20/kg,"https://cdn.metcash.media/image/upload/f_auto,c_limit,w_300,q_auto/igashop/images/20000003974"
SunRice Quick Cups Microwave Long Grain White Rice 250g,$3.50,$1.40/100g,"https://cdn.metcash.media/image/upload/f_auto,c_limit,w_300,q_auto/igashop/images/56967"
Cheer Extra Tasty 500g,$11.00,$2.20/100g,https://www.igashop.com.au/static/default-product-image.png
Maui Moisture Curl Quench + Coconut Oil Conditioner 385mL,$26.00,$6.75/100mL,"https://cdn.metcash.media/image/upload/f_auto,c_limit,w_300,q_auto/igashop/images/160000002542"
Crankt Protein Bar Raspberry & Coconut 60g,$4.50,$7.50/100g,"https://cdn.metcash.media/image/upload/f_auto,c_limit,w_300,q_auto/igashop/images/20000006957_1"
Provolone Cheese 1kg,Final cost based on weight,$46.95/$46.95,"https://cdn.metcash.media/image/upload/f_auto,c_limit,w_300,q_auto/igashop/images/80072137"
Earth Choice Top & Front Loader Liquid 4L,$20.00,$5.00/1L,"https://cdn.metcash.media/image/upload/f_auto,c_limit,w_300,q_auto/igashop/images/62002"
Golden Days Fruit Apricot Coconut Slice 150g,$4.00,$2.67/100g,"https://cdn.metcash.media/image/upload/f_auto,c_limit,w_300,q_auto/igashop/images/160000018261"
Crisco Vegetable Blended Oil 750mL,$4.40,$0.59/100mL,"https://cdn.metcash.media/image/upload/f_auto,c_limit,w_300,q_auto/igashop/images/40636"
John West Tuna Lemon & Cracked Pepper 185g,$3.50,$1.89/100g,"https://cdn.metcash.media/image/upload/f_auto,c_limit,w_300,q_auto/igashop/images/559570"
Black & Gold Low Fat Milk 1L,$1.65,$1.65/1L,"https://cdn.metcash.media/image/upload/f_auto,c_limit,w_300,q_auto/igashop/images/680305"
Jarrah Coffee Swiss Mocha 250g,$8.50,$3.40/100g,"https://cdn.metcash.media/image/upload/f_auto,c_limit,w_300,q_auto/igashop/images/356422"
Mother Energy Sugar Free Drink 500mL,$3.30,$0.66/100mL,"https://cdn.metcash.media/image/upload/f_auto,c_limit,w_300,q_auto/igashop/images/190000001536"
Sunkist Orange Multipack Cans 10 Pack,$9.50,$0.95 each,"https://cdn.metcash.media/image/upload/f_auto,c_limit,w_300,q_auto/igashop/images/597573"
McCain Healthy Choice Apricot Chicken 350g,$4.45,$1.27/100g,"https://cdn.metcash.media/image/upload/f_auto,c_limit,w_300,q_auto/igashop/images/873966"
Mizkan Sushi Seasoning 355mL,$4.48,$1.26/100mL,"https://cdn.metcash.media/image/upload/f_auto,c_limit,w_300,q_auto/igashop/images/190000001499"
Gillette Solo H+10 10 Pack,$19.50,$1.95 each,"https://cdn.metcash.media/image/upload/f_auto,c_limit,w_300,q_auto/igashop/images/246017"
Jarlsberg Cheese Original Wedge 230g,$11.15,$4.85/100g,"https://cdn.metcash.media/image/upload/f_auto,c_limit,w_300,q_auto/igashop/images/20000006432"
Korbond Whiz Pop Bang Sparkling Candles,$2.10,N/A,"https://cdn.metcash.media/image/upload/f_auto,c_limit,w_300,q_auto/igashop/images/266067"
Coca-Cola Zero Sugar Soft Drink Multipack Cans 30 Pack,$30.00,$1.00 each,"https://cdn.metcash.media/image/upload/f_auto,c_limit,w_300,q_auto/igashop/images/921751"
Vaseline Intensive Care Body Lotion Cocoa Glow 750mL,$14.85,$1.98/100mL,"https://cdn.metcash.media/image/upload/f_auto,c_limit,w_300,q_auto/igashop/images/37688"
Pauls High Protein Vanilla Yoghurt Pouch 150g,$3.10,$2.07/100g,https://www.igashop.com.au/static/default-product-image.png
Rafferty's Garden Ifood Talian Lasagne Italian Lasagne 170g,$2.50,$1.47/100g,"https://cdn.metcash.media/image/upload/f_auto,c_limit,w_300,q_auto/igashop/images/69096"
BFree Wrap Sweet Potato Wrap 210g,$8.40,$4.00/100g,"https://cdn.metcash.media/image/upload/f_auto,c_limit,w_300,q_auto/igashop/images/828513"
Always Discreet Pads Normal 12 Pack,$9.00,$0.75 each,"https://cdn.metcash.media/image/upload/f_auto,c_limit,w_300,q_auto/igashop/images/862216"
Primo Party Faves Cabanossi Cheese and Jatz Crackers 50g,$3.00,$6.00/100g,"https://cdn.metcash.media/image/upload/f_auto,c_limit,w_300,q_auto/igashop/images/637784"
Arnott's Bluey Biscuits Honey & Oat Multipack 168g,$4.00,$2.38/100g,"https://cdn.metcash.media/image/upload/f_auto,c_limit,w_300,q_auto/igashop/images/620981"
Saxa Table Salt Picnic Pack 125g,$2.80,$2.24/100g,"https://cdn.metcash.media/image/upload/f_auto,c_limit,w_300,q_auto/igashop/images/41145"
Vaseline Intensive Care Body Lotion Aloe Soothe 225mL,$3.50,$1.56/100mL,"https://cdn.metcash.media/image/upload/f_auto,c_limit,w_300,q_auto/igashop/images/362258"
Nescafe Dolce Gusto by Starbucks Madagascan Vanilla Macchiato Blonde Espresso Roast 12 Pack,$10.00,$0.83 each,"https://cdn.metcash.media/image/upload/f_auto,c_limit,w_300,q_auto/igashop/images/1800000067931"
Dine Nature's Collection Chicken With Carrot And Spinach 85g,$1.75,$2.06/100g,https://www.igashop.com.au/static/default-product-image.png
Food Guru Fork 4 Pack,$7.00,$1.75 each,"https://cdn.metcash.media/image/upload/f_auto,c_limit,w_300,q_auto/igashop/images/832774"
Lee Kum Kee Sauce Mongolian Lamb Ready 120g,$2.70,$2.25/100g,"https://cdn.metcash.media/image/upload/f_auto,c_limit,w_300,q_auto/igashop/images/969995"
Great Temptations Chocolate Chip Muffin 5 Pack,$4.50,$0.90 each,https://www.igashop.com.au/static/default-product-image.png
Arnott's Shapes Snacks Fully Loaded Chargrilled Korean BBQ 130g,$3.00,$2.31/100g,"https://cdn.metcash.media/image/upload/f_auto,c_limit,w_300,q_auto/igashop/images/1800000068031"
Pauls Zymil Full Cream Milk 1L,$3.90,$3.90/1L,"https://cdn.metcash.media/image/upload/f_auto,c_limit,w_300,q_auto/igashop/images/825214"
Pine O Cleen Platinum Laundry Sanitiser Sparkling Fresh 2L,$26.00,$13.00/1L,"https://cdn.metcash.media/image/upload/f_auto,c_limit,w_300,q_auto/igashop/images/297042"
Old El Paso Mexican Wholegrain Tortillas 6 Pack,$4.50,$0.75 each,"https://cdn.metcash.media/image/upload/f_auto,c_limit,w_300,q_auto/igashop/images/160000012676"
McCain Pub Style Fries 750g,$6.00,$0.80/100g,"https://cdn.metcash.media/image/upload/f_auto,c_limit,w_300,q_auto/igashop/images/148044"
Black & Gold Thickened Cream 600mL,$5.20,$0.87/100mL,"https://cdn.metcash.media/image/upload/f_auto,c_limit,w_300,q_auto/igashop/images/110295"
Cadbury Dairy Milk Giant Humpty Dumpty Egg Carton 150g,$8.15,$5.43/100g,"https://cdn.metcash.media/image/upload/f_auto,c_limit,w_300,q_auto/igashop/images/190000009755"
Heinz Fried Chicken Sauce 295mL,$4.80,$1.63/100mL,https://www.igashop.com.au/static/default-product-image.png
Listerine Zero Mouthwash 250mL,$4.95,$1.98/100mL,"https://cdn.metcash.media/image/upload/f_auto,c_limit,w_300,q_auto/igashop/images/84570"
Rufus & Coco Water Free Wash 100g,$15.30,$15.30/100g,"https://cdn.metcash.media/image/upload/f_auto,c_limit,w_300,q_auto/igashop/images/157713"
Ajitas Vege Chips Deli Crisps Original 100g,$6.50,$6.50/100g,"https://cdn.metcash.media/image/upload/f_auto,c_limit,w_300,q_auto/igashop/images/954770"
Darrell Lea Dark Chocolate Orange Bullets 200g,$6.00,$3.00/100g,"https://cdn.metcash.media/image/upload/f_auto,c_limit,w_300,q_auto/igashop/images/180000004536"
Schmackos Marrobones Dog Treats 737g,$10.80,$1.47/100g,"https://cdn.metcash.media/image/upload/f_auto,c_limit,w_300,q_auto/igashop/images/365010"
McCain Pizza Slice Meatlovers 600g,$9.80,$1.63/100g,"https://cdn.metcash.media/image/upload/f_auto,c_limit,w_300,q_auto/igashop/images/155601"
Beetroot Bunch,$5.50,N/A,"https://cdn.metcash.media/image/upload/f_auto,c_limit,w_300,q_auto/igashop/images/80050131"
Community Co Salted Caramel Cheesecake 450g,$6.60,$1.47/100g,"https://cdn.metcash.media/image/upload/f_auto,c_limit,w_300,q_auto/igashop/images/157658"
Connoisseur Rocky Road 4 Pack,$5.50,$1.38 each,"https://cdn.metcash.media/image/upload/f_auto,c_limit,w_300,q_auto/igashop/images/8090"
Oates General Scrub Brush with Handle,$8.40,N/A,"https://cdn.metcash.media/image/upload/f_auto,c_limit,w_300,q_auto/igashop/images/224125"
Sunsilk Shampoo Clean & Fresh 700mL,$10.00,$1.43/100mL,"https://cdn.metcash.media/image/upload/f_auto,c_limit,w_300,q_auto/igashop/images/160000004666"
Nuttelex Original Plant-Based Butter Alternative 500g,$5.20,$1.04/100g,"https://cdn.metcash.media/image/upload/f_auto,c_limit,w_300,q_auto/igashop/images/147844"
D'Orsogna Champagne Leg Ham Sliced 400g,$7.70,$1.93/100g,"https://cdn.metcash.media/image/upload/f_auto,c_limit,w_300,q_auto/igashop/images/296017"
Global Seafoods Squid Tubes 500g,$12.35,$2.47/100g,"https://cdn.metcash.media/image/upload/f_auto,c_limit,w_300,q_auto/igashop/images/449071"
MasterFoods Creamy White Finishing Sauce Pouch 160g,$3.25,$2.03/100g,"https://cdn.metcash.media/image/upload/f_auto,c_limit,w_300,q_auto/igashop/images/34347"
Ayam Premium Coconut Milk 400mL,$5.00,$1.25/100mL,"https://cdn.metcash.media/image/upload/f_auto,c_limit,w_300,q_auto/igashop/images/160000012216"
Abbott's Bakery Rustic White Bread 700g,$5.20,$0.74/100g,"https://cdn.metcash.media/image/upload/f_auto,c_limit,w_300,q_auto/igashop/images/442595"
Less Carb Washed Potatoes 1.5kg,$5.00,$3.33/kg,"https://cdn.metcash.media/image/upload/f_auto,c_limit,w_300,q_auto/igashop/images/180000001383"
Campbell's Soup Condensed Cream of Celery 410g,$2.20,$0.54/100g,"https://cdn.metcash.media/image/upload/f_auto,c_limit,w_300,q_auto/igashop/images/15039"
Nice & Natural Chocolate Nut Bars Apricot 180g,$5.50,$3.06/100g,"https://cdn.metcash.media/image/upload/f_auto,c_limit,w_300,q_auto/igashop/images/180000004820"
Lipton Bubble Tea Kit Coffee 5 Pack,$8.50,$1.70 each,"https://cdn.metcash.media/image/upload/f_auto,c_limit,w_300,q_auto/igashop/images/449160"
Granny Smith Apples 170g,Final cost based on weight,$1.28/$7.50,"https://cdn.metcash.media/image/upload/f_auto,c_limit,w_300,q_auto/igashop/images/80060027"
Liddells Lactose Free Long Life Low Fat Milk 1L,$3.00,$3.00/1L,"https://cdn.metcash.media/image/upload/f_auto,c_limit,w_300,q_auto/igashop/images/180000004739"
Alula Gold Soy Infant Formula 0-12 Months 900g,$37.00,$4.11/100g,"https://cdn.metcash.media/image/upload/f_auto,c_limit,w_300,q_auto/igashop/images/933575"
Angas Park Prunes Soft & Juicy 250g,$5.50,$2.20/100g,"https://cdn.metcash.media/image/upload/f_auto,c_limit,w_300,q_auto/igashop/images/34334"
Catalano's Australian Snapper Fillet 350g,$25.00,$7.14/100g,"https://cdn.metcash.media/image/upload/f_auto,c_limit,w_300,q_auto/igashop/images/180000001726"
Mutti Organic Peeled 400g,$2.95,$0.74/100g,"https://cdn.metcash.media/image/upload/f_auto,c_limit,w_300,q_auto/igashop/images/219188"
Old El Paso Mexican Family Tortillas 16 Pack,$6.50,$0.41 each,"https://cdn.metcash.media/image/upload/f_auto,c_limit,w_300,q_auto/igashop/images/160000012675"
Carman's Protein Low Carb Bars Cookie Crunch 160g,$8.50,$5.31/100g,"https://cdn.metcash.media/image/upload/f_auto,c_limit,w_300,q_auto/igashop/images/542552"
Air Wick Life Scents LF PR Turquoise Oasis 19mL,$14.00,$73.68/100mL,"https://cdn.metcash.media/image/upload/f_auto,c_limit,w_300,q_auto/igashop/images/345418"
Temptations Cat Treats Tempting Tuna Bag 85g,$4.40,$5.18/100g,"https://cdn.metcash.media/image/upload/f_auto,c_limit,w_300,q_auto/igashop/images/655122"
Nestlé Crunch Chocolate Bar 45g,$1.50,$3.33/100g,"https://cdn.metcash.media/image/upload/f_auto,c_limit,w_300,q_auto/igashop/images/70398"
Praise Dressing Mini French 140mL,$2.25,$1.61/100mL,"https://cdn.metcash.media/image/upload/f_auto,c_limit,w_300,q_auto/igashop/images/368893"
Goodies & Grains Magnesium Bath Flakes 750g,$13.50,$1.80/100g,"https://cdn.metcash.media/image/upload/f_auto,c_limit,w_300,q_auto/igashop/images/20000002022"
McKenzie's Buckwheat Flour 300g,$4.00,$1.33/100g,"https://cdn.metcash.media/image/upload/f_auto,c_limit,w_300,q_auto/igashop/images/781533"
Pauls Custard Chocolate 140g,$2.50,$1.79/100g,"https://cdn.metcash.media/image/upload/f_auto,c_limit,w_300,q_auto/igashop/images/620106"
Peckish Rice Crackers Sour Cream & Chives 90g,$2.10,$2.33/100g,"https://cdn.metcash.media/image/upload/f_auto,c_limit,w_300,q_auto/igashop/images/20000007216"
Coca-Cola Vanilla Soft Drink Multipack Cans 10 Pack,$10.50,$1.05 each,"https://cdn.metcash.media/image/upload/f_auto,c_limit,w_300,q_auto/igashop/images/9300675084147_0"
Mortein Powergard Insecticides Advance Bomb 125g,$22.50,$18.00/100g,https://www.igashop.com.au/static/default-product-image.png
BSc X Chupa Chups Soft Protein Bar Vanilla 55g,$5.00,$9.09/100g,https://www.igashop.com.au/static/default-product-image.png
SodaKING Creaming Soda Syrup 250mL,$3.60,$1.44/100mL,"https://cdn.metcash.media/image/upload/f_auto,c_limit,w_300,q_auto/igashop/images/160000012314"
Castello Double Cream Brie 150g,$8.15,$5.43/100g,"https://cdn.metcash.media/image/upload/f_auto,c_limit,w_300,q_auto/igashop/images/118293"
Banana Boat Sport Sunscreen Lotion SPF 50 100g,$12.65,$12.65/100g,"https://cdn.metcash.media/image/upload/f_auto,c_limit,w_300,q_auto/igashop/images/138366"
Ritter Sport Coconut Bar 100g,$6.00,$6.00/100g,"https://cdn.metcash.media/image/upload/f_auto,c_limit,w_300,q_auto/igashop/images/20000000803"
Nestle Kit Kat Santa Icon 29g,$1.00,$3.45/100g,"https://cdn.metcash.media/image/upload/f_auto,c_limit,w_300,q_auto/igashop/images/180000005897"
Chipping Potatoes 1.5kg,$5.00,$3.33/kg,"https://cdn.metcash.media/image/upload/f_auto,c_limit,w_300,q_auto/igashop/images/180000002053"
Sensodyne Repair & Protect Soft Toothbrush,$4.70,N/A,"https://cdn.metcash.media/image/upload/f_auto,c_limit,w_300,q_auto/igashop/images/236122"
Cadbury Caramilk Breakaway Chocolate Block 180g,$8.00,$4.44/100g,"https://cdn.metcash.media/image/upload/f_auto,c_limit,w_300,q_auto/igashop/images/559596"
Cadbury Caramello Egg Gift Box 170g,$13.75,$8.09/100g,"https://cdn.metcash.media/image/upload/f_auto,c_limit,w_300,q_auto/igashop/images/180000005529"
Lean Cuisine Tuna Mornay 280g,$6.00,$2.14/100g,https://www.igashop.com.au/static/default-product-image.png
Arnott's Sourdough Crisps Crackers Caramelised Onion & Rosemary 150g,$3.50,$2.33/100g,"https://cdn.metcash.media/image/upload/f_auto,c_limit,w_300,q_auto/igashop/images/194388"
Swisspers Micellar and Coconut Water Facial Wipes 25 Pack,$5.70,$0.23 each,"https://cdn.metcash.media/image/upload/f_auto,c_limit,w_300,q_auto/igashop/images/939652"
Patties Party Pack 1.25kg,$18.00,$14.40/kg,"https://cdn.metcash.media/image/upload/f_auto,c_limit,w_300,q_auto/igashop/images/103612"
MasterFoods Sauce Hickory And Brown Sugar Barbecue 500mL,$5.85,$1.17/100mL,"https://cdn.metcash.media/image/upload/f_auto,c_limit,w_300,q_auto/igashop/images/609794"
Hero Cup Peanut Butter Cups 70% Dark Chocolate 2 Pack,$7.00,$3.50 each,"https://cdn.metcash.media/image/upload/f_auto,c_limit,w_300,q_auto/igashop/images/160000013584"
Chux Original Superwipes 20 Pack,$6.50,$0.33 each,"https://cdn.metcash.media/image/upload/f_auto,c_limit,w_300,q_auto/igashop/images/69850"
Green's Traditional Classic Chocolate Cake Mix 440g,$3.00,$0.68/100g,"https://cdn.metcash.media/image/upload/f_auto,c_limit,w_300,q_auto/igashop/images/319886"
Fresh Bake Chocolate Swirl Cake 300g,$8.95,$2.98/100g,"https://cdn.metcash.media/image/upload/f_auto,c_limit,w_300,q_auto/igashop/images/20000000604"
Pedigree Homestyle With Beef Pasta & Veggies Wet Dog Food Can 700g,$3.50,$0.50/100g,"https://cdn.metcash.media/image/upload/f_auto,c_limit,w_300,q_auto/igashop/images/617205"
Thins Chicken Chips 175g,$2.50,$1.43/100g,"https://cdn.metcash.media/image/upload/f_auto,c_limit,w_300,q_auto/igashop/images/17798"
Chang's Oyster Sauce 150mL,$2.05,$1.37/100mL,"https://cdn.metcash.media/image/upload/f_auto,c_limit,w_300,q_auto/igashop/images/451081"
Nestlé Kit Kat Confectionery Candy Cane 252g,$2.00,$0.79/100g,"https://cdn.metcash.media/image/upload/f_auto,c_limit,w_300,q_auto/igashop/images/180000005826"
Nerada Organics Lemon & Ginger Tea Bags 40 Pack,$6.00,$0.15 each,"https://cdn.metcash.media/image/upload/f_auto,c_limit,w_300,q_auto/igashop/images/160000012871"
McCain Spaghetti Bolognese 400g,$4.50,$1.13/100g,"https://cdn.metcash.media/image/upload/f_auto,c_limit,w_300,q_auto/igashop/images/115156"
Birds Eye Southern Blue Whiting Fillets 840g,$20.00,$2.38/100g,"https://cdn.metcash.media/image/upload/f_auto,c_limit,w_300,q_auto/igashop/images/180000003512"
Eclipse Chewy Mints Peppermint Tin 27g,$2.00,$7.41/100g,"https://cdn.metcash.media/image/upload/f_auto,c_limit,w_300,q_auto/igashop/images/357371"
Street Kitchen Punjabi Cashew Korma 255g,$6.10,$2.39/100g,"https://cdn.metcash.media/image/upload/f_auto,c_limit,w_300,q_auto/igashop/images/915792"
Tuscany Dairy Free Shredded Cheddar 250g,$8.85,$3.54/100g,https://www.igashop.com.au/static/default-product-image.png
Nurofen Pain And Inflammation Relief Tablets 200mg Ibuprofen 24 Pack,$7.50,$0.31 each,"https://cdn.metcash.media/image/upload/f_auto,c_limit,w_300,q_auto/igashop/images/76912"
Cadbury Dairy Milk Fruit & Nut 360g,$8.00,$2.22/100g,"https://cdn.metcash.media/image/upload/f_auto,c_limit,w_300,q_auto/igashop/images/160000012098"
Half Celery Bunch,$2.00,N/A,"https://cdn.metcash.media/image/upload/f_auto,c_limit,w_300,q_auto/igashop/images/80050097"
Devon 1kg,Final cost based on weight,$9.50/$9.50,"https://cdn.metcash.media/image/upload/f_auto,c_limit,w_300,q_auto/igashop/images/80072003"
Wicked Sister Strawberry Panna Cotta 150g,$5.40,$3.60/100g,https://www.igashop.com.au/static/default-product-image.png
Doritos Thai Sweet Chilli Corn Chips 150g,$2.50,$1.67/100g,"https://cdn.metcash.media/image/upload/f_auto,c_limit,w_300,q_auto/igashop/images/190000002685"
Nature's Way Protein Powder Chocolate 375g,$22.50,$6.00/100g,"https://cdn.metcash.media/image/upload/f_auto,c_limit,w_300,q_auto/igashop/images/916447"
Golden Circle Apple Mango Juice 3L,$5.00,$1.67/1L,"https://cdn.metcash.media/image/upload/f_auto,c_limit,w_300,q_auto/igashop/images/190000003654"
Kleenex Bath Tissue 3Ply 4 Pack,$15.30,$3.83 each,https://www.igashop.com.au/static/default-product-image.png
Nissin Sesame Oil Instant Noodles 100g,$1.80,$1.80/100g,"https://cdn.metcash.media/image/upload/f_auto,c_limit,w_300,q_auto/igashop/images/20000006746"
Huggies Essential Size 6 Junior 40 Pack,$16.00,$0.40 each,"https://cdn.metcash.media/image/upload/f_auto,c_limit,w_300,q_auto/igashop/images/986769"
True Thai Satay Paste 240g,$4.60,$1.92/100g,"https://cdn.metcash.media/image/upload/f_auto,c_limit,w_300,q_auto/igashop/images/160000012610"
Primo Thinly Sliced Pepperoni Hot Salami 80g,$3.00,$3.75/100g,"https://cdn.metcash.media/image/upload/f_auto,c_limit,w_300,q_auto/igashop/images/682357"
Optimum Mature Wet Cat Food Salmon Chunks In Jelly 85g,$2.25,$2.65/100g,"https://cdn.metcash.media/image/upload/f_auto,c_limit,w_300,q_auto/igashop/images/810573_1"
MasterFoods Sweet Chilli Sauce Mild 500mL,$3.50,$0.70/100mL,"https://cdn.metcash.media/image/upload/f_auto,c_limit,w_300,q_auto/igashop/images/391833"
Sukin Purely Ageless Restorative Night Cream 120mL,$30.00,$25.00/100mL,"https://cdn.metcash.media/image/upload/f_auto,c_limit,w_300,q_auto/igashop/images/160000012514"
Nesquik Chocolate 250g,$4.00,$1.60/100g,"https://cdn.metcash.media/image/upload/f_auto,c_limit,w_300,q_auto/igashop/images/10259"
Jarrah Brazilian Cafe Latte Brazil Delight 250g,$7.00,$2.80/100g,"https://cdn.metcash.media/image/upload/f_auto,c_limit,w_300,q_auto/igashop/images/325329"
Little Bellies Pick Up Sticks Banana 16g,$3.90,$24.38/100g,"https://cdn.metcash.media/image/upload/f_auto,c_limit,w_300,q_auto/igashop/images/1800000067669"
Peckish Rice Crackers Original 90g,$2.10,$2.33/100g,"https://cdn.metcash.media/image/upload/f_auto,c_limit,w_300,q_auto/igashop/images/20000007214"
Leggo's Pasta Sauce Alfredo 490g,$2.30,$0.47/100g,"https://cdn.metcash.media/image/upload/f_auto,c_limit,w_300,q_auto/igashop/images/612543"
PureHarvest Rice Malt Syrup 500g,$4.20,$0.84/100g,"https://cdn.metcash.media/image/upload/f_auto,c_limit,w_300,q_auto/igashop/images/828482"
Mojo Activated Kombucha Mango Lime 330mL,$4.44,$1.35/100mL,"https://cdn.metcash.media/image/upload/f_auto,c_limit,w_300,q_auto/igashop/images/160000012577"
Heinz Soup Classic Country Chicken 535g,$3.50,$0.65/100g,"https://cdn.metcash.media/image/upload/f_auto,c_limit,w_300,q_auto/igashop/images/462325"
Leggo's Pasta Bake Tomoto Ricotta Spinach 500g,$4.30,$0.86/100g,"https://cdn.metcash.media/image/upload/f_auto,c_limit,w_300,q_auto/igashop/images/612577"
Maybelline Mascara Lash Sensational Very Black,$25.00,N/A,"https://cdn.metcash.media/image/upload/f_auto,c_limit,w_300,q_auto/igashop/images/911031"
Pico Vegan Dark Mint Chocolate 80g,$9.95,$12.44/100g,https://www.igashop.com.au/static/default-product-image.png
Leggo's Pasta Sauce Roasted Garlic 500g,$2.30,$0.46/100g,"https://cdn.metcash.media/image/upload/f_auto,c_limit,w_300,q_auto/igashop/images/612535"
Musashi Plant Protein Vanilla 320g,$34.05,$10.64/100g,"https://cdn.metcash.media/image/upload/f_auto,c_limit,w_300,q_auto/igashop/images/933884"
Kettle Ridge Cut Potato Chips Salt & Vinegar 165g,$3.00,$1.82/100g,"https://cdn.metcash.media/image/upload/f_auto,c_limit,w_300,q_auto/igashop/images/1800000067655"
Dilmah Moroccan Mint Green Tea Bag 20 Pack,$5.30,$0.27 each,"https://cdn.metcash.media/image/upload/f_auto,c_limit,w_300,q_auto/igashop/images/604590"
Community Co Rice Bran Oil 500mL,$4.00,$0.80/100mL,"https://cdn.metcash.media/image/upload/f_auto,c_limit,w_300,q_auto/igashop/images/805557"
Golden Circle Pineapple Crushed In Syrup 450g,$3.90,$0.87/100g,"https://cdn.metcash.media/image/upload/f_auto,c_limit,w_300,q_auto/igashop/images/24339"
My Muscle Chef RTD Mango & Coconut Protein Shake 375mL,$5.95,$1.59/100mL,https://www.igashop.com.au/static/default-product-image.png
Perkii Apple Ginger Sparkling Drink 330mL,$4.65,$1.41/100mL,"https://cdn.metcash.media/image/upload/f_auto,c_limit,w_300,q_auto/igashop/images/20000005949"
Green's Deluxe Choc Chip Cookie Pie Mix 400g,$5.50,$1.38/100g,"https://cdn.metcash.media/image/upload/f_auto,c_limit,w_300,q_auto/igashop/images/180000005559"
Steggles Premium Chicken Nuggets 400g,$5.75,$1.44/100g,"https://cdn.metcash.media/image/upload/f_auto,c_limit,w_300,q_auto/igashop/images/107030"
Cadbury Christmas Selection Box 466g,$16.00,$3.43/100g,"https://cdn.metcash.media/image/upload/f_auto,c_limit,w_300,q_auto/igashop/images/230618"
Sukin Rosehip Cream Cleanser 125mL,$16.30,$13.04/100mL,"https://cdn.metcash.media/image/upload/f_auto,c_limit,w_300,q_auto/igashop/images/806930"
Glad Forceflex Garbage Bags 5 Pack,$3.55,$0.71 each,https://www.igashop.com.au/static/default-product-image.png
Smiths Chips Crinkle Tomato Sauce 150g,$3.75,$2.50/100g,"https://cdn.metcash.media/image/upload/f_auto,c_limit,w_300,q_auto/igashop/images/180000005750"
Green Beacon Half Mast India Session Ale Cans 24 Pack,$6.00,$0.25 each,"https://cdn.metcash.media/image/upload/f_auto,c_limit,w_300,q_auto/igashop/images/190000008816"
Olson's Free Range Eggs 700g,$9.00,$1.29/100g,"https://cdn.metcash.media/image/upload/f_auto,c_limit,w_300,q_auto/igashop/images/190000004911"
Jack N' Jill Natural Toothpaste Strawberry 50g,$7.50,$15.00/100g,"https://cdn.metcash.media/image/upload/f_auto,c_limit,w_300,q_auto/igashop/images/20000005261"
Fry's Turkish Delight 50g,$3.00,$6.00/100g,"https://cdn.metcash.media/image/upload/f_auto,c_limit,w_300,q_auto/igashop/images/560738"
Gluten Free Bakery Lamingtons 300g,$11.30,$3.77/100g,"https://cdn.metcash.media/image/upload/f_auto,c_limit,w_300,q_auto/igashop/images/180000000709"
Dynamo Professional Odour Eliminator Laundry Detergent Liquid 2L,$14.50,$7.25/1L,"https://cdn.metcash.media/image/upload/f_auto,c_limit,w_300,q_auto/igashop/images/355065"
Ultimate by Danone Greek Yoghurt Honey 4 Pack,$6.00,$1.50 each,"https://cdn.metcash.media/image/upload/f_auto,c_limit,w_300,q_auto/igashop/images/698578"
Pope 12mm 2 Way Hose Coupler,$5.60,N/A,"https://cdn.metcash.media/image/upload/f_auto,c_limit,w_300,q_auto/igashop/images/709311"
Black & Gold Foil Roaster Rectangle,$2.50,N/A,"https://cdn.metcash.media/image/upload/f_auto,c_limit,w_300,q_auto/igashop/images/642548"
Nudie Juice Nothing But Orange Juice With Pulp 1L,$6.50,$6.50/1L,"https://cdn.metcash.media/image/upload/f_auto,c_limit,w_300,q_auto/igashop/images/180000000072"
Spice & Co Oregano Leaves 20g,$3.75,$18.75/100g,"https://cdn.metcash.media/image/upload/f_auto,c_limit,w_300,q_auto/igashop/images/190000002413"
Clear Wrap Bread Wholemeal Sandwich 700g,$3.00,$0.43/100g,https://www.igashop.com.au/static/default-product-image.png
I Was A Milk Bottle Kitchen Tidy Bags Lemon Large 20 Pack,$3.30,$0.17 each,https://www.igashop.com.au/static/default-product-image.png
Continental Recipe Base Beef Stroganoff 40g,$1.80,$4.50/100g,"https://cdn.metcash.media/image/upload/f_auto,c_limit,w_300,q_auto/igashop/images/423703"
Purina One Adult Pet Food Chicken 70g,$1.90,$2.71/100g,"https://cdn.metcash.media/image/upload/f_auto,c_limit,w_300,q_auto/igashop/images/577065"
Earthwise Fragrance Free Sensitive Laundry Detergent Capsules 26 Pack,$20.00,$0.77 each,"https://cdn.metcash.media/image/upload/f_auto,c_limit,w_300,q_auto/igashop/images/180000002851"
Laucke Wallaby Plain Flour 1kg,$4.10,$4.10/kg,"https://cdn.metcash.media/image/upload/f_auto,c_limit,w_300,q_auto/igashop/images/546412"
Heinz Chicken Shredded Sweet Chilli 85g,$2.00,$2.35/100g,"https://cdn.metcash.media/image/upload/f_auto,c_limit,w_300,q_auto/igashop/images/34981"
Lipton Ice Tea Raspberry 500mL,$3.50,$0.70/100mL,"https://cdn.metcash.media/image/upload/f_auto,c_limit,w_300,q_auto/igashop/images/309616"
Soup Sister Pork Wonton Soup 150g,$6.95,$4.63/100g,"https://cdn.metcash.media/image/upload/f_auto,c_limit,w_300,q_auto/igashop/images/534041"
Band-Aid Tough Strips Regular 20 Pack,$3.15,$0.16 each,"https://cdn.metcash.media/image/upload/f_auto,c_limit,w_300,q_auto/igashop/images/436455"
Maxibon Monster Cookie,$5.60,N/A,"https://cdn.metcash.media/image/upload/f_auto,c_limit,w_300,q_auto/igashop/images/4860"
Hersheys Cookie 'n' Creme 43g,$2.09,$4.86/100g,"https://cdn.metcash.media/image/upload/f_auto,c_limit,w_300,q_auto/igashop/images/20000004614"
Vanish NapiSan Oxi Action Stain Remover Powder 2kg,$16.50,$8.25/kg,"https://cdn.metcash.media/image/upload/f_auto,c_limit,w_300,q_auto/igashop/images/612116"
Marbig Measurement Ruler Fluoro Plastic 30cm,$2.05,N/A,"https://cdn.metcash.media/image/upload/f_auto,c_limit,w_300,q_auto/igashop/images/853246"
Carman's 5 Grain & Seed Granola Pink Lady Apple & Blueberry 450g,$8.90,$1.98/100g,"https://cdn.metcash.media/image/upload/f_auto,c_limit,w_300,q_auto/igashop/images/480116"
Mirabella LED 5.5W Cool White GLS Edison Screw 4000k,$6.15,N/A,"https://cdn.metcash.media/image/upload/f_auto,c_limit,w_300,q_auto/igashop/images/223153"
Uncle Tobys Roll-Ups Rainbow Berry 6 Pack,$2.75,$0.46 each,"https://cdn.metcash.media/image/upload/f_auto,c_limit,w_300,q_auto/igashop/images/417469"
Community Co Peri Peri Chicken Breast 400g,$11.00,$2.75/100g,"https://cdn.metcash.media/image/upload/f_auto,c_limit,w_300,q_auto/igashop/images/226766"
Always Fresh Baby Beetroots Whole 460g,$4.30,$0.93/100g,"https://cdn.metcash.media/image/upload/f_auto,c_limit,w_300,q_auto/igashop/images/637331"
Fresh Pasta Co Spinach & Ricotta Ravioli 500g,$16.95,$3.39/100g,"https://cdn.metcash.media/image/upload/f_auto,c_limit,w_300,q_auto/igashop/images/190000005202"
"Twinings Caffeine Free Camomile, Honey & Vanilla Flavoured Herbal Infusions Tea Bags 10 Pack",$3.00,$0.30 each,"https://cdn.metcash.media/image/upload/f_auto,c_limit,w_300,q_auto/igashop/images/991900"
Bruce Organic Oat Milk 1L,$5.00,$5.00/1L,"https://cdn.metcash.media/image/upload/f_auto,c_limit,w_300,q_auto/igashop/images/9478"
Beerenberg Australian Mint Jelly 185g,$5.10,$2.76/100g,"https://cdn.metcash.media/image/upload/f_auto,c_limit,w_300,q_auto/igashop/images/887059"
Dettol Antibacterial Liquid Hand Wash Pump Raspberry 250mL,$3.20,$1.28/100mL,"https://cdn.metcash.media/image/upload/f_auto,c_limit,w_300,q_auto/igashop/images/389027"
Heinz Saucy Sauce 295mL,$5.00,$1.69/100mL,"https://cdn.metcash.media/image/upload/f_auto,c_limit,w_300,q_auto/igashop/images/251355"
Rafferty's Garden Rice Cereal Pear Banana & Milk 120g,$1.90,$1.58/100g,"https://cdn.metcash.media/image/upload/f_auto,c_limit,w_300,q_auto/igashop/images/317648"
SPC Spaghetti Tomato & Cheese Sauce 4 Pack,$6.50,$1.63 each,"https://cdn.metcash.media/image/upload/f_auto,c_limit,w_300,q_auto/igashop/images/344755"
Delucas Beef Bolognese Lasagne 1.2kg,$20.00,$16.67/kg,"https://cdn.metcash.media/image/upload/f_auto,c_limit,w_300,q_auto/igashop/images/190000001721"
V.I.P. Prota Pet Tender Lamb & Veg 1kg,$3.80,$3.80/kg,"https://cdn.metcash.media/image/upload/f_auto,c_limit,w_300,q_auto/igashop/images/170790"
Darlac Tool Bulb Planter,$10.95,N/A,"https://cdn.metcash.media/image/upload/f_auto,c_limit,w_300,q_auto/igashop/images/874310"
Birds Eye Seasoned Sides Mediterranean Mix 600g,$5.60,$0.93/100g,"https://cdn.metcash.media/image/upload/f_auto,c_limit,w_300,q_auto/igashop/images/301684"
Fitness Outcomes Sriracha Chicken Broc & Rice 350g,$9.50,$2.71/100g,https://www.igashop.com.au/static/default-product-image.png
Cadbury Chocolates Favourites 340g,$16.00,$4.71/100g,"https://cdn.metcash.media/image/upload/f_auto,c_limit,w_300,q_auto/igashop/images/253331"
Bruemar Pork Porterhouse Pepper & Herb Butter 300g,$9.70,$3.23/100g,https://www.igashop.com.au/static/default-product-image.png
Multix Cake Decoration Piping Bags 5 Pack,$3.85,$0.77 each,"https://cdn.metcash.media/image/upload/f_auto,c_limit,w_300,q_auto/igashop/images/65848"
Black & Gold Bacon Shortcut 1kg,$11.50,$11.50/kg,"https://cdn.metcash.media/image/upload/f_auto,c_limit,w_300,q_auto/igashop/images/658803"
DON Leg Ham Shaved 200g,$5.90,$2.95/100g,"https://cdn.metcash.media/image/upload/f_auto,c_limit,w_300,q_auto/igashop/images/20000006971"
McCain Rustica Sourdough Mexican Style Pizza 460g,$6.60,$1.43/100g,https://www.igashop.com.au/static/default-product-image.png
Coca-Cola Classic Soft Drink Multipack Cans 24 Pack,$37.50,$1.56 each,"https://cdn.metcash.media/image/upload/f_auto,c_limit,w_300,q_auto/igashop/images/9300675000628_0"
Cadbury Easter Eggs 360g,$13.75,$3.82/100g,"https://cdn.metcash.media/image/upload/f_auto,c_limit,w_300,q_auto/igashop/images/180000003536"
Up & Go Liquid Breakfast Fridge Pack Dairyfree Vanilla 12 Pack,$18.00,$1.50 each,"https://cdn.metcash.media/image/upload/f_auto,c_limit,w_300,q_auto/igashop/images/519782"
Earthwise 3In1 Orange & Eucalyptus Caps 50 Pack,$34.00,$0.68 each,https://www.igashop.com.au/static/default-product-image.png
Ultimates Indulge Tuna With Shredded Chicken Breast & Prawns 85g,$1.75,$2.06/100g,"https://cdn.metcash.media/image/upload/f_auto,c_limit,w_300,q_auto/igashop/images/160000005569"
Community Co Garden Salad Bowl 200g,$6.00,$3.00/100g,"https://cdn.metcash.media/image/upload/f_auto,c_limit,w_300,q_auto/igashop/images/421159"
Maggi Recipe Base - Dry Culinary Mediterranean Meatballs Natural 38g,$1.85,$4.87/100g,"https://cdn.metcash.media/image/upload/f_auto,c_limit,w_300,q_auto/igashop/images/572502"
Wokka Noodle Udon Noodles 440g,$3.00,$0.68/100g,"https://cdn.metcash.media/image/upload/f_auto,c_limit,w_300,q_auto/igashop/images/995289"
Your's Truly The Keto Bar Vanilla Almond 40g,$4.75,$11.88/100g,https://www.igashop.com.au/static/default-product-image.png
Pk Peppermint Pellet 14g,$1.10,$7.86/100g,https://www.igashop.com.au/static/default-product-image.png
Shine+ Charged Grape 500mL,$6.30,$12.60/1L,"https://cdn.metcash.media/image/upload/f_auto,c_limit,w_300,q_auto/igashop/images/445027"
Dare Iced Coffee Intense Espresso 500mL,$2.95,$5.90/1L,"https://cdn.metcash.media/image/upload/f_auto,c_limit,w_300,q_auto/igashop/images/226986"
Homestyle Bake Café Sliced 850g,$5.50,$0.65/100g,https://www.igashop.com.au/static/default-product-image.png
Black Knight Licorice 250g,$6.29,$2.52/100g,"https://cdn.metcash.media/image/upload/f_auto,c_limit,w_300,q_auto/igashop/images/20000003975"
Maxibon Honeycomb,$5.60,N/A,"https://cdn.metcash.media/image/upload/f_auto,c_limit,w_300,q_auto/igashop/images/149257"
La Famiglia Just For 2 Garlic Bread 170g,$3.50,$2.06/100g,"https://cdn.metcash.media/image/upload/f_auto,c_limit,w_300,q_auto/igashop/images/664443"
Sol Breads Organic Country Sliced 620g,$9.95,$1.60/100g,https://www.igashop.com.au/static/default-product-image.png
Golden Days Apricot Delight 150g,$4.00,$2.67/100g,"https://cdn.metcash.media/image/upload/f_auto,c_limit,w_300,q_auto/igashop/images/884129"
Mirabella E14 15W Pilot Dimmable Clear Bulbs 2 Pack,$4.00,$2.00 each,"https://cdn.metcash.media/image/upload/f_auto,c_limit,w_300,q_auto/igashop/images/268857"
Boss Coffee Drink Iced Caramel Latte 237mL,$2.50,$10.55/1L,"https://cdn.metcash.media/image/upload/f_auto,c_limit,w_300,q_auto/igashop/images/588919"
Birds Eye Oven Bake Fish Original Crumb 1kg,$19.00,$19.00/kg,"https://cdn.metcash.media/image/upload/f_auto,c_limit,w_300,q_auto/igashop/images/357376"
Old El Paso Spice Mix Lime & Jalapeno 30g,$3.00,$10.00/100g,"https://cdn.metcash.media/image/upload/f_auto,c_limit,w_300,q_auto/igashop/images/653324"
Obela Tzatziki Dip Classic 220g,$4.90,$2.23/100g,"https://cdn.metcash.media/image/upload/f_auto,c_limit,w_300,q_auto/igashop/images/625928_1"
Ovaltine Sleep Calming Chocolate 10 Pack,$9.50,$0.95 each,https://www.igashop.com.au/static/default-product-image.png
Cadbury Caramilk Easter Egg Gift Box 150g,$10.00,$6.67/100g,"https://cdn.metcash.media/image/upload/f_auto,c_limit,w_300,q_auto/igashop/images/909474"
Market Hall Bulk Thin BBQ Sausages 1.8kg,$14.45,$8.03/kg,"https://cdn.metcash.media/image/upload/f_auto,c_limit,w_300,q_auto/igashop/images/851456"
Goodnessme Fruit Nuggets Raspberry & Blueberry 120g,$6.00,$5.00/100g,"https://cdn.metcash.media/image/upload/f_auto,c_limit,w_300,q_auto/igashop/images/641660"
Dine Classic Collection In Jelly Fish Selection 12 Pack,$16.00,$1.33 each,"https://cdn.metcash.media/image/upload/f_auto,c_limit,w_300,q_auto/igashop/images/534444"
Angas Park Pitted Dates 500g,$6.00,$1.20/100g,"https://cdn.metcash.media/image/upload/f_auto,c_limit,w_300,q_auto/igashop/images/613293"
Nestlé KitKat Chunky King Size 70g,$3.70,$5.29/100g,"https://cdn.metcash.media/image/upload/f_auto,c_limit,w_300,q_auto/igashop/images/151092"
Allen's Killer Pythons Sweet & Sour 192g,$3.50,$1.82/100g,"https://cdn.metcash.media/image/upload/f_auto,c_limit,w_300,q_auto/igashop/images/650740"
Black & Gold Vanilla Ice Cream 2L,$4.50,$2.25/1L,"https://cdn.metcash.media/image/upload/f_auto,c_limit,w_300,q_auto/igashop/images/462812"
Ben's Original Plain Basmati Microwave Rice Pouch 250g,$3.40,$1.36/100g,"https://cdn.metcash.media/image/upload/f_auto,c_limit,w_300,q_auto/igashop/images/190000005244"
Stayfree UltraThin Regular Pads with Wings 14 Pack,$3.00,$0.21 each,"https://cdn.metcash.media/image/upload/f_auto,c_limit,w_300,q_auto/igashop/images/81530"
Bulla Sour Cream Light 400mL,$5.95,$1.49/100mL,"https://cdn.metcash.media/image/upload/f_auto,c_limit,w_300,q_auto/igashop/images/919372"
Love'em Beef & Liver Training Treats 200g,$4.15,$2.08/100g,"https://cdn.metcash.media/image/upload/f_auto,c_limit,w_300,q_auto/igashop/images/160000000433"
Ajax Floor Cleaner Lemon 750mL,$4.00,$0.53/100mL,"https://cdn.metcash.media/image/upload/f_auto,c_limit,w_300,q_auto/igashop/images/92251"
NIVEA Refreshing Face Wash Gel Cleanser with Lotus Flower 150mL,$7.80,$5.20/100mL,"https://cdn.metcash.media/image/upload/f_auto,c_limit,w_300,q_auto/igashop/images/190000009966"
Eat Pasta Spaghetti 375g,$5.95,$1.59/100g,"https://cdn.metcash.media/image/upload/f_auto,c_limit,w_300,q_auto/igashop/images/9264"
Schweppes Schweppes Mineral Water Lime Lemon Soft Drink 1.1L,$3.00,$2.73/1L,"https://cdn.metcash.media/image/upload/f_auto,c_limit,w_300,q_auto/igashop/images/180000006458"
Betadine Antiseptic Topical Solution Liquid 100mL,$25.00,$25.00/100mL,"https://cdn.metcash.media/image/upload/f_auto,c_limit,w_300,q_auto/igashop/images/66328"
Grannys Brownie Cake Tray 360g,$8.15,$2.26/100g,"https://cdn.metcash.media/image/upload/f_auto,c_limit,w_300,q_auto/igashop/images/596967"
Olay Regenerist Micro-Sculpting Face Cream Moisturiser 50g,$48.00,$96.00/100g,"https://cdn.metcash.media/image/upload/f_auto,c_limit,w_300,q_auto/igashop/images/943164"
White King Premium Bleach Lavender 1.25L,$3.90,$3.12/1L,"https://cdn.metcash.media/image/upload/f_auto,c_limit,w_300,q_auto/igashop/images/55152"
Sellotape Sticky Tape 18mmx66m,$2.00,N/A,"https://cdn.metcash.media/image/upload/f_auto,c_limit,w_300,q_auto/igashop/images/726591"
Perfect Italiano Mozzarella Grated Cheese 450g,$7.50,$1.67/100g,"https://cdn.metcash.media/image/upload/f_auto,c_limit,w_300,q_auto/igashop/images/180685"
Cadbury Pinky Bar 40g,$3.25,$8.13/100g,"https://cdn.metcash.media/image/upload/f_auto,c_limit,w_300,q_auto/igashop/images/189150"
Pertutti Spinach Cheese Ravioli 400g,$11.50,$2.88/100g,"https://cdn.metcash.media/image/upload/f_auto,c_limit,w_300,q_auto/igashop/images/20000006294"
Passage To Asia Thai Basil & Sweet Chilli Chicken Stir-Fry Sauce 200g,$3.80,$1.90/100g,"https://cdn.metcash.media/image/upload/f_auto,c_limit,w_300,q_auto/igashop/images/20770"
San Remo Ready Pasta Macaroni 250g,$2.95,$1.18/100g,"https://cdn.metcash.media/image/upload/f_auto,c_limit,w_300,q_auto/igashop/images/497422"
Black & Gold Hairspray 250g,$2.75,$1.10/100g,"https://cdn.metcash.media/image/upload/f_auto,c_limit,w_300,q_auto/igashop/images/313762"
Lo Bros Organic Kombucha Ginger & Lemon 750mL,$6.30,$0.84/100mL,"https://cdn.metcash.media/image/upload/f_auto,c_limit,w_300,q_auto/igashop/images/762301"
Nestlé Nan Comfort 1 Baby Infant Formula 800g,$21.00,$2.63/100g,"https://cdn.metcash.media/image/upload/f_auto,c_limit,w_300,q_auto/igashop/images/246910"
Nice Rice Jasmine 250g,$4.00,$1.60/100g,https://www.igashop.com.au/static/default-product-image.png
OurEco Disinfectant Spray Eucalyptus & Tea Tree 500mL,$12.95,$2.59/100mL,"https://cdn.metcash.media/image/upload/f_auto,c_limit,w_300,q_auto/igashop/images/20000005209"
Colgate Total Advanced Whitening Antibacterial Toothpaste 200g,$5.50,$2.75/100g,"https://cdn.metcash.media/image/upload/f_auto,c_limit,w_300,q_auto/igashop/images/31580"
Huggies Ultra Dry Nappies Girl Size 4 (10-15kg) 36 Pack,$13.00,$0.36 each,"https://cdn.metcash.media/image/upload/f_auto,c_limit,w_300,q_auto/igashop/images/3058"
Hunter Valley Free Range Eggs 700g,$7.40,$1.06/100g,"https://cdn.metcash.media/image/upload/f_auto,c_limit,w_300,q_auto/igashop/images/180000000298"
Jen's Traditional Biscuits Gingernut Cookies 300g,$10.50,$3.50/100g,"https://cdn.metcash.media/image/upload/f_auto,c_limit,w_300,q_auto/igashop/images/190000004884"
Creative Gourmet Passionfruit Cubes 400g,$5.50,$1.38/100g,"https://cdn.metcash.media/image/upload/f_auto,c_limit,w_300,q_auto/igashop/images/600240"
Air Wick Pure Spring Delight Electric Twin Refill 19mL,$14.00,$73.68/100mL,"https://cdn.metcash.media/image/upload/f_auto,c_limit,w_300,q_auto/igashop/images/643670"
Australia's Own Full Cream Milk Multipack 6 Pack,$4.80,$0.80 each,"https://cdn.metcash.media/image/upload/f_auto,c_limit,w_300,q_auto/igashop/images/160000010796"
Red Onion 200g,Final cost based on weight,$1.19/$5.95,"https://cdn.metcash.media/image/upload/f_auto,c_limit,w_300,q_auto/igashop/images/80060048"
Happy Way Vegan Vanilla Pea Protein Powder 500g,$52.95,$10.59/100g,"https://cdn.metcash.media/image/upload/f_auto,c_limit,w_300,q_auto/igashop/images/190000004144"
Three Threes Onions Pickled Old Style 500g,$5.25,$1.05/100g,"https://cdn.metcash.media/image/upload/f_auto,c_limit,w_300,q_auto/igashop/images/324404"
Youfoodz Fuel'd Spaghetti Bolognese 412g,$10.80,$2.62/100g,"https://cdn.metcash.media/image/upload/f_auto,c_limit,w_300,q_auto/igashop/images/150000007578"
Gillette Blue Ii Disposable Shaving Razor Ultra Grip Pivot 5 Pack,$4.90,$0.98 each,"https://cdn.metcash.media/image/upload/f_auto,c_limit,w_300,q_auto/igashop/images/366634"
Kan Tong Honey Teriyaki Stir Fry Sauce 510g,$4.00,$0.78/100g,"https://cdn.metcash.media/image/upload/f_auto,c_limit,w_300,q_auto/igashop/images/48163"
Latina Agnolotti Ricotta And Spinach 375g,$5.50,$1.47/100g,"https://cdn.metcash.media/image/upload/f_auto,c_limit,w_300,q_auto/igashop/images/147624"
Ayam Hawker Pad Thai 205g,$3.99,$1.95/100g,"https://cdn.metcash.media/image/upload/f_auto,c_limit,w_300,q_auto/igashop/images/8152"
Obento Sliced Pickled Ginger Amazu Shoga 100g,$1.75,$1.75/100g,"https://cdn.metcash.media/image/upload/f_auto,c_limit,w_300,q_auto/igashop/images/190000001555"
Bertolli Olive Oil Light In Taste 750mL,$26.00,$3.47/100mL,"https://cdn.metcash.media/image/upload/f_auto,c_limit,w_300,q_auto/igashop/images/640114"
Suimin Mi Goreng Noodle Cup 70g,$1.85,$2.64/100g,"https://cdn.metcash.media/image/upload/f_auto,c_limit,w_300,q_auto/igashop/images/40348"
Cadbury Dairy Milk Easter Bunny 150g,$10.00,$6.67/100g,"https://cdn.metcash.media/image/upload/f_auto,c_limit,w_300,q_auto/igashop/images/143633"
Nescafe Coffee Mixer Sachets Caramel Latte 10 Pack,$8.00,$0.80 each,"https://cdn.metcash.media/image/upload/f_auto,c_limit,w_300,q_auto/igashop/images/349412"
Multix Produce Bags Reusable 3 Pack,$4.15,$1.38 each,"https://cdn.metcash.media/image/upload/f_auto,c_limit,w_300,q_auto/igashop/images/677124"
Bosisto's Tea Tree Spray 125mL,$13.00,$10.40/100mL,"https://cdn.metcash.media/image/upload/f_auto,c_limit,w_300,q_auto/igashop/images/242199"
Lo Bros Kombucha Cola 250mL,$2.50,$1.00/100mL,"https://cdn.metcash.media/image/upload/f_auto,c_limit,w_300,q_auto/igashop/images/190000003700"
Band-Aid Clear Strips 40 Pack,$5.00,$0.13 each,"https://cdn.metcash.media/image/upload/f_auto,c_limit,w_300,q_auto/igashop/images/22557"
Sprite Lemonade Soft Drink Multipack Cans 10 Pack,$10.50,$1.05 each,"https://cdn.metcash.media/image/upload/f_auto,c_limit,w_300,q_auto/igashop/images/9300675014816_1"
Huggies Jumbo Infant Nappies Nappies 96 Pack,$27.00,$0.28 each,"https://cdn.metcash.media/image/upload/f_auto,c_limit,w_300,q_auto/igashop/images/994770"
Praise French Dressing Fat Free Less Sugar 330mL,$3.00,$0.91/100mL,"https://cdn.metcash.media/image/upload/f_auto,c_limit,w_300,q_auto/igashop/images/190000003419"
Nurofen Cold and Flu Tablets 200mg Ibuprofen /5mg Phenylephrine Hydrochloride 24 Pack 24 Pack,$17.50,$0.73 each,"https://cdn.metcash.media/image/upload/f_auto,c_limit,w_300,q_auto/igashop/images/190000010406"
Tip Top Muffins Wholemeal 6 Pack,$4.10,$0.68 each,"https://cdn.metcash.media/image/upload/f_auto,c_limit,w_300,q_auto/igashop/images/362630"
Bean Sprout Bag 250 grams,$2.95,N/A,"https://cdn.metcash.media/image/upload/f_auto,c_limit,w_300,q_auto/igashop/images/80050113"
Bakers Collection Gluten Free Christmas Shortbread Selection Pack 400g,$5.00,$1.25/100g,"https://cdn.metcash.media/image/upload/f_auto,c_limit,w_300,q_auto/igashop/images/180000002084"
Fluffy Fabric Conditioner Summer Breeze 5L,$24.05,$4.81/1L,"https://cdn.metcash.media/image/upload/f_auto,c_limit,w_300,q_auto/igashop/images/59588"
Community Co Chicken Tikka Masala With Rice 350g,$10.00,$2.86/100g,"https://cdn.metcash.media/image/upload/f_auto,c_limit,w_300,q_auto/igashop/images/231902"
OMO Laundry Powder 3in1 Active Capsules 17 Pack,$23.00,$1.35 each,"https://cdn.metcash.media/image/upload/f_auto,c_limit,w_300,q_auto/igashop/images/541739"
The Happy Cookie Co 40% Salted Caramel Choc Chip Cookie 5 Pack,$4.00,$0.80 each,"https://cdn.metcash.media/image/upload/f_auto,c_limit,w_300,q_auto/igashop/images/190000004925"
SunRice Jasmine White Rice 250g,$3.50,$1.40/100g,"https://cdn.metcash.media/image/upload/f_auto,c_limit,w_300,q_auto/igashop/images/300125"
Heinz Classic Creamy Pumpkin Soup 535g,$4.40,$0.82/100g,"https://cdn.metcash.media/image/upload/f_auto,c_limit,w_300,q_auto/igashop/images/462464"
Maggi 2 Minute Noodles Spicy Chicken 5 Pack,$5.00,$1.00 each,"https://cdn.metcash.media/image/upload/f_auto,c_limit,w_300,q_auto/igashop/images/160000012227"
Pine O Cleen Disinfectant Wipes Eucalyptus 110 Pack,$12.00,$0.11 each,"https://cdn.metcash.media/image/upload/f_auto,c_limit,w_300,q_auto/igashop/images/246313"
Werther's Original Cream Candies 3 Pack,$5.20,$1.73 each,"https://cdn.metcash.media/image/upload/f_auto,c_limit,w_300,q_auto/igashop/images/456308"
My Berries Berry Blend 1kg,$24.95,$24.95/kg,"https://cdn.metcash.media/image/upload/f_auto,c_limit,w_300,q_auto/igashop/images/20000006491"
Maltesers Extra Choc Medium Pouch 120g,$3.50,$2.92/100g,"https://cdn.metcash.media/image/upload/f_auto,c_limit,w_300,q_auto/igashop/images/720906"
L'Or Espresso Brazil Capsules 10 Pack,$7.95,$0.80 each,"https://cdn.metcash.media/image/upload/f_auto,c_limit,w_300,q_auto/igashop/images/1800000067672"
Life Savers Tropical Sherbert Fizz Stix 40g,$2.00,$5.00/100g,"https://cdn.metcash.media/image/upload/f_auto,c_limit,w_300,q_auto/igashop/images/277259"
Mighty Soft White Sandwich 650g,$5.10,$0.78/100g,"https://cdn.metcash.media/image/upload/f_auto,c_limit,w_300,q_auto/igashop/images/860353"
Glad Roaster Pan Oval,$4.90,N/A,"https://cdn.metcash.media/image/upload/f_auto,c_limit,w_300,q_auto/igashop/images/79122"
Nice & Natural Bar Chewy Strawberry 185g,$5.10,$2.76/100g,"https://cdn.metcash.media/image/upload/f_auto,c_limit,w_300,q_auto/igashop/images/180000004825"
SPC Peaches Sliced in Mango Nectar 825g,$5.30,$0.64/100g,"https://cdn.metcash.media/image/upload/f_auto,c_limit,w_300,q_auto/igashop/images/160000004466"
Sard Power Stain Remover Refill For Spray Effective On All Major Stain Types 450mL,$4.50,$1.00/100mL,"https://cdn.metcash.media/image/upload/f_auto,c_limit,w_300,q_auto/igashop/images/20000006518"
Bulla Murry St Honey & Salted Caramel Peanut Ice Cream 1L,$12.00,$12.00/1L,"https://cdn.metcash.media/image/upload/f_auto,c_limit,w_300,q_auto/igashop/images/180000006145"
Goodman Fielder Roll Jam 285g,$15.95,$5.60/100g,https://www.igashop.com.au/static/default-product-image.png
Old El Paso Taco Family Kit 495g,$10.80,$2.18/100g,"https://cdn.metcash.media/image/upload/f_auto,c_limit,w_300,q_auto/igashop/images/1800000067758"
Deep Heat Back Patch 2 Pack,$10.00,$5.00 each,"https://cdn.metcash.media/image/upload/f_auto,c_limit,w_300,q_auto/igashop/images/55636"
Campbell's Real Beef Liquid Stock Salt Reduced 1L,$4.50,$4.50/1L,"https://cdn.metcash.media/image/upload/f_auto,c_limit,w_300,q_auto/igashop/images/470019"
Nature Valley Crunchy Variety Granola Bars 12 Pack,$5.50,$0.46 each,"https://cdn.metcash.media/image/upload/f_auto,c_limit,w_300,q_auto/igashop/images/891435"
Connoisseur Vanilla Caramel Brownie 4 Pack,$5.50,$1.38 each,"https://cdn.metcash.media/image/upload/f_auto,c_limit,w_300,q_auto/igashop/images/164922"
Community Co Baby Spinach 120g,$3.00,$2.50/100g,"https://cdn.metcash.media/image/upload/f_auto,c_limit,w_300,q_auto/igashop/images/422215"
Golden Days Blk Sesame & Cranberry Sesame Bites 120g,$5.10,$4.25/100g,"https://cdn.metcash.media/image/upload/f_auto,c_limit,w_300,q_auto/igashop/images/580330"
Birds Eye Deli Garlic Butter Style Green Beans 600g,$7.00,$1.17/100g,"https://cdn.metcash.media/image/upload/f_auto,c_limit,w_300,q_auto/igashop/images/180000005054"
Aerogard Naturals Repellents Roll On 50mL,$9.60,$19.20/100mL,"https://cdn.metcash.media/image/upload/f_auto,c_limit,w_300,q_auto/igashop/images/347460"
Oates Enviro Dusting Floor Mop,$33.00,N/A,"https://cdn.metcash.media/image/upload/f_auto,c_limit,w_300,q_auto/igashop/images/715647"
The Organic Milk Co Salted Butter 250g,$7.40,$2.96/100g,"https://cdn.metcash.media/image/upload/f_auto,c_limit,w_300,q_auto/igashop/images/9056"
Ozkleen Disinfectant Power 750mL,$4.65,$0.62/100mL,"https://cdn.metcash.media/image/upload/f_auto,c_limit,w_300,q_auto/igashop/images/354941"
Fanta Pineapple Zero Sugar Soft Drink Multipack Mini Can 6 Pack,$6.00,$1.00 each,"https://cdn.metcash.media/image/upload/f_auto,c_limit,w_300,q_auto/igashop/images/180000002855"
Massel Ultra Ultracubes Vegetable 105g,$4.00,$3.81/100g,"https://cdn.metcash.media/image/upload/f_auto,c_limit,w_300,q_auto/igashop/images/300777"
Cheer Cheese Plant Based Sliced 200g,$6.30,$3.15/100g,"https://cdn.metcash.media/image/upload/f_auto,c_limit,w_300,q_auto/igashop/images/294832"
All The Graze Double Brie 125g,$6.55,$5.24/100g,https://www.igashop.com.au/static/default-product-image.png
Empire Pizza Pepperoni 600g,$10.50,$1.75/100g,"https://cdn.metcash.media/image/upload/f_auto,c_limit,w_300,q_auto/igashop/images/838356"
Medix Epsom Salts 1kg,$3.95,$3.95/kg,"https://cdn.metcash.media/image/upload/f_auto,c_limit,w_300,q_auto/igashop/images/841312"
Black & Gold Ibuprofen Tablets 24 Pack,$1.55,$0.06 each,"https://cdn.metcash.media/image/upload/f_auto,c_limit,w_300,q_auto/igashop/images/70301"
Fresh Pasta Co Napoli Sauce 500g,$10.00,$2.00/100g,"https://cdn.metcash.media/image/upload/f_auto,c_limit,w_300,q_auto/igashop/images/20000005225"
Nutty Bruce Almond Milk Unsweetened 1L,$6.00,$6.00/1L,"https://cdn.metcash.media/image/upload/f_auto,c_limit,w_300,q_auto/igashop/images/20000005045"
Libra Tampons Girl Regular 16 Pack,$4.90,$0.31 each,"https://cdn.metcash.media/image/upload/f_auto,c_limit,w_300,q_auto/igashop/images/687234"
Pasta Salad 1kg,Final cost based on weight,$15.95/$15.95,"https://cdn.metcash.media/image/upload/f_auto,c_limit,w_300,q_auto/igashop/images/80072008"
Nestlé Kit Kat Chocolate Gold Crush 160g,$7.50,$4.69/100g,"https://cdn.metcash.media/image/upload/f_auto,c_limit,w_300,q_auto/igashop/images/601571"
Life Savers Sour Fruit Pastilles 170g,$5.00,$2.94/100g,"https://cdn.metcash.media/image/upload/f_auto,c_limit,w_300,q_auto/igashop/images/236449"
Queensland Yoghurt Mixed Berry Yoghurt 500g,$6.50,$1.30/100g,"https://cdn.metcash.media/image/upload/f_auto,c_limit,w_300,q_auto/igashop/images/190000004083"
Fab Intense Fresh With Odour Control Washing Liquid Laundry Detergent 1.8L,$9.00,$5.00/1L,"https://cdn.metcash.media/image/upload/f_auto,c_limit,w_300,q_auto/igashop/images/20000004816"
Rafferty's Garden Blueberry & Banana Teething Wafers 6M+ 60g,$4.00,$6.67/100g,https://www.igashop.com.au/static/default-product-image.png
Always Fresh Cucumbers Polish Ogor 680g,$4.60,$0.68/100g,"https://cdn.metcash.media/image/upload/f_auto,c_limit,w_300,q_auto/igashop/images/400852"
The Natural Chip Co. Sea Cheese & Onion Chips 175g,$2.50,$1.43/100g,"https://cdn.metcash.media/image/upload/f_auto,c_limit,w_300,q_auto/igashop/images/690240"
Vegie Delights Vegie Roasts 480g,$9.70,$2.02/100g,"https://cdn.metcash.media/image/upload/f_auto,c_limit,w_300,q_auto/igashop/images/548723"
Cadbury Dairy Milk Chocolate Bar 50g,$3.00,$6.00/100g,"https://cdn.metcash.media/image/upload/f_auto,c_limit,w_300,q_auto/igashop/images/386935"
Sukin Hydrating Conditioner 1L,$35.00,$35.00/1L,"https://cdn.metcash.media/image/upload/f_auto,c_limit,w_300,q_auto/igashop/images/510555"
CSR Premium Coffee Sugar Crystals 500g,$3.45,$0.69/100g,"https://cdn.metcash.media/image/upload/f_auto,c_limit,w_300,q_auto/igashop/images/42939"
Yates Water Storage Crystals 200g,$16.20,$8.10/100g,"https://cdn.metcash.media/image/upload/f_auto,c_limit,w_300,q_auto/igashop/images/925378"
Steggles Chicken Drumsticks 2kg,$9.99,$5.00/kg,"https://cdn.metcash.media/image/upload/f_auto,c_limit,w_300,q_auto/igashop/images/902516"
Pauls Premium Custard Gingerbread 600g,$2.00,$0.33/100g,"https://cdn.metcash.media/image/upload/f_auto,c_limit,w_300,q_auto/igashop/images/672001"
Black & Gold Scourer Stainless Steel 3 Pack,$1.00,$0.33 each,"https://cdn.metcash.media/image/upload/f_auto,c_limit,w_300,q_auto/igashop/images/315861"
McVities Digestives Minis 390g,$5.00,$1.28/100g,https://www.igashop.com.au/static/default-product-image.png
Fable Plant Based Braised Beef 250g,$9.50,$3.80/100g,"https://cdn.metcash.media/image/upload/f_auto,c_limit,w_300,q_auto/igashop/images/160000013185"
Baked Provisions Chicken Curry Pie 440g,$8.50,$1.93/100g,"https://cdn.metcash.media/image/upload/f_auto,c_limit,w_300,q_auto/igashop/images/1800000068798"
Lindt Carrot Easter 13.5g,$1.80,$13.33/100g,"https://cdn.metcash.media/image/upload/f_auto,c_limit,w_300,q_auto/igashop/images/421743"
Community Co Caramel Mud Cake 600g,$6.60,$1.10/100g,"https://cdn.metcash.media/image/upload/f_auto,c_limit,w_300,q_auto/igashop/images/51200"
Ozkleen Anti-Covid Multi-Purpose Power Trigger 500mL,$5.00,$1.00/100mL,https://www.igashop.com.au/static/default-product-image.png
Simply Tasty Cauliflower And White Sauce 800g,$16.95,$2.12/100g,https://www.igashop.com.au/static/default-product-image.png
Nerada Tea Bags 25 Pack,$2.80,$0.11 each,"https://cdn.metcash.media/image/upload/f_auto,c_limit,w_300,q_auto/igashop/images/20000006745"
Arnott's Premier Cookies Chocolate Chip 310g,$5.50,$1.77/100g,"https://cdn.metcash.media/image/upload/f_auto,c_limit,w_300,q_auto/igashop/images/321684"
Community Co Almond Meal 400g,$12.00,$3.00/100g,"https://cdn.metcash.media/image/upload/f_auto,c_limit,w_300,q_auto/igashop/images/20000000017"
Bells Pure Ice Bag 5kg,$5.80,$1.16/kg,"https://cdn.metcash.media/image/upload/f_auto,c_limit,w_300,q_auto/igashop/images/272026"
Whiskas Kitten Mixed Favourites In Jelly 2-12 Months 12 Pack,$10.40,$0.87 each,"https://cdn.metcash.media/image/upload/f_auto,c_limit,w_300,q_auto/igashop/images/796766"
Sard Whiter & Brighter Stain Remover Soaker Powder 1kg,$11.00,$11.00/kg,"https://cdn.metcash.media/image/upload/f_auto,c_limit,w_300,q_auto/igashop/images/393783"
Mum's Favourites Chocolate Dips Biscuits 280g,$7.50,$2.68/100g,"https://cdn.metcash.media/image/upload/f_auto,c_limit,w_300,q_auto/igashop/images/20000005494"
Kettle Potato Chips Chilli 165g,$3.00,$1.82/100g,"https://cdn.metcash.media/image/upload/f_auto,c_limit,w_300,q_auto/igashop/images/648654"
The Vegan Dairy Cultured Butter 200g,$9.00,$4.50/100g,"https://cdn.metcash.media/image/upload/f_auto,c_limit,w_300,q_auto/igashop/images/20000006324"
Dutch Organic Cinnamon & Raisin Loaf 620g,$7.00,$1.13/100g,"https://cdn.metcash.media/image/upload/f_auto,c_limit,w_300,q_auto/igashop/images/190000004375"
Black & Gold Garbage Bags 20 Pack,$3.00,$0.15 each,"https://cdn.metcash.media/image/upload/f_auto,c_limit,w_300,q_auto/igashop/images/59978"
L'Oréal Paris Men Expert Hydra Energetic Wake-Up Effect Wash 100mL,$12.00,$12.00/100mL,"https://cdn.metcash.media/image/upload/f_auto,c_limit,w_300,q_auto/igashop/images/968410"
Batiste Eden Dry Shampoo 200mL,$11.95,$5.98/100mL,"https://cdn.metcash.media/image/upload/f_auto,c_limit,w_300,q_auto/igashop/images/891341"
Primo Reserve Mortadella 100g,$5.60,$5.60/100g,"https://cdn.metcash.media/image/upload/f_auto,c_limit,w_300,q_auto/igashop/images/1800000069879"
Fresh Pasta Co Beef Cannelloni 350g,$12.95,$3.70/100g,"https://cdn.metcash.media/image/upload/f_auto,c_limit,w_300,q_auto/igashop/images/20000005224"
Bega Crunchy Peanut Butter 200g,$3.70,$1.85/100g,"https://cdn.metcash.media/image/upload/f_auto,c_limit,w_300,q_auto/igashop/images/31912"
TCC Coconut Milk 400mL,$3.20,$0.80/100mL,"https://cdn.metcash.media/image/upload/f_auto,c_limit,w_300,q_auto/igashop/images/381113"
On The Menu Power Bowl Beef In Belgian Ale 450g,$7.50,$1.67/100g,"https://cdn.metcash.media/image/upload/f_auto,c_limit,w_300,q_auto/igashop/images/492249"
The Candy Market Choc Raspberry Licorice Bullets 200g,$2.50,$1.25/100g,"https://cdn.metcash.media/image/upload/f_auto,c_limit,w_300,q_auto/igashop/images/20000000864"
Ajax Spray n' Wipe Multi-Purpose Antibacterial Disinfectant Cleaner Trigger Surface Spray Lemon Citrus 500mL,$3.50,$0.70/100mL,"https://cdn.metcash.media/image/upload/f_auto,c_limit,w_300,q_auto/igashop/images/37442"
Sunbeam Nuts Australian Natural Walnuts 300g,$12.25,$4.08/100g,"https://cdn.metcash.media/image/upload/f_auto,c_limit,w_300,q_auto/igashop/images/302122"
iCare 100% Recycled Toilet Tissue White 3 Ply 8 Pack,$8.00,$1.00 each,"https://cdn.metcash.media/image/upload/f_auto,c_limit,w_300,q_auto/igashop/images/431735"
Tandaco Dry Yeast 5 Pack,$3.00,$0.60 each,"https://cdn.metcash.media/image/upload/f_auto,c_limit,w_300,q_auto/igashop/images/38320"
Old El Paso Stand 'n Stuff Tortilla Wholegrain 8 Pack,$6.00,$0.75 each,"https://cdn.metcash.media/image/upload/f_auto,c_limit,w_300,q_auto/igashop/images/94999"
Kellogg's Rice Bubbles Value Pack 860g,$10.00,$1.16/100g,"https://cdn.metcash.media/image/upload/f_auto,c_limit,w_300,q_auto/igashop/images/514790"
Harris Smokehouse Wild Smoked Salmon 100g,$12.50,$12.50/100g,"https://cdn.metcash.media/image/upload/f_auto,c_limit,w_300,q_auto/igashop/images/7967"
Pauls Farmhouse Gold Milk Cream On Top 1.5L,$4.70,$3.13/1L,"https://cdn.metcash.media/image/upload/f_auto,c_limit,w_300,q_auto/igashop/images/476492"
Community Co Mustard Wholegrain 190g,$2.75,$1.45/100g,"https://cdn.metcash.media/image/upload/f_auto,c_limit,w_300,q_auto/igashop/images/644249"
Sensodyne Sensitivity & GumWhite Toothpaste 100g,$12.30,$12.30/100g,"https://cdn.metcash.media/image/upload/f_auto,c_limit,w_300,q_auto/igashop/images/539389"
Park Avenue Christmas Rudolph Pop Ups 10g,$2.60,$26.00/100g,https://www.igashop.com.au/static/default-product-image.png
Purina Supercoat Adult Large Breed Pet Food Chicken 12kg,$65.30,$5.44/kg,"https://cdn.metcash.media/image/upload/f_auto,c_limit,w_300,q_auto/igashop/images/180000002349"
Huggies Change Mats 4 Pack,$4.19,$1.05 each,"https://cdn.metcash.media/image/upload/f_auto,c_limit,w_300,q_auto/igashop/images/99847"
McKenzie's Whole Black Peppercorns 200g,$6.95,$3.48/100g,"https://cdn.metcash.media/image/upload/f_auto,c_limit,w_300,q_auto/igashop/images/59960"
Norco Unsalted Butter 250g,$5.40,$2.16/100g,"https://cdn.metcash.media/image/upload/f_auto,c_limit,w_300,q_auto/igashop/images/20000006275"
Community Co Shredded Iceberg Lettuce 200g,$2.20,$1.10/100g,"https://cdn.metcash.media/image/upload/f_auto,c_limit,w_300,q_auto/igashop/images/422126"
Berocca Boost Twist N Go Energy Vitamin With Guarana Drink 250mL,$5.60,$2.24/100mL,"https://cdn.metcash.media/image/upload/f_auto,c_limit,w_300,q_auto/igashop/images/433821"
Golden North Mango Sorbet 1.2L,$10.50,$8.75/1L,"https://cdn.metcash.media/image/upload/f_auto,c_limit,w_300,q_auto/igashop/images/132739"
Yarra Valley Hilltop Juice Apple Clear 2L,$5.10,$2.55/1L,https://www.igashop.com.au/static/default-product-image.png
Darrell Lea Coconut Bonbons 168g,$6.00,$3.57/100g,"https://cdn.metcash.media/image/upload/f_auto,c_limit,w_300,q_auto/igashop/images/384682"
Banana Boat SPF 50 Sunscreen Sport 400g,$21.00,$5.25/100g,"https://cdn.metcash.media/image/upload/f_auto,c_limit,w_300,q_auto/igashop/images/377591"
Brunnings Seed Raising Mix 5L,$7.95,$1.59/1L,"https://cdn.metcash.media/image/upload/f_auto,c_limit,w_300,q_auto/igashop/images/238792"
Palmolive Body Butter Heavenly Vanilla Moisturising Body Wash Recyclable Bottle 400mL,$5.00,$1.25/100mL,"https://cdn.metcash.media/image/upload/f_auto,c_limit,w_300,q_auto/igashop/images/91103"
Optimum Grain Free Kangaroo & Vegetables Wet Dog Food Can 700g,$4.20,$0.60/100g,"https://cdn.metcash.media/image/upload/f_auto,c_limit,w_300,q_auto/igashop/images/919717_1"
Musashi Deluxe Peanut Crunch 60g,$2.45,$4.08/100g,"https://cdn.metcash.media/image/upload/f_auto,c_limit,w_300,q_auto/igashop/images/444327"
Frank's Hot Sauce Original 148mL,$3.80,$2.57/100mL,"https://cdn.metcash.media/image/upload/f_auto,c_limit,w_300,q_auto/igashop/images/190000001336"
Farmers Market Wet Dog Food Lamb Stew With Vegetables & Brown Rice 400g,$3.20,$0.80/100g,"https://cdn.metcash.media/image/upload/f_auto,c_limit,w_300,q_auto/igashop/images/868474"
Earth Choice Ultra Concentrate Dishwashing Liquid Lemon Burst 500mL,$2.50,$0.50/100mL,"https://cdn.metcash.media/image/upload/f_auto,c_limit,w_300,q_auto/igashop/images/932477"
Jalna Greek Natural Yoghurt 480g,$4.65,$0.97/100g,"https://cdn.metcash.media/image/upload/f_auto,c_limit,w_300,q_auto/igashop/images/807198"
Extra Spearmint Chewing Gum Sugar Free Bottle 64g,$4.70,$7.34/100g,"https://cdn.metcash.media/image/upload/f_auto,c_limit,w_300,q_auto/igashop/images/25686"
TRESemmé Conditioner Moisture Rich 900mL,$10.50,$1.17/100mL,"https://cdn.metcash.media/image/upload/f_auto,c_limit,w_300,q_auto/igashop/images/411007"
Ecostore Baby Body Wash 200mL,$8.20,$4.10/100mL,"https://cdn.metcash.media/image/upload/f_auto,c_limit,w_300,q_auto/igashop/images/892313"
Nutella Biscuits 193g,$6.00,$3.11/100g,"https://cdn.metcash.media/image/upload/f_auto,c_limit,w_300,q_auto/igashop/images/150000007683"
Black & Gold Thickened Cream 300mL,$3.40,$1.13/100mL,"https://cdn.metcash.media/image/upload/f_auto,c_limit,w_300,q_auto/igashop/images/118099"
Quest Chocolate Chip Cookie Dough Multi Pack 4 Pack,$15.20,$3.80 each,"https://cdn.metcash.media/image/upload/f_auto,c_limit,w_300,q_auto/igashop/images/347444"
Remedy Switchel Blood Orange Cans 4 Pack,$7.00,$1.75 each,"https://cdn.metcash.media/image/upload/f_auto,c_limit,w_300,q_auto/igashop/images/8375"
Grannys Muffin Mini Butterscotch 300g,$7.85,$2.62/100g,"https://cdn.metcash.media/image/upload/f_auto,c_limit,w_300,q_auto/igashop/images/229918"
Nestlé Oreo Ice Cream Tub 1.2L,$7.50,$6.25/1L,"https://cdn.metcash.media/image/upload/f_auto,c_limit,w_300,q_auto/igashop/images/132255"
Suimin Origins Bowl Noodles Mi Goreng 120g,$3.50,$2.92/100g,"https://cdn.metcash.media/image/upload/f_auto,c_limit,w_300,q_auto/igashop/images/180000006395"
Beerenberg Sticky Rib Sauce 300mL,$6.50,$2.17/100mL,"https://cdn.metcash.media/image/upload/f_auto,c_limit,w_300,q_auto/igashop/images/958020"
Whitting's Traditional Fruit Cake 480g,$7.90,$1.65/100g,"https://cdn.metcash.media/image/upload/f_auto,c_limit,w_300,q_auto/igashop/images/190000002013"
Sistema Klip It Plasticware Cereal Large,$8.70,N/A,"https://cdn.metcash.media/image/upload/f_auto,c_limit,w_300,q_auto/igashop/images/897716"
Wildly Good Falafel Bites Sesame 225g,$6.00,$2.67/100g,"https://cdn.metcash.media/image/upload/f_auto,c_limit,w_300,q_auto/igashop/images/190000002474"
Birds Eye Crinkle Golden Crunch 900g,$6.00,$0.67/100g,"https://cdn.metcash.media/image/upload/f_auto,c_limit,w_300,q_auto/igashop/images/20000002553"
Sneaker People Sneaker Deodoriser 64g,$9.35,$14.61/100g,https://www.igashop.com.au/static/default-product-image.png
Leggo's Providore Pesto Italian Basil 195g,$6.50,$3.33/100g,"https://cdn.metcash.media/image/upload/f_auto,c_limit,w_300,q_auto/igashop/images/442354"
Funday Sour Peach Hearts 50g,$4.20,$8.40/100g,https://www.igashop.com.au/static/default-product-image.png
Bubly Schweppes Mineral Water Watermelon 8 Pack,$16.50,$2.06 each,https://www.igashop.com.au/static/default-product-image.png
Wild Breads Fresh Chocolate Chip Scones 500g,$6.10,$1.22/100g,https://www.igashop.com.au/static/default-product-image.png
Nestlé Milky Bar Share Pack 11 Pack,$3.75,$0.34 each,"https://cdn.metcash.media/image/upload/f_auto,c_limit,w_300,q_auto/igashop/images/373893"
Eurobisc Croissant Crema 165g,$7.95,$4.82/100g,https://www.igashop.com.au/static/default-product-image.png
Bruemar Pork Loin Steaks Pepper Garlic & Honey 300g,$9.70,$3.23/100g,https://www.igashop.com.au/static/default-product-image.png
Nature's Way Adult Vita Gummies Hair Skin & Nails 60 Pack 60 Pack,$28.00,$0.47 each,"https://cdn.metcash.media/image/upload/f_auto,c_limit,w_300,q_auto/igashop/images/891846"
Community Co Three Blend Shredded Cheese 250g,$5.50,$2.20/100g,"https://cdn.metcash.media/image/upload/f_auto,c_limit,w_300,q_auto/igashop/images/827622"
Ghost Drops Sour 120g,$2.45,$2.04/100g,https://www.igashop.com.au/static/default-product-image.png
Sunbeam Australian Sultanas 8pk,$3.20,N/A,"https://cdn.metcash.media/image/upload/f_auto,c_limit,w_300,q_auto/igashop/images/793718"
Piranha Chicca Chips Chilli Cream Cheese 75g,$4.25,$5.67/100g,"https://cdn.metcash.media/image/upload/f_auto,c_limit,w_300,q_auto/igashop/images/160000014152"
Mildura Apple Guava 3L,$5.95,$1.98/1L,"https://cdn.metcash.media/image/upload/f_auto,c_limit,w_300,q_auto/igashop/images/160000000594"
Purina Friskies Adult Pet Food Seven 700g,$3.30,$0.47/100g,"https://cdn.metcash.media/image/upload/f_auto,c_limit,w_300,q_auto/igashop/images/571467"
Libra Pads Ultra Thins Regular with Wings 14 Pack,$5.70,$0.41 each,"https://cdn.metcash.media/image/upload/f_auto,c_limit,w_300,q_auto/igashop/images/20000003326"
Arnott's Royals Milk Chocolate 200g,$2.75,$1.38/100g,"https://cdn.metcash.media/image/upload/f_auto,c_limit,w_300,q_auto/igashop/images/344357"
Nurofen Zavance Fast Pain Relief Liquid Capsules 200mg Ibuprofen 10 Pack,$5.35,$0.54 each,"https://cdn.metcash.media/image/upload/f_auto,c_limit,w_300,q_auto/igashop/images/22251"
Uncle Tobys Breakfast Cereal Delicious Blend Mango Macadamia 320g,$6.50,$2.03/100g,"https://cdn.metcash.media/image/upload/f_auto,c_limit,w_300,q_auto/igashop/images/166267"
Jordans Chunky Nut Crispy Oat Clusters 500g,$7.00,$1.40/100g,"https://cdn.metcash.media/image/upload/f_auto,c_limit,w_300,q_auto/igashop/images/837774"
Nando's Perinaise Sauce Mild 265g,$5.00,$1.89/100g,"https://cdn.metcash.media/image/upload/f_auto,c_limit,w_300,q_auto/igashop/images/670038"
Reese's Chocolate Peanut Butter Cup King Size 79g,$3.75,$4.75/100g,https://www.igashop.com.au/static/default-product-image.png
Goulburn Valley Pears in Juice Fruit 700g,$5.00,$0.71/100g,"https://cdn.metcash.media/image/upload/f_auto,c_limit,w_300,q_auto/igashop/images/77984"
Simply Tasty Sweet Potato Bake 800g,$16.95,$2.12/100g,https://www.igashop.com.au/static/default-product-image.png
Lindt Lindor Limited Edition Assorted Gift Box 147g,$10.00,$6.80/100g,"https://cdn.metcash.media/image/upload/f_auto,c_limit,w_300,q_auto/igashop/images/829080"
Mother Energy Drink Frosty Berry 500mL,$3.30,$0.66/100mL,"https://cdn.metcash.media/image/upload/f_auto,c_limit,w_300,q_auto/igashop/images/336414"
ViledaAnsell Gloves Heavy Duty Medium,$4.50,N/A,"https://cdn.metcash.media/image/upload/f_auto,c_limit,w_300,q_auto/igashop/images/276371"
Loving Earth Coconut Chips 250g,$7.45,$2.98/100g,"https://cdn.metcash.media/image/upload/f_auto,c_limit,w_300,q_auto/igashop/images/20000006721"
Mentos Regular Fruit 3 Pack,$3.10,$1.03 each,"https://cdn.metcash.media/image/upload/f_auto,c_limit,w_300,q_auto/igashop/images/657938"
Mountain Dew Soft Drink 30 Pack,$25.00,$0.83 each,"https://cdn.metcash.media/image/upload/f_auto,c_limit,w_300,q_auto/igashop/images/628599"
La Zuppa Minestrone Soup 300g,$3.80,$1.27/100g,"https://cdn.metcash.media/image/upload/f_auto,c_limit,w_300,q_auto/igashop/images/180000005735"
Gatorade Watermelon Chill Sports Drink 600mL,$2.10,$0.35/100mL,"https://cdn.metcash.media/image/upload/f_auto,c_limit,w_300,q_auto/igashop/images/32748"
Surf Laundry Liquid Sunshine 2L,$11.50,$5.75/1L,"https://cdn.metcash.media/image/upload/f_auto,c_limit,w_300,q_auto/igashop/images/160000004724"
Medix Ibuprofen Soft Gel Caps 20 Pack,$4.90,$0.25 each,"https://cdn.metcash.media/image/upload/f_auto,c_limit,w_300,q_auto/igashop/images/841113"
Community Co Baby Spinach 280g,$5.00,$1.79/100g,"https://cdn.metcash.media/image/upload/f_auto,c_limit,w_300,q_auto/igashop/images/421900"
Chupa Chups Confectionery Sour Bites Share Pack Bag 200g,$5.50,$2.75/100g,https://www.igashop.com.au/static/default-product-image.png
Pedigree Casserole With Beef & Gravy Wet Dog Food Can 1.2kg,$4.50,$3.75/kg,"https://cdn.metcash.media/image/upload/f_auto,c_limit,w_300,q_auto/igashop/images/316736"
NIVEA Protect & Moisture Moisture Lock SPF50+ Sunscreen Spray 300mL,$28.00,$9.33/100mL,"https://cdn.metcash.media/image/upload/f_auto,c_limit,w_300,q_auto/igashop/images/922037"
Huggies Ultra Dry Nappies Girls Size 5 (13-18kg) 32 Pack,$13.00,$0.41 each,"https://cdn.metcash.media/image/upload/f_auto,c_limit,w_300,q_auto/igashop/images/2248"
HRVST ST Cold Pressed Juice Beetroot + Apple 1L,$10.99,$10.99/1L,"https://cdn.metcash.media/image/upload/f_auto,c_limit,w_300,q_auto/igashop/images/20000002098"
Uncle Tobys Vita Weeties Breakfast Cereal Original 510g,$6.00,$1.18/100g,"https://cdn.metcash.media/image/upload/f_auto,c_limit,w_300,q_auto/igashop/images/300921"
Energizer Max AAA Batteries 4 Pack,$8.25,$2.06 each,"https://cdn.metcash.media/image/upload/f_auto,c_limit,w_300,q_auto/igashop/images/291766"
Zafarelli Fettuccine Pasta No 12 500g,$2.00,$0.40/100g,"https://cdn.metcash.media/image/upload/f_auto,c_limit,w_300,q_auto/igashop/images/434217"
Catsan Cat Litter Crystals 2kg,$16.85,$8.43/kg,"https://cdn.metcash.media/image/upload/f_auto,c_limit,w_300,q_auto/igashop/images/68676"
Reese's Chocolate Confectionery White Miniatures 120g,$6.00,$5.00/100g,https://www.igashop.com.au/static/default-product-image.png
Lindt Lindor Bag Milk Orange 123g,$9.00,$7.32/100g,"https://cdn.metcash.media/image/upload/f_auto,c_limit,w_300,q_auto/igashop/images/208323"
Table Of Plenty Mini Rice Cakes Milk Choc Topped 60g,$5.00,$8.33/100g,https://www.igashop.com.au/static/default-product-image.png
Wonka Nerds Gummy Clusters Box 85g,$5.35,$6.29/100g,"https://cdn.metcash.media/image/upload/f_auto,c_limit,w_300,q_auto/igashop/images/190000001629"
On The Menu Bacon & Cheese Cottage Pie 400g,$4.00,$1.00/100g,https://www.igashop.com.au/static/default-product-image.png
Rexona Deodorant Aerosol Men Active Fresh 230mL,$6.25,$2.72/100mL,"https://cdn.metcash.media/image/upload/f_auto,c_limit,w_300,q_auto/igashop/images/1800000067821"
Antrid 50mL,$6.00,$12.00/100mL,https://www.igashop.com.au/static/default-product-image.png
Moccona Barista Reserve Dark Roast Lungo Capsules 10 Pack,$3.60,$0.36 each,"https://cdn.metcash.media/image/upload/f_auto,c_limit,w_300,q_auto/igashop/images/580212"
Capi Spicy Ginger Beer 750mL,$4.30,$5.73/1L,"https://cdn.metcash.media/image/upload/f_auto,c_limit,w_300,q_auto/igashop/images/389506"
Olsson’s Smoked Salt Redgum Stoneware Jar 90g,$19.95,$22.17/100g,https://www.igashop.com.au/static/default-product-image.png
Stayfree Pads Regular No Wings 20 Pack,$4.90,$0.25 each,"https://cdn.metcash.media/image/upload/f_auto,c_limit,w_300,q_auto/igashop/images/374344"
My Muscle Chef Protein Cookie Choc Chip 92g,$5.95,$6.47/100g,"https://cdn.metcash.media/image/upload/f_auto,c_limit,w_300,q_auto/igashop/images/20000003613"
Pana Organic Salted Caramel Frozen Dessert 950g,$13.00,$1.37/100g,https://www.igashop.com.au/static/default-product-image.png
Community Co Sea Salt Refill 400g,$1.60,$0.40/100g,"https://cdn.metcash.media/image/upload/f_auto,c_limit,w_300,q_auto/igashop/images/835772"
Musashi High Protein Shake Creamy Vanilla 375mL,$4.95,$1.32/100mL,"https://cdn.metcash.media/image/upload/f_auto,c_limit,w_300,q_auto/igashop/images/61593"
Violet Crumble Choc Honeycomb Nuggets 120g,$6.00,$5.00/100g,"https://cdn.metcash.media/image/upload/f_auto,c_limit,w_300,q_auto/igashop/images/253072"
Sarson's Malt Vinegar 250g,$4.30,$1.72/100g,"https://cdn.metcash.media/image/upload/f_auto,c_limit,w_300,q_auto/igashop/images/190000002270"
Red Rock Deli Thai Chilli Lime & Cashews 135g,$4.50,$3.33/100g,"https://cdn.metcash.media/image/upload/f_auto,c_limit,w_300,q_auto/igashop/images/425226"
Christmas Mason Jar With Straw,$1.50,N/A,"https://cdn.metcash.media/image/upload/f_auto,c_limit,w_300,q_auto/igashop/images/361361059_40dcdd96f5bb01b"
McCain Super Fries Straight Cut 900g,$4.30,$0.48/100g,"https://cdn.metcash.media/image/upload/f_auto,c_limit,w_300,q_auto/igashop/images/928758"
Plaistowe Cooking Chocolate 70% 200g,$4.00,$2.00/100g,"https://cdn.metcash.media/image/upload/f_auto,c_limit,w_300,q_auto/igashop/images/47748"
Snowdonia Black Bomber Extra Mature Cheddar 150g,$9.50,$6.33/100g,"https://cdn.metcash.media/image/upload/f_auto,c_limit,w_300,q_auto/igashop/images/190000002031"
Surfcoast Free Range Eggs Large 600g,$9.95,$1.66/100g,https://www.igashop.com.au/static/default-product-image.png
Medix Chest Rub 100g,$8.10,$8.10/100g,"https://cdn.metcash.media/image/upload/f_auto,c_limit,w_300,q_auto/igashop/images/156932"
La Morena Red Mexican Sauce 200g,$3.50,$1.75/100g,https://www.igashop.com.au/static/default-product-image.png
Kellogg's LCM's Rice Bubbles Choc Chip 100g,$4.50,$4.50/100g,"https://cdn.metcash.media/image/upload/f_auto,c_limit,w_300,q_auto/igashop/images/290590"
Glade Essence of Vanilla Aerosol 200g,$4.00,$2.00/100g,"https://cdn.metcash.media/image/upload/f_auto,c_limit,w_300,q_auto/igashop/images/609553"
Lite n' Easy Honey Soy Chicken 390g,$13.25,$3.40/100g,"https://cdn.metcash.media/image/upload/f_auto,c_limit,w_300,q_auto/igashop/images/430409"
Tip Top Bread The One White Sandwich Loaf 700g,$4.60,$0.66/100g,"https://cdn.metcash.media/image/upload/f_auto,c_limit,w_300,q_auto/igashop/images/712521"
All The Graze Blue Cheese 100g,$8.80,$8.80/100g,https://www.igashop.com.au/static/default-product-image.png
B Honey Single Source Red Gum Honey 325g,$8.20,$2.52/100g,"https://cdn.metcash.media/image/upload/f_auto,c_limit,w_300,q_auto/igashop/images/258195"
Monster Energy Ultra Fiesta 500mL,$4.45,$0.89/100mL,"https://cdn.metcash.media/image/upload/f_auto,c_limit,w_300,q_auto/igashop/images/190000005109_1"
AusFresh Olive Green Lemon Garlic 2 Pack,$22.00,$11.00 each,https://www.igashop.com.au/static/default-product-image.png
Bakers Collection Festive Fruit Cake Star 230g,$8.90,$3.87/100g,"https://cdn.metcash.media/image/upload/f_auto,c_limit,w_300,q_auto/igashop/images/180000002080"
Philips Appliance Globe Pilot 15W BC T25 Clear 2 Pack,$7.00,$3.50 each,"https://cdn.metcash.media/image/upload/f_auto,c_limit,w_300,q_auto/igashop/images/724316"
Rockstar Zero Sugar Energy Drink Guava 500mL,$2.75,$0.55/100mL,https://www.igashop.com.au/static/default-product-image.png
Colgate Toothpaste Kids Strawberry Pump 85g,$6.00,$7.06/100g,"https://cdn.metcash.media/image/upload/f_auto,c_limit,w_300,q_auto/igashop/images/180000005375"
Cheezels Hot Rods Cheesy Jalapeno Box 110g,$2.50,$2.27/100g,"https://cdn.metcash.media/image/upload/f_auto,c_limit,w_300,q_auto/igashop/images/681814"
Earth Choice Dishwashing Liquid 1L,$2.55,$2.55/1L,"https://cdn.metcash.media/image/upload/f_auto,c_limit,w_300,q_auto/igashop/images/498017"
Normandie Pate Chicken With Cognac 150g,$5.60,$3.73/100g,"https://cdn.metcash.media/image/upload/f_auto,c_limit,w_300,q_auto/igashop/images/179223"
Schmackos Strapz Dog Treat Beef Bag 200g,$8.00,$4.00/100g,"https://cdn.metcash.media/image/upload/f_auto,c_limit,w_300,q_auto/igashop/images/961578"
Lynx Body Wash Ice Chill 400mL,$3.75,$0.94/100mL,https://www.igashop.com.au/static/default-product-image.png
Dencorub Arthritis Cream 100g,$8.40,$8.40/100g,"https://cdn.metcash.media/image/upload/f_auto,c_limit,w_300,q_auto/igashop/images/634370"
Johnson's Baby Pure Cotton Buds 60 Pack,$5.60,$0.09 each,"https://cdn.metcash.media/image/upload/f_auto,c_limit,w_300,q_auto/igashop/images/650732"
Ashgrove Mt Roland Tasmanian Bush Pepper Cheese 140g,$7.95,$5.68/100g,https://www.igashop.com.au/static/default-product-image.png
Purina Total Care Cuddlechews Dog Toy,$18.00,N/A,"https://cdn.metcash.media/image/upload/f_auto,c_limit,w_300,q_auto/igashop/images/150000000533"
Fantastic Bowl Noodles Beef Flavour 105g,$2.75,$2.62/100g,"https://cdn.metcash.media/image/upload/f_auto,c_limit,w_300,q_auto/igashop/images/674532"
Up & Go Liquid Breakfast Fridge Pack Dairyfree Chocolate 12 Pack,$18.00,$1.50 each,"https://cdn.metcash.media/image/upload/f_auto,c_limit,w_300,q_auto/igashop/images/519708"
Barossa Valley Cheese Co Crispbread Gluten Free 100g,$5.30,$5.30/100g,"https://cdn.metcash.media/image/upload/f_auto,c_limit,w_300,q_auto/igashop/images/190000005048"
Nurofen Zavance Ibuprofen Mini Liquid Capsules 16 Pack,$7.20,$0.45 each,"https://cdn.metcash.media/image/upload/f_auto,c_limit,w_300,q_auto/igashop/images/512188"
V Guarana Energy Drink Sugarfree Blue 4 Pack,$11.75,$2.94 each,"https://cdn.metcash.media/image/upload/f_auto,c_limit,w_300,q_auto/igashop/images/190000001918"
Patak's Korma Paste Pots 2 Pack,$4.00,$2.00 each,"https://cdn.metcash.media/image/upload/f_auto,c_limit,w_300,q_auto/igashop/images/16000001648"
Community Co Tomato Diced Herb 400g,$1.30,$0.33/100g,"https://cdn.metcash.media/image/upload/f_auto,c_limit,w_300,q_auto/igashop/images/20000003162"
Sunsilk Shampoo Detox For Men 350mL,$7.50,$2.14/100mL,"https://cdn.metcash.media/image/upload/f_auto,c_limit,w_300,q_auto/igashop/images/618191"
Maggie Beer Vegetable Stock 500mL,$5.90,$1.18/100mL,"https://cdn.metcash.media/image/upload/f_auto,c_limit,w_300,q_auto/igashop/images/160000013740"
Cadbury Fingers Milk Chocolate Sharepack 114g,$5.50,$4.82/100g,"https://cdn.metcash.media/image/upload/f_auto,c_limit,w_300,q_auto/igashop/images/856121"
Dirossi Gradi Gourmet Mozzarella Cheese 400g,$8.10,$2.03/100g,"https://cdn.metcash.media/image/upload/f_auto,c_limit,w_300,q_auto/igashop/images/165839"
Starbucks By Nespresso Pike Place Roast Lungo Coffee Pods 10 Pack,$6.50,$0.65 each,"https://cdn.metcash.media/image/upload/f_auto,c_limit,w_300,q_auto/igashop/images/863961"
Wonder High Fibre White Sliced Bread Sandwich 700g,$4.50,$0.64/100g,"https://cdn.metcash.media/image/upload/f_auto,c_limit,w_300,q_auto/igashop/images/6441"
Magnum Ice Cream Dessert Stick Honeycomb Crunch,$5.55,N/A,"https://cdn.metcash.media/image/upload/f_auto,c_limit,w_300,q_auto/igashop/images/160000000352"
Masterfoods Herbs And Spices Cinnamon Ground 109g,$6.65,$6.10/100g,"https://cdn.metcash.media/image/upload/f_auto,c_limit,w_300,q_auto/igashop/images/180000005927"
Grinders Crema Ground Coffee 1kg,$32.00,$32.00/kg,"https://cdn.metcash.media/image/upload/f_auto,c_limit,w_300,q_auto/igashop/images/180000006692"
SPC Tomato Crushed Basil & Oregano 410g,$1.75,$0.43/100g,"https://cdn.metcash.media/image/upload/f_auto,c_limit,w_300,q_auto/igashop/images/364789"
"Noah's Creative Juice Orange, Apple, Guava, Banana, Pineapple, Paw Paw Juice Smoothie 260mL",$5.00,$1.92/100mL,"https://cdn.metcash.media/image/upload/f_auto,c_limit,w_300,q_auto/igashop/images/180000000757"
Haagen-Dazs Ice Cream Macadamia Nut Brittle 457mL,$7.50,$1.64/100mL,https://www.igashop.com.au/static/default-product-image.png
Rufus & Coco Plant Powered Clumping Litter 2kg,$12.00,$6.00/kg,"https://cdn.metcash.media/image/upload/f_auto,c_limit,w_300,q_auto/igashop/images/191021"
U By Kotex Bikini Encased Elastic Super,$20.00,N/A,https://www.igashop.com.au/static/default-product-image.png
Sunraysia Prune Juice 1L,$6.00,$6.00/1L,"https://cdn.metcash.media/image/upload/f_auto,c_limit,w_300,q_auto/igashop/images/403009"
Golden Circle Mango Nectar Fruit Drink 2L,$4.50,$2.25/1L,"https://cdn.metcash.media/image/upload/f_auto,c_limit,w_300,q_auto/igashop/images/929864"
Lindt Christmas Mini Santa & 4 Reindeers Milk Chocolate 50g,$2.00,$4.00/100g,"https://cdn.metcash.media/image/upload/f_auto,c_limit,w_300,q_auto/igashop/images/377415"
Fyna Licorice Milk Chocolate Logs 200g,$5.95,$2.98/100g,"https://cdn.metcash.media/image/upload/f_auto,c_limit,w_300,q_auto/igashop/images/180000000728"
Kingland Yoghurt Soy Mango & Peach 250g,$4.85,$1.94/100g,"https://cdn.metcash.media/image/upload/f_auto,c_limit,w_300,q_auto/igashop/images/167496"
IXL Fruit of the Forest Jam 480g,$4.70,$0.98/100g,"https://cdn.metcash.media/image/upload/f_auto,c_limit,w_300,q_auto/igashop/images/160000018102"
John West Skinless & Boneless Lemon & Cracked Pepper 130g,$3.80,$2.92/100g,"https://cdn.metcash.media/image/upload/f_auto,c_limit,w_300,q_auto/igashop/images/280100"
Fanta Grape Soft Drink Multipack Mini Cans 6 Pack,$6.00,$1.00 each,"https://cdn.metcash.media/image/upload/f_auto,c_limit,w_300,q_auto/igashop/images/180000003571"
Cottee's Cordial Apple & Raspberry Cordial 1L,$5.50,$5.50/1L,https://www.igashop.com.au/static/default-product-image.png
Dollar Sweets Chocolettes 150g,$2.50,$1.67/100g,"https://cdn.metcash.media/image/upload/f_auto,c_limit,w_300,q_auto/igashop/images/323628"
San Remo Fresh Agnolotti Spinach & Ricotta 350g,$6.50,$1.86/100g,"https://cdn.metcash.media/image/upload/f_auto,c_limit,w_300,q_auto/igashop/images/173303"
Coca-Cola Vanilla Can 24 Pack,$37.50,$1.56 each,"https://cdn.metcash.media/image/upload/f_auto,c_limit,w_300,q_auto/igashop/images/614231"
Dare Toffee Latte 750mL,$5.40,$0.72/100mL,"https://cdn.metcash.media/image/upload/f_auto,c_limit,w_300,q_auto/igashop/images/180000005382"
Supercoat Puppy Dog Food Chicken 7.5kg,$25.00,$3.33/kg,"https://cdn.metcash.media/image/upload/f_auto,c_limit,w_300,q_auto/igashop/images/657501"
CSR Smart Blend White Sugar 500g,$3.70,$0.74/100g,"https://cdn.metcash.media/image/upload/f_auto,c_limit,w_300,q_auto/igashop/images/4245"
YouFoodz Mohit's Butter Chicken 305g,$10.95,$3.59/100g,"https://cdn.metcash.media/image/upload/f_auto,c_limit,w_300,q_auto/igashop/images/180000001864"
Aveeno Blackberry Quinoa Protein Blend Conditioner 354mL,$19.50,$5.51/100mL,"https://cdn.metcash.media/image/upload/f_auto,c_limit,w_300,q_auto/igashop/images/170000000574"
The Margaret River Dairy Company Camembert 100g,$5.15,$5.15/100g,"https://cdn.metcash.media/image/upload/f_auto,c_limit,w_300,q_auto/igashop/images/1800000070898"
Vicks VapoDrops Butter Menthol 42 Pack,$8.50,$0.20 each,"https://cdn.metcash.media/image/upload/f_auto,c_limit,w_300,q_auto/igashop/images/803199"
Dynamo Professional Eucalyptus 7 In 1 Liquid Laundry Detergent 1.8L,$29.00,$16.11/1L,"https://cdn.metcash.media/image/upload/f_auto,c_limit,w_300,q_auto/igashop/images/805560"
Bio-oil Body Oil 60mL,$15.00,$25.00/100mL,"https://cdn.metcash.media/image/upload/f_auto,c_limit,w_300,q_auto/igashop/images/184875"
BIC Cristal Original Blue Pen 10 Pack,$5.50,$0.55 each,"https://cdn.metcash.media/image/upload/f_auto,c_limit,w_300,q_auto/igashop/images/769560"
Remedy Shot Digestion 60mL,$2.60,$43.33/1L,"https://cdn.metcash.media/image/upload/f_auto,c_limit,w_300,q_auto/igashop/images/444990"
Tasmanian Pate Salmon Cracked Pepper & Orange Brandy 190g,$5.90,$3.11/100g,"https://cdn.metcash.media/image/upload/f_auto,c_limit,w_300,q_auto/igashop/images/190000004915"
Community Co Denture Tabs 48 Pack,$3.50,$0.07 each,"https://cdn.metcash.media/image/upload/f_auto,c_limit,w_300,q_auto/igashop/images/808071"
On The Menu Mixed Grill 320g,$6.75,$2.11/100g,"https://cdn.metcash.media/image/upload/f_auto,c_limit,w_300,q_auto/igashop/images/157129"
Nanna's Classic Crepes 8 Pack,$7.40,$0.93 each,"https://cdn.metcash.media/image/upload/f_auto,c_limit,w_300,q_auto/igashop/images/436984"
Mainland Spreadable Garlic & Herbs 140g,$4.00,$2.86/100g,"https://cdn.metcash.media/image/upload/f_auto,c_limit,w_300,q_auto/igashop/images/289366"
Roza's Gourmet Dill & Parsley Mayonnaise 240mL,$9.95,$4.15/100mL,"https://cdn.metcash.media/image/upload/f_auto,c_limit,w_300,q_auto/igashop/images/190000002453"
Youfoodz Berry Superfood Smoothie 350mL,$4.00,$1.14/100mL,"https://cdn.metcash.media/image/upload/f_auto,c_limit,w_300,q_auto/igashop/images/20000003716"
Norco Original Real Iced Coffee 750mL,$4.60,$0.61/100mL,"https://cdn.metcash.media/image/upload/f_auto,c_limit,w_300,q_auto/igashop/images/190000004094"
My Muscle Chef Chicken Tortellini Boscaiola with Beef Rashers 300g,$11.95,$3.98/100g,"https://cdn.metcash.media/image/upload/f_auto,c_limit,w_300,q_auto/igashop/images/190000005174"
Bret's Porcini Mushroom Chips 125g,$8.95,$7.16/100g,"https://cdn.metcash.media/image/upload/f_auto,c_limit,w_300,q_auto/igashop/images/160000013821"
Sara Lee Bluey Blueberry Oat Muffin 40g,$5.60,$14.00/100g,"https://cdn.metcash.media/image/upload/f_auto,c_limit,w_300,q_auto/igashop/images/180000005478"
Pepsi Cola Soft Drink 24 Pack,$39.50,$1.65 each,"https://cdn.metcash.media/image/upload/f_auto,c_limit,w_300,q_auto/igashop/images/1800000067775"
Mill Lane Turkish Loaf 450g,$5.20,$1.16/100g,"https://cdn.metcash.media/image/upload/f_auto,c_limit,w_300,q_auto/igashop/images/180000000643"
Dare Charged Strong Latte 240mL,$4.10,$1.71/100mL,"https://cdn.metcash.media/image/upload/f_auto,c_limit,w_300,q_auto/igashop/images/180000006400"
Dolmio Hidden Veg Tomato Pasta Sauce 500g,$4.60,$0.92/100g,"https://cdn.metcash.media/image/upload/f_auto,c_limit,w_300,q_auto/igashop/images/824823"
Pringles Salt & Vinegar Flavour Chips 134g,$5.50,$4.10/100g,"https://cdn.metcash.media/image/upload/f_auto,c_limit,w_300,q_auto/igashop/images/636513"
Pepsi Max Soft Drink Bottle 1.25L,$3.50,$2.80/1L,"https://cdn.metcash.media/image/upload/f_auto,c_limit,w_300,q_auto/igashop/images/328377"
Lindt Lindor Milk Mini Eggs & Milk Egg 83g,$11.25,$13.55/100g,"https://cdn.metcash.media/image/upload/f_auto,c_limit,w_300,q_auto/igashop/images/190000009806"
Community Co Baby Capers 100g,$2.50,$2.50/100g,"https://cdn.metcash.media/image/upload/f_auto,c_limit,w_300,q_auto/igashop/images/826228"
Bok Choy Asian Greens,$3.90,N/A,"https://cdn.metcash.media/image/upload/f_auto,c_limit,w_300,q_auto/igashop/images/80050005"
Bio-Oil Body Oil 125mL,$26.00,$20.80/100mL,"https://cdn.metcash.media/image/upload/f_auto,c_limit,w_300,q_auto/igashop/images/184891"
Korbond Christmas Bon Bons Eco 8 Pack,$4.00,$0.50 each,"https://cdn.metcash.media/image/upload/f_auto,c_limit,w_300,q_auto/igashop/images/774073"
OMO Expert Odour Eliminator 1.8L,$24.00,$13.33/1L,"https://cdn.metcash.media/image/upload/f_auto,c_limit,w_300,q_auto/igashop/images/827334"
Palmolive Antibacterial Foaming Liquid Hand Wash Lime & Mint 250mL,$3.00,$1.20/100mL,"https://cdn.metcash.media/image/upload/f_auto,c_limit,w_300,q_auto/igashop/images/347538"
Country Life Soap Bar Fresh Linen and White Clay 5 Pack,$4.60,$0.92 each,"https://cdn.metcash.media/image/upload/f_auto,c_limit,w_300,q_auto/igashop/images/407011"
Vaseline Intensive Care Body Lotion Deep Restore 75mL,$4.65,$6.20/100mL,"https://cdn.metcash.media/image/upload/f_auto,c_limit,w_300,q_auto/igashop/images/371045"
Remedy Kombucha Passionfruit 330mL,$2.50,$0.76/100mL,"https://cdn.metcash.media/image/upload/f_auto,c_limit,w_300,q_auto/igashop/images/180000000129"
Colgate Advanced Whitening Tartar Control Toothpaste 115g,$6.50,$5.65/100g,"https://cdn.metcash.media/image/upload/f_auto,c_limit,w_300,q_auto/igashop/images/514839"
Brut Shower Gel Original 500mL,$8.50,$1.70/100mL,https://www.igashop.com.au/static/default-product-image.png
Dove Go Fresh Antiperspirant Roll On Deodorant Go Fresh Pomegranate 50mL,$4.50,$9.00/100mL,"https://cdn.metcash.media/image/upload/f_auto,c_limit,w_300,q_auto/igashop/images/331566"
Armor All Protectant Original 300mL,$13.50,$4.50/100mL,https://www.igashop.com.au/static/default-product-image.png
Praise Mini Thousand Island Dressing 140mL,$2.25,$1.61/100mL,"https://cdn.metcash.media/image/upload/f_auto,c_limit,w_300,q_auto/igashop/images/690017"
Arnott's Bluey Snacks Chicken Multipack 168g,$4.00,$2.38/100g,"https://cdn.metcash.media/image/upload/f_auto,c_limit,w_300,q_auto/igashop/images/180000005333"
Meggles Free Range Eggs XLarge 700g,$9.00,$1.29/100g,"https://cdn.metcash.media/image/upload/f_auto,c_limit,w_300,q_auto/igashop/images/20000004292"
Vittoria Latte Coffee Beans 1kg,$26.00,$26.00/kg,"https://cdn.metcash.media/image/upload/f_auto,c_limit,w_300,q_auto/igashop/images/267217"
Green's Caramel Mud Cake Mix 600g,$5.50,$0.92/100g,"https://cdn.metcash.media/image/upload/f_auto,c_limit,w_300,q_auto/igashop/images/347075"
Korbond Number 5 Birthday Candle,$1.60,N/A,"https://cdn.metcash.media/image/upload/f_auto,c_limit,w_300,q_auto/igashop/images/266017"
Nestle Kit Kat Chocolate Cookie Crush Funpack 154g,$3.75,$2.44/100g,https://www.igashop.com.au/static/default-product-image.png
Vego Fine Hazelnut Chocolate Spread 200g,$8.95,$4.48/100g,"https://cdn.metcash.media/image/upload/f_auto,c_limit,w_300,q_auto/igashop/images/190000002118"
Meredith Dairy Goat Cheese Chevre Original 150g,$9.50,$6.33/100g,"https://cdn.metcash.media/image/upload/f_auto,c_limit,w_300,q_auto/igashop/images/962082"
Hydralyte Electrolyte Ice Blocks Orange 16 Pack,$15.65,$0.98 each,"https://cdn.metcash.media/image/upload/f_auto,c_limit,w_300,q_auto/igashop/images/190000005347"
Maximus Isotonic Sports Drink Blue 1L,$2.80,$2.80/1L,"https://cdn.metcash.media/image/upload/f_auto,c_limit,w_300,q_auto/igashop/images/366922"
Altimate Funtime Traditional Wafer Cups 21 Pack,$4.00,$0.19 each,"https://cdn.metcash.media/image/upload/f_auto,c_limit,w_300,q_auto/igashop/images/7953"
Bonne Maman Cherry Conserve 370g,$6.90,$1.86/100g,"https://cdn.metcash.media/image/upload/f_auto,c_limit,w_300,q_auto/igashop/images/160000013761"
Blackmores Superkids Multi Gummies 60 Pack,$15.00,$0.25 each,"https://cdn.metcash.media/image/upload/f_auto,c_limit,w_300,q_auto/igashop/images/160000011558"
Dove Nourishing Secrets Body Wash Restoring Coconut & Almond Oil 1L,$9.50,$9.50/1L,"https://cdn.metcash.media/image/upload/f_auto,c_limit,w_300,q_auto/igashop/images/887892"
McVitie's Digestives Dark Chocolate 266g,$5.50,$2.07/100g,"https://cdn.metcash.media/image/upload/f_auto,c_limit,w_300,q_auto/igashop/images/150000007992"
My Dog Treats With Succulent Beef And Garden Vegetable 100g,$4.00,$4.00/100g,https://www.igashop.com.au/static/default-product-image.png
Maybelline Mascara Falsies Lash Lift Black 9.6mL,$26.00,$270.83/100mL,"https://cdn.metcash.media/image/upload/f_auto,c_limit,w_300,q_auto/igashop/images/969144"
Jols Sugar Free Pastilles Blackcurrant 25g,$2.50,$10.00/100g,"https://cdn.metcash.media/image/upload/f_auto,c_limit,w_300,q_auto/igashop/images/20000003317"
Gold Choc Coins Mesh Bag 80g,$3.50,$4.38/100g,https://www.igashop.com.au/static/default-product-image.png
Farmers Market Beef & Farm Vegetables Dry Dog Food 6.8kg,$40.00,$5.88/kg,"https://cdn.metcash.media/image/upload/f_auto,c_limit,w_300,q_auto/igashop/images/180000001097"
Moccona Freeze Dried Instant Coffee Hazelnut 95g,$14.50,$15.26/100g,"https://cdn.metcash.media/image/upload/f_auto,c_limit,w_300,q_auto/igashop/images/367499"
Sunkist Orange Soft Drink 1500mL,$6.00,$0.40/100mL,https://www.igashop.com.au/static/default-product-image.png
Barker's Fruit Mince 370g,$7.50,$2.03/100g,"https://cdn.metcash.media/image/upload/f_auto,c_limit,w_300,q_auto/igashop/images/9437"
Koala Eco Room Spray Pink Grapefruit & Peppermint 250mL,$15.90,$6.36/100mL,"https://cdn.metcash.media/image/upload/f_auto,c_limit,w_300,q_auto/igashop/images/190000001934"
Community Co Camembert Wheel 125g,$3.50,$2.80/100g,"https://cdn.metcash.media/image/upload/f_auto,c_limit,w_300,q_auto/igashop/images/1800000068020"
Sharwood's Simmer Sauce Tikka Masala 420g,$5.00,$1.19/100g,"https://cdn.metcash.media/image/upload/f_auto,c_limit,w_300,q_auto/igashop/images/762"
Orgran Outback Animal Cookies Vanilla 175g,$5.50,$3.14/100g,https://www.igashop.com.au/static/default-product-image.png
Cozy Laundry Vanilla Nectar Fabric Softener 1L,$5.00,$5.00/1L,"https://cdn.metcash.media/image/upload/f_auto,c_limit,w_300,q_auto/igashop/images/190000004509"
Cadbury Dairy Milk Velvet Salted Caramel 150g,$4.00,$2.67/100g,"https://cdn.metcash.media/image/upload/f_auto,c_limit,w_300,q_auto/igashop/images/180000006304"
Connoisseur Ice Cream Strawberry 1L,$9.00,$9.00/1L,"https://cdn.metcash.media/image/upload/f_auto,c_limit,w_300,q_auto/igashop/images/722487"
Bostik Blu Tack Assorted Colours 75g,$4.00,$5.33/100g,"https://cdn.metcash.media/image/upload/f_auto,c_limit,w_300,q_auto/igashop/images/214170"
McCain Meatlovers Family Pizza 500g,$8.80,$1.76/100g,"https://cdn.metcash.media/image/upload/f_auto,c_limit,w_300,q_auto/igashop/images/199493"
Meatballs 500g,Final cost based on weight,$11.45/$22.90,"https://cdn.metcash.media/image/upload/f_auto,c_limit,w_300,q_auto/igashop/images/80072046"
Holland House Rollmops Marinated 500g,$7.00,$1.40/100g,"https://cdn.metcash.media/image/upload/f_auto,c_limit,w_300,q_auto/igashop/images/138073"
Simple Facial Wipes Biodegradable Cleansing 50 Pack,$14.00,$0.28 each,"https://cdn.metcash.media/image/upload/f_auto,c_limit,w_300,q_auto/igashop/images/174215"
Mount Franklin Lightly Sparkling Water Multipack Bottles 4 Pack,$5.60,$1.40 each,"https://cdn.metcash.media/image/upload/f_auto,c_limit,w_300,q_auto/igashop/images/386964_1"
Sukin Vanilla & Almond Body Wash 500mL,$7.80,$1.56/100mL,"https://cdn.metcash.media/image/upload/f_auto,c_limit,w_300,q_auto/igashop/images/692585"
Barambah Organics Lactose Free Milk 2L,$7.60,$3.80/1L,"https://cdn.metcash.media/image/upload/f_auto,c_limit,w_300,q_auto/igashop/images/190000004105"
Safe Original Long Roll 400 Sheet 2ply Toilet Tissue 6 Pack,$6.00,$1.00 each,"https://cdn.metcash.media/image/upload/f_auto,c_limit,w_300,q_auto/igashop/images/367790"
Huggies Ultra Dry Nappy Pants Boy Size 3 (6-12kg) 36 Pack,$22.00,$0.61 each,"https://cdn.metcash.media/image/upload/f_auto,c_limit,w_300,q_auto/igashop/images/190000002618"
Only Organic Baby Food Pumpkin & Sweet Potato 120g,$2.30,$1.92/100g,https://www.igashop.com.au/static/default-product-image.png
Clairol Nice'N Easy Permanent Hair Colour 8G Natural Golden Blonde,$11.00,N/A,"https://cdn.metcash.media/image/upload/f_auto,c_limit,w_300,q_auto/igashop/images/581129"
Lindt Lindor Assorted Mini Easter Eggs Bag 90g,$7.50,$8.33/100g,"https://cdn.metcash.media/image/upload/f_auto,c_limit,w_300,q_auto/igashop/images/644168"
Cocobella Coconut Water Straight Up 1L,$2.75,$2.75/1L,"https://cdn.metcash.media/image/upload/f_auto,c_limit,w_300,q_auto/igashop/images/240273"
My Muscle Chef Indian Green Chicken Curry With Basmati Rice & Kale 340g,$11.95,$3.51/100g,https://www.igashop.com.au/static/default-product-image.png
Jindi Camembert Cheese 115g,$5.30,$4.61/100g,"https://cdn.metcash.media/image/upload/f_auto,c_limit,w_300,q_auto/igashop/images/978834"
Dine Classic Collection In Gravy Succulent Selection 12 Pack,$12.80,$1.07 each,"https://cdn.metcash.media/image/upload/f_auto,c_limit,w_300,q_auto/igashop/images/534481"
Capilano Honey Jar 500g,$9.00,$1.80/100g,"https://cdn.metcash.media/image/upload/f_auto,c_limit,w_300,q_auto/igashop/images/29020"
Golden Waffles Fluffy & Delicious 5 Pack,$7.00,$1.40 each,"https://cdn.metcash.media/image/upload/f_auto,c_limit,w_300,q_auto/igashop/images/450629"
Chandler Honey Upside Down 500g,$5.50,$1.10/100g,"https://cdn.metcash.media/image/upload/f_auto,c_limit,w_300,q_auto/igashop/images/867591"
Earthwise Orange & Eucalyptus 1L,$12.25,$12.25/1L,https://www.igashop.com.au/static/default-product-image.png
Youjuice Tropical Tango 1L,$5.80,$5.80/1L,"https://cdn.metcash.media/image/upload/f_auto,c_limit,w_300,q_auto/igashop/images/480179"
Uncle Tobys Oats Quick Sachets Breakfast Cereal Berry Variety 10 Pack,$5.50,$0.55 each,"https://cdn.metcash.media/image/upload/f_auto,c_limit,w_300,q_auto/igashop/images/173230"
Zoetic Infusions Organic Earl Grey Tea Bags 25 Pack,$4.95,$0.20 each,"https://cdn.metcash.media/image/upload/f_auto,c_limit,w_300,q_auto/igashop/images/160000012414"
Helga's Soy & Linseed Loaf Sliced Bread 850g,$5.20,$0.61/100g,"https://cdn.metcash.media/image/upload/f_auto,c_limit,w_300,q_auto/igashop/images/676013"
Beerenberg Dressings Blue Cheese 300mL,$6.85,$2.28/100mL,"https://cdn.metcash.media/image/upload/f_auto,c_limit,w_300,q_auto/igashop/images/876299"
McKenzie's Almond Flakes 80g,$4.00,$5.00/100g,"https://cdn.metcash.media/image/upload/f_auto,c_limit,w_300,q_auto/igashop/images/222610"
Azalea Grape Seed Oil 1L,$18.35,$18.35/1L,"https://cdn.metcash.media/image/upload/f_auto,c_limit,w_300,q_auto/igashop/images/69444"
Soyco Thai Tofu 200g,$6.50,$3.25/100g,"https://cdn.metcash.media/image/upload/f_auto,c_limit,w_300,q_auto/igashop/images/190000004801"
F. Whitlock & Sons Tomato & Smokey Chipotle Sauce 400g,$4.00,$1.00/100g,"https://cdn.metcash.media/image/upload/f_auto,c_limit,w_300,q_auto/igashop/images/557010"
Duck Toilet Fresh Disc Citrus 36mL,$7.30,$20.28/100mL,"https://cdn.metcash.media/image/upload/f_auto,c_limit,w_300,q_auto/igashop/images/840691"
Cadbury Dairy Milk Freddo Sharepack 12 Pack,$7.50,$0.62 each,"https://cdn.metcash.media/image/upload/f_auto,c_limit,w_300,q_auto/igashop/images/873495"
Praise Traditional Mayonnaise Squeeze Bottle 490g,$4.50,$0.92/100g,"https://cdn.metcash.media/image/upload/f_auto,c_limit,w_300,q_auto/igashop/images/396134"
NIVEA Refreshing Toner 200mL,$7.80,$3.90/100mL,"https://cdn.metcash.media/image/upload/f_auto,c_limit,w_300,q_auto/igashop/images/190000009967"
Byron Bay Honey 500g,$9.35,$1.87/100g,"https://cdn.metcash.media/image/upload/f_auto,c_limit,w_300,q_auto/igashop/images/32837"
East Forged Black Tea & Yuzu 250mL,$4.50,$18.00/1L,https://www.igashop.com.au/static/default-product-image.png
Wattle Valley Chunky Dip Roasted Pumpkin 150g,$5.15,$3.43/100g,"https://cdn.metcash.media/image/upload/f_auto,c_limit,w_300,q_auto/igashop/images/180000000205"
Fancy Feast Adult Medleys Wild Salmon Florentine With Garden Greens In A Delicate Sauce Wet Cat Food 85g,$2.30,$2.71/100g,"https://cdn.metcash.media/image/upload/f_auto,c_limit,w_300,q_auto/igashop/images/412854"
Aunty Kath's Cookie Dough Gingerbread Cookie Dough 450g,$7.15,$1.59/100g,https://www.igashop.com.au/static/default-product-image.png
Grannys Muffin Double Choc Chip 6 Pack,$7.10,$1.18 each,https://www.igashop.com.au/static/default-product-image.png
L'OR Classique Coffee Beans 500g,$33.15,$6.63/100g,"https://cdn.metcash.media/image/upload/f_auto,c_limit,w_300,q_auto/igashop/images/180000002327"
Cartia Tablets Low Dose Aspirin 100mG 28 Pack,$2.80,$0.10 each,"https://cdn.metcash.media/image/upload/f_auto,c_limit,w_300,q_auto/igashop/images/398940"
Sukin Art Series Anna Cole Hand Wash 500mL,$12.00,$2.40/100mL,"https://cdn.metcash.media/image/upload/f_auto,c_limit,w_300,q_auto/igashop/images/160000012500"
Gaviscon Alkaline Remedies Chewing Gum Cool Mint 10 Pack,$5.50,$0.55 each,"https://cdn.metcash.media/image/upload/f_auto,c_limit,w_300,q_auto/igashop/images/459830"
Bepanthen Nappy Rash Ointment 100g,$15.50,$15.50/100g,"https://cdn.metcash.media/image/upload/f_auto,c_limit,w_300,q_auto/igashop/images/607438"
V8 Vegetable Juice Healthy Greens 1.25L,$3.00,$2.40/1L,"https://cdn.metcash.media/image/upload/f_auto,c_limit,w_300,q_auto/igashop/images/667386"
Tony's Chocolonely Bar Dark Almond Sea Salt 47g,$3.95,$8.40/100g,https://www.igashop.com.au/static/default-product-image.png
Ayam Paste Thai Red Curry 195g,$4.00,$2.05/100g,"https://cdn.metcash.media/image/upload/f_auto,c_limit,w_300,q_auto/igashop/images/607844"
The Natural Confectionery Co. Fruity Stackers 220g,$5.00,$2.27/100g,"https://cdn.metcash.media/image/upload/f_auto,c_limit,w_300,q_auto/igashop/images/542468"
Peters Drumstick Chocolate Mint 4 Pack,$9.50,$2.38 each,"https://cdn.metcash.media/image/upload/f_auto,c_limit,w_300,q_auto/igashop/images/101144"
Manicare Eyelash Curler,$12.40,N/A,"https://cdn.metcash.media/image/upload/f_auto,c_limit,w_300,q_auto/igashop/images/160000002587"
Dirossi Gradi Gourmet Pizza Cheese 400g,$8.10,$2.03/100g,"https://cdn.metcash.media/image/upload/f_auto,c_limit,w_300,q_auto/igashop/images/165834"
Defiance Plain Flour 1kg,$3.25,$3.25/kg,"https://cdn.metcash.media/image/upload/f_auto,c_limit,w_300,q_auto/igashop/images/33794"
Red Tractor Wheat Free Instant Oats Chia & Flax 500g,$7.00,$1.40/100g,"https://cdn.metcash.media/image/upload/f_auto,c_limit,w_300,q_auto/igashop/images/20000007238"
Rafferty's Garden Pumpkin Apple & Sweetcorn 120g,$2.15,$1.79/100g,"https://cdn.metcash.media/image/upload/f_auto,c_limit,w_300,q_auto/igashop/images/350659"
Vileda Tile & Grout Cleaner,$5.15,N/A,"https://cdn.metcash.media/image/upload/f_auto,c_limit,w_300,q_auto/igashop/images/211392"
Bickford's Tropical Cordial No Added Sugar 750mL,$5.00,$0.67/100mL,https://www.igashop.com.au/static/default-product-image.png
Continental Rice Oriental 115g,$3.20,$2.78/100g,"https://cdn.metcash.media/image/upload/f_auto,c_limit,w_300,q_auto/igashop/images/676843"
Nomad Original Turkish Bread 400g,$5.05,$1.26/100g,"https://cdn.metcash.media/image/upload/f_auto,c_limit,w_300,q_auto/igashop/images/190000004021"
Schwarzkopf Extra Care Push Up Volume Mousse 150g,$7.00,$4.67/100g,"https://cdn.metcash.media/image/upload/f_auto,c_limit,w_300,q_auto/igashop/images/35233"
Youfoodz Italian Beef Ragu With Penne & Cheese Sauce 320g,$10.95,$3.42/100g,https://www.igashop.com.au/static/default-product-image.png
Tek Toothbrush Hard New,$2.25,N/A,"https://cdn.metcash.media/image/upload/f_auto,c_limit,w_300,q_auto/igashop/images/469694"
"Cenovis Echinacea, Garlic, Zinc + C Tablets 60 Pack",$9.75,$0.16 each,"https://cdn.metcash.media/image/upload/f_auto,c_limit,w_300,q_auto/igashop/images/354962"
"My Dog Chicken Mince With Rice, Carrots & Spinach Puppy Food 6 Pack",$10.00,$1.67 each,"https://cdn.metcash.media/image/upload/f_auto,c_limit,w_300,q_auto/igashop/images/64287"
Energizer Maximum AAA 24 Pack,$30.00,$1.25 each,"https://cdn.metcash.media/image/upload/f_auto,c_limit,w_300,q_auto/igashop/images/739442"
Vittoria Freeze Dried Mountain Grown Instant Coffee 100g,$13.50,$13.50/100g,"https://cdn.metcash.media/image/upload/f_auto,c_limit,w_300,q_auto/igashop/images/378576"
Bondi Dairy Mini Bagels 400g,$6.65,$1.66/100g,https://www.igashop.com.au/static/default-product-image.png
Byron Bay Cookies Gluten Free Pouch Dotty 100g,$4.00,$4.00/100g,"https://cdn.metcash.media/image/upload/f_auto,c_limit,w_300,q_auto/igashop/images/1800000067427"
Thick BBQ Sausage 500g,Final cost based on weight,$10.98/$21.95,"https://cdn.metcash.media/image/upload/f_auto,c_limit,w_300,q_auto/igashop/images/80080066"
Bakers Oven Wholemeal Sandwich Bread 700g,$3.40,$0.49/100g,"https://cdn.metcash.media/image/upload/f_auto,c_limit,w_300,q_auto/igashop/images/577858"
Haagen-Dazs Ice Cream Caramel Biscuit & Cream 457mL,$7.50,$1.64/100mL,https://www.igashop.com.au/static/default-product-image.png
Eno Lemon Powder 200g,$13.00,$6.50/100g,"https://cdn.metcash.media/image/upload/f_auto,c_limit,w_300,q_auto/igashop/images/55877"
Coyo Coconut Yoghurt Vanilla 500g,$9.50,$1.90/100g,"https://cdn.metcash.media/image/upload/f_auto,c_limit,w_300,q_auto/igashop/images/886341"
Queen Finest Natural Peppermint Extract 50mL,$2.50,$5.00/100mL,"https://cdn.metcash.media/image/upload/f_auto,c_limit,w_300,q_auto/igashop/images/97133"
Always Fresh Capers 150g,$3.35,$2.23/100g,"https://cdn.metcash.media/image/upload/f_auto,c_limit,w_300,q_auto/igashop/images/469335"
Old El Paso Refried Beans 435g,$4.50,$1.03/100g,"https://cdn.metcash.media/image/upload/f_auto,c_limit,w_300,q_auto/igashop/images/673073"
Peppa Pig Breakfast Set With Milk Chocolate Egg,$11.20,N/A,https://www.igashop.com.au/static/default-product-image.png
Carman's Classic Muesli 875g,$9.90,$1.13/100g,"https://cdn.metcash.media/image/upload/f_auto,c_limit,w_300,q_auto/igashop/images/866927"
Black & Gold Canola Cooking Spray 400g,$3.00,$0.75/100g,"https://cdn.metcash.media/image/upload/f_auto,c_limit,w_300,q_auto/igashop/images/45644"
Allen's Sherbies 200g,$4.00,$2.00/100g,"https://cdn.metcash.media/image/upload/f_auto,c_limit,w_300,q_auto/igashop/images/336760"
Head & Shoulders Smooth & Silky Anti Dandruff Conditioner 660mL,$23.00,$3.48/100mL,"https://cdn.metcash.media/image/upload/f_auto,c_limit,w_300,q_auto/igashop/images/160000010993"
Beerenberg Balsamic Beetroot Relish 280g,$6.45,$2.30/100g,"https://cdn.metcash.media/image/upload/f_auto,c_limit,w_300,q_auto/igashop/images/709887"
Perfect Italiano Parmesan Extra Sharp Grated 125g,$4.50,$3.60/100g,"https://cdn.metcash.media/image/upload/f_auto,c_limit,w_300,q_auto/igashop/images/160000000863"
Baker's Oven Bread Multigrain Sliced 700g,$3.60,$0.51/100g,"https://cdn.metcash.media/image/upload/f_auto,c_limit,w_300,q_auto/igashop/images/20000004466"
Mountain Dew Citrus Energised Soft Drink 24 Pack,$39.50,$1.65 each,"https://cdn.metcash.media/image/upload/f_auto,c_limit,w_300,q_auto/igashop/images/1800000067718"
Helga's Spinach & Garden Herb Wraps 7 Pack,$3.50,$0.50 each,"https://cdn.metcash.media/image/upload/f_auto,c_limit,w_300,q_auto/igashop/images/20000003068"
Gravox Lamb & Rosemary Liquid Gravy Pouch Family Pack 250g,$4.50,$1.80/100g,"https://cdn.metcash.media/image/upload/f_auto,c_limit,w_300,q_auto/igashop/images/6255"
Passage to India Sri Lanka Simmer Sauce Coconut & Cashew Chicken 375g,$6.30,$1.68/100g,"https://cdn.metcash.media/image/upload/f_auto,c_limit,w_300,q_auto/igashop/images/190000001715"
Green's Muffin Mix Raspberry White Choc 400g,$5.50,$1.38/100g,"https://cdn.metcash.media/image/upload/f_auto,c_limit,w_300,q_auto/igashop/images/180000002520"
L'Oréal Paris Excellence Crème 6 Light Brown Hair Colour,$20.00,N/A,"https://cdn.metcash.media/image/upload/f_auto,c_limit,w_300,q_auto/igashop/images/190000000536"
Wallaby Bites Dark Chocolate Fruit Nut 150g,$7.50,$5.00/100g,"https://cdn.metcash.media/image/upload/f_auto,c_limit,w_300,q_auto/igashop/images/160000017791"
Palmolive Naturals Intensive Moisture with Coconut Cream Hair Conditioner 700mL,$10.00,$1.43/100mL,"https://cdn.metcash.media/image/upload/f_auto,c_limit,w_300,q_auto/igashop/images/190000000702"
Charlie's Quencher Mango & Orange 500mL,$4.35,$0.87/100mL,"https://cdn.metcash.media/image/upload/f_auto,c_limit,w_300,q_auto/igashop/images/820492"
Aussie Bodies Keto Bar Dark Choc Mint Wafer 35g,$4.00,$11.43/100g,"https://cdn.metcash.media/image/upload/f_auto,c_limit,w_300,q_auto/igashop/images/190000004842"
Gillette Venus Tropical Women's Disposable Razor 3 Pack,$9.60,$3.20 each,"https://cdn.metcash.media/image/upload/f_auto,c_limit,w_300,q_auto/igashop/images/17230"
Wokka Noodles Thin Egg Style Stir Fry 440g,$3.00,$0.68/100g,"https://cdn.metcash.media/image/upload/f_auto,c_limit,w_300,q_auto/igashop/images/345727"
The Paw Grocer Party Time Bikkies Dog Treats 150g,$10.25,$6.83/100g,"https://cdn.metcash.media/image/upload/f_auto,c_limit,w_300,q_auto/igashop/images/829328"
Moondarra Cranberry & Macadamia Cream Cheese 120g,$3.90,$3.25/100g,"https://cdn.metcash.media/image/upload/f_auto,c_limit,w_300,q_auto/igashop/images/8201"
Blue Dinosaur Paleo Bars Banana Bread 45g,$3.70,$8.22/100g,"https://cdn.metcash.media/image/upload/f_auto,c_limit,w_300,q_auto/igashop/images/322884"
Energizer 3V Lithium Batteries 2 Pack,$10.00,$5.00 each,"https://cdn.metcash.media/image/upload/f_auto,c_limit,w_300,q_auto/igashop/images/20000007321"
Gravox Gravy Mix Roast Meat Red Wine Garlic 165g,$3.50,$2.12/100g,"https://cdn.metcash.media/image/upload/f_auto,c_limit,w_300,q_auto/igashop/images/326422"
Crisco Canola Oil 2L,$8.00,$4.00/1L,"https://cdn.metcash.media/image/upload/f_auto,c_limit,w_300,q_auto/igashop/images/22890"
Top 20 Variety Multipack 20 Pack,$7.50,$0.38 each,"https://cdn.metcash.media/image/upload/f_auto,c_limit,w_300,q_auto/igashop/images/53948"
Nobby's Nuts Salted Peanuts 170g,$3.45,$2.03/100g,"https://cdn.metcash.media/image/upload/f_auto,c_limit,w_300,q_auto/igashop/images/60018"
John West Sweet Corn & Mayonnaise Tuna Tempters 95g,$2.90,$3.05/100g,"https://cdn.metcash.media/image/upload/f_auto,c_limit,w_300,q_auto/igashop/images/313885"
Primo Crispy Streaky Bacon 200g,$5.70,$2.85/100g,"https://cdn.metcash.media/image/upload/f_auto,c_limit,w_300,q_auto/igashop/images/180000003647"
Pedigree Adult With Chicken Dry Dog Food 8kg,$24.50,$3.06/kg,"https://cdn.metcash.media/image/upload/f_auto,c_limit,w_300,q_auto/igashop/images/318301"
Cupcakes Iced 4 Pack,$7.30,$1.83 each,"https://cdn.metcash.media/image/upload/f_auto,c_limit,w_300,q_auto/igashop/images/837758"
Arnott's Water Cracker Original 125g,$2.15,$1.72/100g,"https://cdn.metcash.media/image/upload/f_auto,c_limit,w_300,q_auto/igashop/images/313364"
Youfoodz Fuel'd Chicken Satay Noodles 415g,$11.95,$2.88/100g,"https://cdn.metcash.media/image/upload/f_auto,c_limit,w_300,q_auto/igashop/images/180000005142"
Yoplait Petit Miam Yoghurt Strawberry 70g,$1.00,$1.43/100g,"https://cdn.metcash.media/image/upload/f_auto,c_limit,w_300,q_auto/igashop/images/131115"
Tru Blu Pub Squash 2L,$2.40,$1.20/1L,"https://cdn.metcash.media/image/upload/f_auto,c_limit,w_300,q_auto/igashop/images/386537"
"Bundaberg Lemon,lime & Bitters 10 Pack",$17.55,$1.76 each,"https://cdn.metcash.media/image/upload/f_auto,c_limit,w_300,q_auto/igashop/images/392546"
Maxiblock Essential Sunscreen Lotion SPF50+ Pump 500mL,$20.30,$4.06/100mL,"https://cdn.metcash.media/image/upload/f_auto,c_limit,w_300,q_auto/igashop/images/238409"
Lucozade Original Energy Drink 380mL,$3.30,$0.87/100mL,"https://cdn.metcash.media/image/upload/f_auto,c_limit,w_300,q_auto/igashop/images/414961"
Palmolive Luminous Oils Coconut Shower Gel 750mL,$6.00,$0.80/100mL,"https://cdn.metcash.media/image/upload/f_auto,c_limit,w_300,q_auto/igashop/images/501593"
Griffs Meal Curried Prawns & Rice 400g,$4.50,$1.13/100g,"https://cdn.metcash.media/image/upload/f_auto,c_limit,w_300,q_auto/igashop/images/118895"
The Real Natural Tasty Cheddar Cheese Block 500g,$9.00,$1.80/100g,"https://cdn.metcash.media/image/upload/f_auto,c_limit,w_300,q_auto/igashop/images/696050"
Darrell Lea Dark Chocolate Block 170g,$5.00,$2.94/100g,"https://cdn.metcash.media/image/upload/f_auto,c_limit,w_300,q_auto/igashop/images/826121"
Quest Multi Pack Cookies & Cream 4 Pack,$15.20,$3.80 each,"https://cdn.metcash.media/image/upload/f_auto,c_limit,w_300,q_auto/igashop/images/347452"
Kehoe's Red Kimchi 410g,$9.50,$2.32/100g,"https://cdn.metcash.media/image/upload/f_auto,c_limit,w_300,q_auto/igashop/images/20000005020"
Quilton 3 Ply Floral Print Soft Double Length Toilet Paper,$12.50,N/A,"https://cdn.metcash.media/image/upload/f_auto,c_limit,w_300,q_auto/igashop/images/355298"
Beerenberg Braised Lamb Biryani 240mL,$6.50,$2.71/100mL,"https://cdn.metcash.media/image/upload/f_auto,c_limit,w_300,q_auto/igashop/images/949055"
Suntory BOSS Iced Latte Coffee 4 Pack,$11.20,$2.80 each,"https://cdn.metcash.media/image/upload/f_auto,c_limit,w_300,q_auto/igashop/images/570542"
Funday Sour Gummy Bears 50g,$4.20,$8.40/100g,https://www.igashop.com.au/static/default-product-image.png
Community Co Pane Di Casa Mini Plain 310g,$3.25,$1.05/100g,https://www.igashop.com.au/static/default-product-image.png
Keen's Curry Powder 60g,$4.40,$7.33/100g,"https://cdn.metcash.media/image/upload/f_auto,c_limit,w_300,q_auto/igashop/images/38671"
Red Rock Deli Roasted Red Capsicum Pecorino Cashews & Basil 135g,$4.50,$3.33/100g,"https://cdn.metcash.media/image/upload/f_auto,c_limit,w_300,q_auto/igashop/images/425174"
Black Swan Skinny Hommus Dip 200g,$3.90,$1.95/100g,"https://cdn.metcash.media/image/upload/f_auto,c_limit,w_300,q_auto/igashop/images/128298"
Nestle Milo Milk Modifier 1kg,$13.50,$13.50/kg,"https://cdn.metcash.media/image/upload/f_auto,c_limit,w_300,q_auto/igashop/images/180000006279"
Thankyou Thick Baby Wipes 80 Pack,$6.00,$0.08 each,"https://cdn.metcash.media/image/upload/f_auto,c_limit,w_300,q_auto/igashop/images/20000005435"
Cottee's Plum Jam 250g,$2.75,$1.10/100g,"https://cdn.metcash.media/image/upload/f_auto,c_limit,w_300,q_auto/igashop/images/350015"
Nice & Natural Roasted Nut Bar Mixed Berry 192g,$5.50,$2.86/100g,"https://cdn.metcash.media/image/upload/f_auto,c_limit,w_300,q_auto/igashop/images/296936"
"Optimum Grain Free Wet Dog Food Salmon, Sweet Potato & Carrots 85g Tray 85g",$1.95,$2.29/100g,"https://cdn.metcash.media/image/upload/f_auto,c_limit,w_300,q_auto/igashop/images/899679"
Gaviscon Dual Action Chewable Tablets Peppermint Heartburn & Indigestion Relief 32 Pack,$15.50,$0.48 each,"https://cdn.metcash.media/image/upload/f_auto,c_limit,w_300,q_auto/igashop/images/28838"
Tommee Tippee Grown Up 1St Cutlery Set,$10.20,N/A,"https://cdn.metcash.media/image/upload/f_auto,c_limit,w_300,q_auto/igashop/images/160000018229"
Beerenberg Tartare Sauce 155g,$5.10,$3.29/100g,"https://cdn.metcash.media/image/upload/f_auto,c_limit,w_300,q_auto/igashop/images/887025"
Black & Gold Laundry Sanitiser 1kg,$3.50,$3.50/kg,"https://cdn.metcash.media/image/upload/f_auto,c_limit,w_300,q_auto/igashop/images/356980"
Meredith Dairy Marinated Goat Cheese 550g,$22.00,$4.00/100g,"https://cdn.metcash.media/image/upload/f_auto,c_limit,w_300,q_auto/igashop/images/160000000573"
J&Co Raw Cashews 400g,$13.50,$3.38/100g,"https://cdn.metcash.media/image/upload/f_auto,c_limit,w_300,q_auto/igashop/images/190000004935"
Breaka Chocolate 300mL,$2.75,$0.92/100mL,"https://cdn.metcash.media/image/upload/f_auto,c_limit,w_300,q_auto/igashop/images/160000011694"
Slape & Sons honey sausages 480g,$7.50,$1.56/100g,https://www.igashop.com.au/static/default-product-image.png
Pandaroo Prawn Crackers 200g,$1.99,$1.00/100g,"https://cdn.metcash.media/image/upload/f_auto,c_limit,w_300,q_auto/igashop/images/20000006759"
Sunbeam Nuts Australian Blanched Almonds 120g,$6.95,$5.79/100g,"https://cdn.metcash.media/image/upload/f_auto,c_limit,w_300,q_auto/igashop/images/160000018191"
Harris Smokehouse Premium Salmon 100g,$8.50,$8.50/100g,"https://cdn.metcash.media/image/upload/f_auto,c_limit,w_300,q_auto/igashop/images/180000001443"
David Grays Dust Vegetable Derris 500g,$9.00,$1.80/100g,"https://cdn.metcash.media/image/upload/f_auto,c_limit,w_300,q_auto/igashop/images/998818"
Well & Good Gluten Free Self Raising Flour 1kg,$7.00,$7.00/kg,"https://cdn.metcash.media/image/upload/f_auto,c_limit,w_300,q_auto/igashop/images/20000005740"
Carman's Grain Free Granola Almond Macadamia Cashew & Pecan 400g,$16.00,$4.00/100g,"https://cdn.metcash.media/image/upload/f_auto,c_limit,w_300,q_auto/igashop/images/180000002588"
Sara Lee Ice Cream Creamy French Vanilla 1L,$7.20,$7.20/1L,"https://cdn.metcash.media/image/upload/f_auto,c_limit,w_300,q_auto/igashop/images/101791"
Vitasoy Soy Milk Regular UHT 1L,$2.00,$2.00/1L,https://www.igashop.com.au/static/default-product-image.png
Dynamo Professional Odour Eliminating Laundry Detergent Liquid 900mL,$12.00,$1.33/100mL,"https://cdn.metcash.media/image/upload/f_auto,c_limit,w_300,q_auto/igashop/images/805772"
Black & Gold Tomato Paste 140g,$0.90,$0.64/100g,"https://cdn.metcash.media/image/upload/f_auto,c_limit,w_300,q_auto/igashop/images/98930"
Admiral Mangoes in Syrup 425g,$3.05,$0.72/100g,"https://cdn.metcash.media/image/upload/f_auto,c_limit,w_300,q_auto/igashop/images/24957"
Ben & Jerry's Ice Cream Topped Pboverthetop 436mL,$14.50,$3.33/100mL,"https://cdn.metcash.media/image/upload/f_auto,c_limit,w_300,q_auto/igashop/images/218085"
Manicare Glam Presson Nails Med French 2g,$19.40,$970.00/100g,"https://cdn.metcash.media/image/upload/f_auto,c_limit,w_300,q_auto/igashop/images/372512"
Kenilworth Dairies Mild Cheddar Cheese 250g,$8.50,$3.40/100g,"https://cdn.metcash.media/image/upload/f_auto,c_limit,w_300,q_auto/igashop/images/190000004820"
Wicked Sister Mixed Berry & Marshmallow Flavour Dessert Pot 170g,$3.00,$1.76/100g,https://www.igashop.com.au/static/default-product-image.png
JC's Sesh Snacks Desert Heat 35g,$2.55,$7.29/100g,"https://cdn.metcash.media/image/upload/f_auto,c_limit,w_300,q_auto/igashop/images/516645"
Peters Life Savers Icy Poles 8 Pack,$9.00,$1.13 each,"https://cdn.metcash.media/image/upload/f_auto,c_limit,w_300,q_auto/igashop/images/101209"
Moccona Sugar Free Caramel Latte Sachets 10 Pack,$3.95,$0.40 each,"https://cdn.metcash.media/image/upload/f_auto,c_limit,w_300,q_auto/igashop/images/1800000067709"
South Cape Herb & Garlic Cream Cheese 200g,$5.90,$2.95/100g,"https://cdn.metcash.media/image/upload/f_auto,c_limit,w_300,q_auto/igashop/images/113549"
Uncle Tobys Plus Muesli Flakes Breakfast Cereal 705g,$7.50,$1.06/100g,"https://cdn.metcash.media/image/upload/f_auto,c_limit,w_300,q_auto/igashop/images/301529"
Turkey Breast Roasted 1kg,Final cost based on weight,$27.00/$27.00,"https://cdn.metcash.media/image/upload/f_auto,c_limit,w_300,q_auto/igashop/images/80072029"
Mum Dry Roll On Cool Pink 50mL,$3.00,$6.00/100mL,"https://cdn.metcash.media/image/upload/f_auto,c_limit,w_300,q_auto/igashop/images/180000002825"
Golden Circle Beetroot Baby Whole 450g,$2.90,$0.64/100g,"https://cdn.metcash.media/image/upload/f_auto,c_limit,w_300,q_auto/igashop/images/666377"
Atkins Endulge Bar Caramel Nut Chew 34g,$3.90,$11.47/100g,"https://cdn.metcash.media/image/upload/f_auto,c_limit,w_300,q_auto/igashop/images/797369"
Fancy That Soup Roasted Tomato Soup 350g,$6.50,$1.86/100g,https://www.igashop.com.au/static/default-product-image.png
Bakers Collection Donut Cookies Strawberry 300g,$9.50,$3.17/100g,"https://cdn.metcash.media/image/upload/f_auto,c_limit,w_300,q_auto/igashop/images/20000003006"
Korbond Party Balloons Water Bombs 200 Pack,$3.15,$0.02 each,"https://cdn.metcash.media/image/upload/f_auto,c_limit,w_300,q_auto/igashop/images/266591"
Arnott's Shapes Mini Chicken Crimpy 8 Pack,$4.00,$0.50 each,"https://cdn.metcash.media/image/upload/f_auto,c_limit,w_300,q_auto/igashop/images/841760"
Nestle Kit Kat Chocolate Mini Eggs 500g,$25.50,$5.10/100g,https://www.igashop.com.au/static/default-product-image.png
Ratsak Disposable Mouse Bait Station,$11.70,N/A,"https://cdn.metcash.media/image/upload/f_auto,c_limit,w_300,q_auto/igashop/images/866430"
Community Co Jalapenos 500g,$3.50,$0.70/100g,"https://cdn.metcash.media/image/upload/f_auto,c_limit,w_300,q_auto/igashop/images/805565"
Yellow Peaches 120g,Final cost based on weight,$0.42/$3.50,"https://cdn.metcash.media/image/upload/f_auto,c_limit,w_300,q_auto/igashop/images/80060087"
TRESemmé Hair Hairspray Salon Finish 75g,$4.50,$6.00/100g,"https://cdn.metcash.media/image/upload/f_auto,c_limit,w_300,q_auto/igashop/images/359784"
The British Sausage Co Premium Beefeater BBQ Sausages 1kg,$14.50,$14.50/kg,"https://cdn.metcash.media/image/upload/f_auto,c_limit,w_300,q_auto/igashop/images/180000001325"
Cadbury Old Gold Dark Chocolate Cherry Ripe 180g,$4.00,$2.22/100g,"https://cdn.metcash.media/image/upload/f_auto,c_limit,w_300,q_auto/igashop/images/809556"
Deeko Clear Cups 20 Pack,$3.30,$0.17 each,"https://cdn.metcash.media/image/upload/f_auto,c_limit,w_300,q_auto/igashop/images/344129"
Great Temptations Mufnutz 2 Pack,$3.25,$1.63 each,https://www.igashop.com.au/static/default-product-image.png
"Rafferty's Garden Apple, Banana & Peach Baby Food 120g",$2.15,$1.79/100g,"https://cdn.metcash.media/image/upload/f_auto,c_limit,w_300,q_auto/igashop/images/345065"
Toscano Brioche Burger Buns 4 Pack,$6.30,$1.58 each,"https://cdn.metcash.media/image/upload/f_auto,c_limit,w_300,q_auto/igashop/images/20000005713"
"Streets Splice Fruit Ice Confection Refreshment Pine Lime No Artificial Colours, Flavours or Preservatives 544mL",$7.00,$1.29/100mL,"https://cdn.metcash.media/image/upload/f_auto,c_limit,w_300,q_auto/igashop/images/4779"
Praise Ranch Dressing 330mL,$3.60,$1.09/100mL,"https://cdn.metcash.media/image/upload/f_auto,c_limit,w_300,q_auto/igashop/images/482498"
Yarra Valley Hilltop Yellow There Smoothie 1L,$8.40,$8.40/1L,https://www.igashop.com.au/static/default-product-image.png
Vo5 Hairspray Firm Hold 200g,$5.50,$2.75/100g,"https://cdn.metcash.media/image/upload/f_auto,c_limit,w_300,q_auto/igashop/images/698594"
Korbond Number 4 Birthday Candle,$1.60,N/A,"https://cdn.metcash.media/image/upload/f_auto,c_limit,w_300,q_auto/igashop/images/266009"
Sorbent Hypo-Allergenic Flushable Wipes 40 Pack,$3.75,$0.09 each,"https://cdn.metcash.media/image/upload/f_auto,c_limit,w_300,q_auto/igashop/images/160000003307"
Mount Franklin Lightly Sparkling Water Lime Bottle 450mL,$3.35,$0.74/100mL,"https://cdn.metcash.media/image/upload/f_auto,c_limit,w_300,q_auto/igashop/images/386841_1"
Bref Blue Active Chlorine Rim Block Toilet Cleaner 50g,$7.00,$14.00/100g,"https://cdn.metcash.media/image/upload/f_auto,c_limit,w_300,q_auto/igashop/images/851100"
Moccona Freeze Dried Instant Coffee Classic Medium Roast 200g,$23.60,$11.80/100g,"https://cdn.metcash.media/image/upload/f_auto,c_limit,w_300,q_auto/igashop/images/11124"
Solo Energy 250mL,$2.50,$1.00/100mL,https://www.igashop.com.au/static/default-product-image.png
Tena Pads Extra Long Length 10 Pack,$6.30,$0.63 each,"https://cdn.metcash.media/image/upload/f_auto,c_limit,w_300,q_auto/igashop/images/680842"
Dine Creamy Treats Prawn & Tuna 4 Pack,$3.20,$0.80 each,"https://cdn.metcash.media/image/upload/f_auto,c_limit,w_300,q_auto/igashop/images/352978"
"San Remo Pulse Pasta Penne Peas, Lentils, Chickpeas & Borlotti Beans 250g",$4.00,$1.60/100g,"https://cdn.metcash.media/image/upload/f_auto,c_limit,w_300,q_auto/igashop/images/635232"
Nestlé KitKat Chunky Chocolate Caramel 48g,$1.50,$3.12/100g,"https://cdn.metcash.media/image/upload/f_auto,c_limit,w_300,q_auto/igashop/images/370251"
Vitasoy Milky Lite Soy Milk 1L,$2.85,$2.85/1L,"https://cdn.metcash.media/image/upload/f_auto,c_limit,w_300,q_auto/igashop/images/123900"
Cadbury Baking Melts Dark Chocolate 225g,$7.95,$3.53/100g,"https://cdn.metcash.media/image/upload/f_auto,c_limit,w_300,q_auto/igashop/images/170000001448"
Pauls Zymil Lactose Free Low Fat Dairy Milk 1L,$3.90,$3.90/1L,"https://cdn.metcash.media/image/upload/f_auto,c_limit,w_300,q_auto/igashop/images/119419"
Maggi Oyster Sauce 275mL,$3.60,$1.31/100mL,"https://cdn.metcash.media/image/upload/f_auto,c_limit,w_300,q_auto/igashop/images/61153"
Decor Double Wall Reusable Stainless Steel Flask 400mL,$17.50,$4.38/100mL,"https://cdn.metcash.media/image/upload/f_auto,c_limit,w_300,q_auto/igashop/images/880222"
Cadbury Dairy Milk Sharepack 12 Pack,$5.00,$0.42 each,"https://cdn.metcash.media/image/upload/f_auto,c_limit,w_300,q_auto/igashop/images/873518"
Baby Bellies Organic Strawberry Pick Up Sticks 16g,$3.90,$24.38/100g,"https://cdn.metcash.media/image/upload/f_auto,c_limit,w_300,q_auto/igashop/images/20000005854"
Cadbury Crunchie Egg Gift Box 169g,$13.75,$8.14/100g,"https://cdn.metcash.media/image/upload/f_auto,c_limit,w_300,q_auto/igashop/images/180000005528"
Yogo Choc Flavoured Custard 120g,$2.50,$2.08/100g,"https://cdn.metcash.media/image/upload/f_auto,c_limit,w_300,q_auto/igashop/images/160000012057"
Sara Lee Chocolate Bavarian 375g,$7.20,$1.92/100g,"https://cdn.metcash.media/image/upload/f_auto,c_limit,w_300,q_auto/igashop/images/115083"
Queensland Yoghurt Mango Yoghurt 300g,$4.00,$1.33/100g,"https://cdn.metcash.media/image/upload/f_auto,c_limit,w_300,q_auto/igashop/images/190000003942"
Wonder 5 Star Multigrain 680g,$4.90,$0.72/100g,"https://cdn.metcash.media/image/upload/f_auto,c_limit,w_300,q_auto/igashop/images/618031"
Meggles Free Range Eggs Large 600g,$9.95,$1.66/100g,"https://cdn.metcash.media/image/upload/f_auto,c_limit,w_300,q_auto/igashop/images/20000004481"
Black & Gold Whole Australian Prunes 1kg,$8.00,$8.00/kg,"https://cdn.metcash.media/image/upload/f_auto,c_limit,w_300,q_auto/igashop/images/51742"
Heinz Seriously Good Vegan Aioli 270mL,$6.00,$2.22/100mL,"https://cdn.metcash.media/image/upload/f_auto,c_limit,w_300,q_auto/igashop/images/160000012989"
Bonne Maman Chestnut Spread 370g,$7.50,$2.03/100g,"https://cdn.metcash.media/image/upload/f_auto,c_limit,w_300,q_auto/igashop/images/160000013765"
Optimum Cat Ocean Fish 1.4kg,$21.50,$15.36/kg,https://www.igashop.com.au/static/default-product-image.png
Playette Novelty Easter Rattle Socks - 3-12M,$10.00,N/A,"https://cdn.metcash.media/image/upload/f_auto,c_limit,w_300,q_auto/igashop/images/254476"
Glad To Be Green Compostable Mini 25 Pack,$3.90,$0.16 each,"https://cdn.metcash.media/image/upload/f_auto,c_limit,w_300,q_auto/igashop/images/675889"
Coyo Coconut Yoghurt Natural 500g,$9.50,$1.90/100g,"https://cdn.metcash.media/image/upload/f_auto,c_limit,w_300,q_auto/igashop/images/887436"
MasterFoods Lemon Butter Spread 280g,$3.75,$1.34/100g,"https://cdn.metcash.media/image/upload/f_auto,c_limit,w_300,q_auto/igashop/images/32594"
Tamar Valley Dairy Kids Greek Yoghurt Vanilla Pouch 110g,$2.50,$2.27/100g,"https://cdn.metcash.media/image/upload/f_auto,c_limit,w_300,q_auto/igashop/images/663138"
Kirks Sugar Free Creaming Soda Multipack Cans Soft Drink 375mL 10 Pack,$15.00,$1.50 each,"https://cdn.metcash.media/image/upload/f_auto,c_limit,w_300,q_auto/igashop/images/885138_1"
All The Graze Camembert 125g,$6.50,$5.20/100g,https://www.igashop.com.au/static/default-product-image.png
Cadbury Mini Eggs Easter Giftbox 246g,$13.25,$5.39/100g,"https://cdn.metcash.media/image/upload/f_auto,c_limit,w_300,q_auto/igashop/images/354527"
Great Temptations Orange Poppyseed Muffins 6 Pack,$9.20,$1.53 each,"https://cdn.metcash.media/image/upload/f_auto,c_limit,w_300,q_auto/igashop/images/20000000712"
Smith's Chips Fun Mix Variety Multipack 20 Pack,$8.00,$0.40 each,"https://cdn.metcash.media/image/upload/f_auto,c_limit,w_300,q_auto/igashop/images/702584"
V.I.P. Chunkers Lamb 1kg,$6.50,$6.50/kg,"https://cdn.metcash.media/image/upload/f_auto,c_limit,w_300,q_auto/igashop/images/182137"
Optimum Wet Dog Food With Lamb & Rice Trays 6 Pack,$10.50,$1.75 each,"https://cdn.metcash.media/image/upload/f_auto,c_limit,w_300,q_auto/igashop/images/961667"
Renuzit Air Freshener Sensitive Pure Ocean Breeze 198g,$3.50,$1.77/100g,"https://cdn.metcash.media/image/upload/f_auto,c_limit,w_300,q_auto/igashop/images/977008"
Robert Timms Coffee Bags Intense 28 Pack,$13.50,$0.48 each,"https://cdn.metcash.media/image/upload/f_auto,c_limit,w_300,q_auto/igashop/images/236583"
Ayam Original Thai Sweet Chilli Sauce 435mL,$5.30,$1.22/100mL,"https://cdn.metcash.media/image/upload/f_auto,c_limit,w_300,q_auto/igashop/images/190000001747"
Gillette Solo H+20 20 Pack,$16.55,$0.83 each,"https://cdn.metcash.media/image/upload/f_auto,c_limit,w_300,q_auto/igashop/images/245948"
Earth Choice Shower Cleaner 600mL,$4.40,$0.73/100mL,"https://cdn.metcash.media/image/upload/f_auto,c_limit,w_300,q_auto/igashop/images/346870"
Oral-B Stages 2 2-4 Years Extra Soft Disney Junior Mickey Toothbrush,$1.75,N/A,"https://cdn.metcash.media/image/upload/f_auto,c_limit,w_300,q_auto/igashop/images/609618"
V8 Juice Tropical 1.25L,$2.75,$2.20/1L,"https://cdn.metcash.media/image/upload/f_auto,c_limit,w_300,q_auto/igashop/images/380023"
Philips LED Stick Globe 9.5W ES Warm White,$12.00,N/A,"https://cdn.metcash.media/image/upload/f_auto,c_limit,w_300,q_auto/igashop/images/721669"
Dare Iced Coffee Espresso 500mL,$2.95,$0.59/100mL,"https://cdn.metcash.media/image/upload/f_auto,c_limit,w_300,q_auto/igashop/images/872766"
"Pedigree Wet Dog Food Lamb, Pasta & Veggies Homestyle 1.2kg",$4.50,$3.75/kg,"https://cdn.metcash.media/image/upload/f_auto,c_limit,w_300,q_auto/igashop/images/616788"
Moondarra Honey & Pistachio Cream Cheese 120g,$3.90,$3.25/100g,"https://cdn.metcash.media/image/upload/f_auto,c_limit,w_300,q_auto/igashop/images/8200"
Sensodyne Sens & Enamel Fresh Mint 100g,$7.35,$7.35/100g,https://www.igashop.com.au/static/default-product-image.png
Peters Original Twin Pole Vanilla Choc 8 Pack,$4.00,$0.50 each,"https://cdn.metcash.media/image/upload/f_auto,c_limit,w_300,q_auto/igashop/images/20000004132"
Nerada Tea Bags 100 Pack,$5.60,$0.06 each,"https://cdn.metcash.media/image/upload/f_auto,c_limit,w_300,q_auto/igashop/images/180000000169"
Carrots 170g,Final cost based on weight,$0.43/$2.50,"https://cdn.metcash.media/image/upload/f_auto,c_limit,w_300,q_auto/igashop/images/80060016"
L'Oréal Paris Excellence Crème 5.3 Golden Brown Hair Colour,$20.00,N/A,"https://cdn.metcash.media/image/upload/f_auto,c_limit,w_300,q_auto/igashop/images/190000000534"
Stockman's Fresh Eggs Jumbo 800g,$7.95,$0.99/100g,"https://cdn.metcash.media/image/upload/f_auto,c_limit,w_300,q_auto/igashop/images/190000009750"
Summer Snow Sparkling Packham Pear Juice 750mL,$6.50,$0.87/100mL,"https://cdn.metcash.media/image/upload/f_auto,c_limit,w_300,q_auto/igashop/images/20000005969"
Black & Gold Straight Cut Potato Chips 1kg,$3.80,$3.80/kg,"https://cdn.metcash.media/image/upload/f_auto,c_limit,w_300,q_auto/igashop/images/121911"
Dari’s Hearty Chicken Soup 550g,$7.50,$1.36/100g,"https://cdn.metcash.media/image/upload/f_auto,c_limit,w_300,q_auto/igashop/images/190000001243"
Ecostore Laundry Liquid Ultra Sensitive 1L,$10.00,$10.00/1L,"https://cdn.metcash.media/image/upload/f_auto,c_limit,w_300,q_auto/igashop/images/9800"
Neutrogena Hydro Boost Hyaluronic Acid Night Cream 50g,$38.00,$76.00/100g,"https://cdn.metcash.media/image/upload/f_auto,c_limit,w_300,q_auto/igashop/images/31556"
Uncle Tobys Cheerios Honey Wholegrain Breakfast Cereal 520g,$5.80,$1.12/100g,"https://cdn.metcash.media/image/upload/f_auto,c_limit,w_300,q_auto/igashop/images/302180"
U by Kotex Nude in Black Liners 30 Pack,$3.95,$0.13 each,"https://cdn.metcash.media/image/upload/f_auto,c_limit,w_300,q_auto/igashop/images/674029"
Kraft Singles Original 648g,$12.65,$1.95/100g,"https://cdn.metcash.media/image/upload/f_auto,c_limit,w_300,q_auto/igashop/images/160000018167"
Black & Gold French Fries 1kg,$3.80,$3.80/kg,"https://cdn.metcash.media/image/upload/f_auto,c_limit,w_300,q_auto/igashop/images/152695"
Kenilworth Choc Mint Mousse 170g,$4.95,$2.91/100g,"https://cdn.metcash.media/image/upload/f_auto,c_limit,w_300,q_auto/igashop/images/20000005904"
Your Bakery Mini Croissant 8 Pack,$4.75,$0.59 each,"https://cdn.metcash.media/image/upload/f_auto,c_limit,w_300,q_auto/igashop/images/609414"
Earth Choice Floor Cleaner Wooden Surface 750mL,$5.00,$0.67/100mL,"https://cdn.metcash.media/image/upload/f_auto,c_limit,w_300,q_auto/igashop/images/363615"
Listerine Original Antiseptic Mouthwash 500mL,$6.50,$1.30/100mL,"https://cdn.metcash.media/image/upload/f_auto,c_limit,w_300,q_auto/igashop/images/9363"
Black & Gold Mixed Vegetables 1kg,$2.80,$2.80/kg,"https://cdn.metcash.media/image/upload/f_auto,c_limit,w_300,q_auto/igashop/images/121945"
Calbee Hooleys Waves Barbecue Flavour 95g,$4.00,$4.21/100g,"https://cdn.metcash.media/image/upload/f_auto,c_limit,w_300,q_auto/igashop/images/558524"
Glad Bag Wavetop Colour Large 24 Pack,$4.40,$0.18 each,"https://cdn.metcash.media/image/upload/f_auto,c_limit,w_300,q_auto/igashop/images/326155"
Chupa Chup Lollipops The Best Of 25 Pack,$6.25,$0.25 each,"https://cdn.metcash.media/image/upload/f_auto,c_limit,w_300,q_auto/igashop/images/415108"
Gillette Venus Satin Care Shaving Gel Sensitive Skin 195g,$8.00,$4.10/100g,"https://cdn.metcash.media/image/upload/f_auto,c_limit,w_300,q_auto/igashop/images/473164"
Fairy Ultra Concentrate Lemon Dishwashing Liquid 495mL,$6.50,$1.31/100mL,"https://cdn.metcash.media/image/upload/f_auto,c_limit,w_300,q_auto/igashop/images/170000004452"
Chobani Yoghurt Pots Plain Greek 170g,$2.60,$1.53/100g,"https://cdn.metcash.media/image/upload/f_auto,c_limit,w_300,q_auto/igashop/images/180000000011"
Dove Men Deodorant Roll On Clean Comfort 50mL,$6.00,$12.00/100mL,"https://cdn.metcash.media/image/upload/f_auto,c_limit,w_300,q_auto/igashop/images/180000005880"
Kraft Mac & Cheese Original Pasta 4 Pack 205g,$3.50,$1.71/100g,"https://cdn.metcash.media/image/upload/f_auto,c_limit,w_300,q_auto/igashop/images/980022"
Kimura Giant Ramune Melon Flavour 410mL,$3.99,$0.97/100mL,"https://cdn.metcash.media/image/upload/f_auto,c_limit,w_300,q_auto/igashop/images/190000002230"
Dollar Sweets Freeze Dried Rainbow Crunchies 100g,$5.10,$5.10/100g,https://www.igashop.com.au/static/default-product-image.png
Rafferty's Garden Chicken Vegetable & Rice 120g,$2.15,$1.79/100g,"https://cdn.metcash.media/image/upload/f_auto,c_limit,w_300,q_auto/igashop/images/24766"
SunRice Brown Rice Chips Smokehouse BBQ & Paprika 150g,$5.50,$3.67/100g,"https://cdn.metcash.media/image/upload/f_auto,c_limit,w_300,q_auto/igashop/images/160000004661"
Bref Power Active Lavender Field Rim Block Toilet Cleaner 50g,$3.50,$7.00/100g,"https://cdn.metcash.media/image/upload/f_auto,c_limit,w_300,q_auto/igashop/images/851171"
Nestlé Plaistowe 70% Cocoa Baking Chocolate Block 180g,$8.00,$4.44/100g,"https://cdn.metcash.media/image/upload/f_auto,c_limit,w_300,q_auto/igashop/images/582214"
Huggies Diaper Pants Size 5 Girl Jumbo 54 Pack,$33.50,$0.62 each,"https://cdn.metcash.media/image/upload/f_auto,c_limit,w_300,q_auto/igashop/images/1800000067625"
Suimin Oriental Chicken Cup 70g,$2.40,$3.43/100g,"https://cdn.metcash.media/image/upload/f_auto,c_limit,w_300,q_auto/igashop/images/640321"
Lindt Gold Bunny Hazelnut Chocolate Easter 100g,$12.00,$12.00/100g,"https://cdn.metcash.media/image/upload/f_auto,c_limit,w_300,q_auto/igashop/images/167836"
Korbond Christmas Handcrafted Mini Cards 24 Pack,$1.00,$0.04 each,"https://cdn.metcash.media/image/upload/f_auto,c_limit,w_300,q_auto/igashop/images/990378"
Nanna's Secret Recipe Salted Caramel 4 Pack,$6.50,$1.63 each,https://www.igashop.com.au/static/default-product-image.png
Fancy Feast Adult Cat Food Chicken Turkey & Vegtables 450g,$5.20,$1.16/100g,"https://cdn.metcash.media/image/upload/f_auto,c_limit,w_300,q_auto/igashop/images/55393"
Youfoodz Juice Thanks A Melon 350mL,$4.40,$1.26/100mL,"https://cdn.metcash.media/image/upload/f_auto,c_limit,w_300,q_auto/igashop/images/180000006563"
Grinders Café-Q Cremello Coffee Beans 500g,$32.00,$6.40/100g,"https://cdn.metcash.media/image/upload/f_auto,c_limit,w_300,q_auto/igashop/images/239285"
Tena Discreet High Waist Underwear Creme Super Medium 9 Pack,$19.80,$2.20 each,"https://cdn.metcash.media/image/upload/f_auto,c_limit,w_300,q_auto/igashop/images/686987"
Heinz Seriously Good Peri Peri Spicy Mayonnaise 295mL,$7.00,$2.37/100mL,"https://cdn.metcash.media/image/upload/f_auto,c_limit,w_300,q_auto/igashop/images/160000012982"
Optimum Grain Free Kangaroo & Vegetables Wet Dog Food Tray 100g,$1.90,$1.90/100g,"https://cdn.metcash.media/image/upload/f_auto,c_limit,w_300,q_auto/igashop/images/897554_1"
MasterFoods Ready in 15 Minutes Creamy Chicken & Mushroom Recipe Base 175g,$2.70,$1.54/100g,"https://cdn.metcash.media/image/upload/f_auto,c_limit,w_300,q_auto/igashop/images/160000000234"
Catsan Cat Litter Ultra 7kg,$17.00,$2.43/kg,"https://cdn.metcash.media/image/upload/f_auto,c_limit,w_300,q_auto/igashop/images/458944"
Wattle Valley Fig Paste 100g,$6.50,$6.50/100g,"https://cdn.metcash.media/image/upload/f_auto,c_limit,w_300,q_auto/igashop/images/160000012883"
Tamar Valley Dairy Kids Greek Yoghurt Blueberry Pouch 110g,$2.50,$2.27/100g,"https://cdn.metcash.media/image/upload/f_auto,c_limit,w_300,q_auto/igashop/images/458999"
Twinings Earl Grey Tea Bags 10 Pack,$3.00,$0.30 each,"https://cdn.metcash.media/image/upload/f_auto,c_limit,w_300,q_auto/igashop/images/15877"
Kinder Joy Toys Easter 20g,$1.22,$6.10/100g,"https://cdn.metcash.media/image/upload/f_auto,c_limit,w_300,q_auto/igashop/images/875675"
Black & Gold Plain Flour 1kg,$1.30,$1.30/kg,"https://cdn.metcash.media/image/upload/f_auto,c_limit,w_300,q_auto/igashop/images/38079"
Redds Beer Cups 25 Pack,$4.55,$0.18 each,"https://cdn.metcash.media/image/upload/f_auto,c_limit,w_300,q_auto/igashop/images/20000003898"
K-9 Cuisine Five Meats Dog Food 720g,$2.60,$0.36/100g,"https://cdn.metcash.media/image/upload/f_auto,c_limit,w_300,q_auto/igashop/images/317046"
Selleys Glue Fix & Go Glue 2 Pack,$5.95,$2.98 each,https://www.igashop.com.au/static/default-product-image.png
Sandhurst Crushed Garlic 220g,$3.70,$1.68/100g,"https://cdn.metcash.media/image/upload/f_auto,c_limit,w_300,q_auto/igashop/images/190000004803"
Cold Power Advanced Clean Cold Water Enzyme Liquid Laundry Detergent 2L,$12.00,$6.00/1L,"https://cdn.metcash.media/image/upload/f_auto,c_limit,w_300,q_auto/igashop/images/805243"
Vicks VapoDrops Cough Honey Lemon Menthol 16 Pack,$6.50,$0.41 each,"https://cdn.metcash.media/image/upload/f_auto,c_limit,w_300,q_auto/igashop/images/799476"
Multix Freezer Bags Medium 80 Pack,$3.00,$0.04 each,"https://cdn.metcash.media/image/upload/f_auto,c_limit,w_300,q_auto/igashop/images/50097"
Colgate Toothpaste Advanced Whitening Purple 120g,$11.00,$9.17/100g,"https://cdn.metcash.media/image/upload/f_auto,c_limit,w_300,q_auto/igashop/images/186178"
Lifestyle Gluten Free Chocolate Hot Cross Buns 210g,$6.10,$2.90/100g,https://www.igashop.com.au/static/default-product-image.png
Pink Lady Apples 200g,Final cost based on weight,$1.70/$8.50,"https://cdn.metcash.media/image/upload/f_auto,c_limit,w_300,q_auto/igashop/images/80060028"
South Cape Brie Wheel 125g,$4.60,$3.68/100g,https://www.igashop.com.au/static/default-product-image.png
Cadbury Assorted Cupcakes 6 Pack,$10.00,$1.67 each,"https://cdn.metcash.media/image/upload/f_auto,c_limit,w_300,q_auto/igashop/images/809132"
Rexona Deodorant Aerosol Wild Rose 230mL,$6.25,$2.72/100mL,"https://cdn.metcash.media/image/upload/f_auto,c_limit,w_300,q_auto/igashop/images/1800000067822"
Bulla Creamy Classics Vanilla Sundae Cone 4 Pack,$12.75,$3.19 each,"https://cdn.metcash.media/image/upload/f_auto,c_limit,w_300,q_auto/igashop/images/1800000067418"
Pepsi Soda Cans 6 Pack,$6.00,$1.00 each,"https://cdn.metcash.media/image/upload/f_auto,c_limit,w_300,q_auto/igashop/images/219293"
SunRice Heat & Serve Rice & Quinoa 250g,$3.50,$1.40/100g,"https://cdn.metcash.media/image/upload/f_auto,c_limit,w_300,q_auto/igashop/images/118450"
Sandhurst Olives Green Pitted 350g,$4.45,$1.27/100g,"https://cdn.metcash.media/image/upload/f_auto,c_limit,w_300,q_auto/igashop/images/20000006784"
Rokeby Protein Smoothie Vanilla Wafer 425mL,$4.40,$1.04/100mL,"https://cdn.metcash.media/image/upload/f_auto,c_limit,w_300,q_auto/igashop/images/150000007974"
Global Seafoods Hoki Fillets 600g,$15.30,$2.55/100g,"https://cdn.metcash.media/image/upload/f_auto,c_limit,w_300,q_auto/igashop/images/20000005237"
Sunny Brand Dumplings Pork Ginger 300g,$12.50,$4.17/100g,"https://cdn.metcash.media/image/upload/f_auto,c_limit,w_300,q_auto/igashop/images/20000005143"
Pascall Pineapple Lumps 185g,$3.50,$1.89/100g,"https://cdn.metcash.media/image/upload/f_auto,c_limit,w_300,q_auto/igashop/images/311176"
Cottee's Ice Magic Chocolate Ice Cream Topping 220g,$4.90,$2.23/100g,"https://cdn.metcash.media/image/upload/f_auto,c_limit,w_300,q_auto/igashop/images/51645"
Pedigree Loaf With Five Kinds Of Meat Wet Dog Food Can 1.2kg,$4.50,$3.75/kg,"https://cdn.metcash.media/image/upload/f_auto,c_limit,w_300,q_auto/igashop/images/307177"
Nescafe Blend 43 Coffee Original 400g,$19.50,$4.88/100g,"https://cdn.metcash.media/image/upload/f_auto,c_limit,w_300,q_auto/igashop/images/617784"
Sard Washing Machine Cleaner 5 In 1 Deep Clean Action 2 Pack,$10.00,$5.00 each,"https://cdn.metcash.media/image/upload/f_auto,c_limit,w_300,q_auto/igashop/images/934034"
Chris' Three Olive Dip 200g,$4.75,$2.38/100g,"https://cdn.metcash.media/image/upload/f_auto,c_limit,w_300,q_auto/igashop/images/167462"
Energizer Lithium Ultimate AA Batteries 4 Pack,$25.00,$6.25 each,"https://cdn.metcash.media/image/upload/f_auto,c_limit,w_300,q_auto/igashop/images/213564"
SPC Fruit Sliced Peach In 25% Less Sugar 400g,$3.25,$0.81/100g,"https://cdn.metcash.media/image/upload/f_auto,c_limit,w_300,q_auto/igashop/images/783653"
Community Co Sweet & Crunchy Salad Mix 275g,$3.90,$1.42/100g,"https://cdn.metcash.media/image/upload/f_auto,c_limit,w_300,q_auto/igashop/images/504672"
Energizer 3V Lithium Batteries 4 Pack,$17.40,$4.35 each,"https://cdn.metcash.media/image/upload/f_auto,c_limit,w_300,q_auto/igashop/images/20000007341"
Optimum Adult With Chicken & Rice Wet Dog Food 100g,$1.50,$1.50/100g,"https://cdn.metcash.media/image/upload/f_auto,c_limit,w_300,q_auto/igashop/images/349970_1"
Ardmona Pie Fruit Apples Sliced 800g,$5.50,$0.69/100g,"https://cdn.metcash.media/image/upload/f_auto,c_limit,w_300,q_auto/igashop/images/350811"
Foster Clarks Seriously Creamy Egg Custard Powder Mix 75g,$3.50,$4.67/100g,"https://cdn.metcash.media/image/upload/f_auto,c_limit,w_300,q_auto/igashop/images/190000003616"
Farmers Union Greek Style Yogurt Vanilla Pouch 130g,$2.15,$1.65/100g,"https://cdn.metcash.media/image/upload/f_auto,c_limit,w_300,q_auto/igashop/images/944209"
Black & Gold Instant Full Cream Milk Powder 1kg,$10.50,$10.50/kg,"https://cdn.metcash.media/image/upload/f_auto,c_limit,w_300,q_auto/igashop/images/20000003485"
Praise Aioli Mayonnaise Deli Style Chipotle 250g,$4.50,$1.80/100g,"https://cdn.metcash.media/image/upload/f_auto,c_limit,w_300,q_auto/igashop/images/402118"
NIVEA Essential Care Lip Care,$3.00,N/A,"https://cdn.metcash.media/image/upload/f_auto,c_limit,w_300,q_auto/igashop/images/190000001734"
Youfoodz Banana Mango Smoothie 350mL,$4.40,$1.26/100mL,"https://cdn.metcash.media/image/upload/f_auto,c_limit,w_300,q_auto/igashop/images/20000002087"
BIC Ball Point Pen Shine 4 Colour,$4.50,N/A,"https://cdn.metcash.media/image/upload/f_auto,c_limit,w_300,q_auto/igashop/images/632674"
Golden Days Sesame Snaps Dark Chocolate 40g,$1.12,$2.80/100g,"https://cdn.metcash.media/image/upload/f_auto,c_limit,w_300,q_auto/igashop/images/20000004016"
Goulburn Valley Mango in Juice 685g,$6.60,$0.96/100g,"https://cdn.metcash.media/image/upload/f_auto,c_limit,w_300,q_auto/igashop/images/72617"
Gippsland Dairy Passionfruit Twist 700g,$7.90,$1.13/100g,"https://cdn.metcash.media/image/upload/f_auto,c_limit,w_300,q_auto/igashop/images/873770"
Connoisseur Roasted Hazelnut Ice Cream 4 Pack,$5.50,$1.38 each,"https://cdn.metcash.media/image/upload/f_auto,c_limit,w_300,q_auto/igashop/images/20000006562"
Atkins Chocolate Shake 330mL,$4.80,$1.45/100mL,"https://cdn.metcash.media/image/upload/f_auto,c_limit,w_300,q_auto/igashop/images/938318"
Vimto Fruit Squash Cordial 1L,$7.50,$7.50/1L,"https://cdn.metcash.media/image/upload/f_auto,c_limit,w_300,q_auto/igashop/images/150000007911"
Life Savers Fruit Tingles Foiled Solid Eggs 110g,$7.50,$6.82/100g,"https://cdn.metcash.media/image/upload/f_auto,c_limit,w_300,q_auto/igashop/images/368314"
Slape & Sons Hot & Spicy Continental Sausages 480g,$9.50,$1.98/100g,"https://cdn.metcash.media/image/upload/f_auto,c_limit,w_300,q_auto/igashop/images/20000004965"
McKenzie's Gelatine Sachets 20g,$5.65,$28.25/100g,"https://cdn.metcash.media/image/upload/f_auto,c_limit,w_300,q_auto/igashop/images/359991"
French Fries Salt & Vinegar Crunchy Potato Straws 175g,$3.00,$1.71/100g,"https://cdn.metcash.media/image/upload/f_auto,c_limit,w_300,q_auto/igashop/images/160000012825"
The Paw Grocer Tea Time Peanut Butter Bikkies Dog Treats 150g,$10.25,$6.83/100g,"https://cdn.metcash.media/image/upload/f_auto,c_limit,w_300,q_auto/igashop/images/829488"
Continental Simmer Soup Salt Reduced French Onion 35g,$1.20,$3.43/100g,"https://cdn.metcash.media/image/upload/f_auto,c_limit,w_300,q_auto/igashop/images/430823"
Rennie Indigestion and Heartburn Relief Spearmint Chewable Tablets 24 Pack,$4.90,$0.20 each,"https://cdn.metcash.media/image/upload/f_auto,c_limit,w_300,q_auto/igashop/images/653845"
Haagen-Dazs Vanilla Ice Cream 457mL,$7.95,$1.74/100mL,"https://cdn.metcash.media/image/upload/f_auto,c_limit,w_300,q_auto/igashop/images/650478"
Fussy Cat Twice as Tasty Mince & Morsels Wet Cat Food 12 Pack,$11.00,$0.92 each,"https://cdn.metcash.media/image/upload/f_auto,c_limit,w_300,q_auto/igashop/images/180000001114"
Robert Timms Cafe Series Instant Freeze Dried Coffee Dark 90g,$11.20,$12.44/100g,"https://cdn.metcash.media/image/upload/f_auto,c_limit,w_300,q_auto/igashop/images/630965"
TRESemmé Conditioner Smooth & Silky 350mL,$4.25,$1.21/100mL,https://www.igashop.com.au/static/default-product-image.png
Community Co Ciabatta Loaf 350g,$4.50,$1.29/100g,"https://cdn.metcash.media/image/upload/f_auto,c_limit,w_300,q_auto/igashop/images/320188"
Prinetti Slow Cooker 3L,$30.00,N/A,"https://cdn.metcash.media/image/upload/f_auto,c_limit,w_300,q_auto/igashop/images/611335"
